<?xml version="1.0" encoding="UTF-8"?>
<!DOCTYPE html PUBLIC "-//W3C//DTD XHTML 1.0 Transitional//EN"
    "http://www.w3.org/TR/xhtml1/DTD/xhtml1-transitional.dtd">
<html xmlns="http://www.w3.org/1999/xhtml" xml:lang="en" lang="en">
 <head>
  <title>
</title>
<meta http-equiv="Content-Type" content="text/html;charset=utf-8" />
  <meta name='ocr-system' content='tesseract 3.04.00' />
  <meta name='ocr-capabilities' content='ocr_page ocr_carea ocr_par ocr_line ocrx_word'/>
</head>
<body>
  <div class='ocr_page' id='page_1' title='image "annalesacademiae33rhen_0404.png"; bbox 0 0 1502 2767; ppageno 0'>
   <div class='ocr_carea' id='block_1_1' title="bbox 170 179 1060 220">
    <p class='ocr_par' dir='ltr' id='par_1_1' title="bbox 170 179 1060 220">
     <span class='ocr_line' id='line_1_1' title="bbox 170 179 1060 220; baseline -0.002 -1"><span class='ocrx_word' id='word_1_1' title='bbox 170 194 254 219; x_wconf 19' lang='lat'>⁷¹20</span> <span class='ocrx_word' id='word_1_2' title='bbox 403 179 1060 220; x_wconf 85' lang='lat' dir='ltr'><strong>COMMENTATIO</strong></span> 
     </span>
    </p>
   </div>
   <div class='ocr_carea' id='block_1_2' title="bbox 142 410 176 445">
    <p class='ocr_par' dir='ltr' id='par_1_2' title="bbox 142 410 176 445">
     <span class='ocr_line' id='line_1_2' title="bbox 142 410 176 445; baseline 0 0"><span class='ocrx_word' id='word_1_3' title='bbox 142 410 176 445; x_wconf 55' lang='grc' dir='ltr'>ί</span> 
     </span>
    </p>
   </div>
   <div class='ocr_carea' id='block_1_3' title="bbox 183 285 1301 1458">
    <p class='ocr_par' dir='ltr' id='par_1_3' title="bbox 183 285 1301 1458">
     <span class='ocr_line' id='line_1_3' title="bbox 186 285 1286 337; baseline 0 -10"><span class='ocrx_word' id='word_1_4' title='bbox 186 300 294 327; x_wconf 87' lang='lat' dir='ltr'>tarem</span> <span class='ocrx_word' id='word_1_5' title='bbox 345 289 539 328; x_wconf 80' lang='lat' dir='ltr'>instituant</span> <span class='ocrx_word' id='word_1_6' title='bbox 579 298 614 326; x_wconf 90' lang='lat' dir='ltr'>et</span> <span class='ocrx_word' id='word_1_7' title='bbox 653 289 748 326; x_wconf 84' lang='lat' dir='ltr'>alant</span> <span class='ocrx_word' id='word_1_8' title='bbox 786 289 883 337; x_wconf 78' lang='grc' dir='ltr'>(ι),</span> <span class='ocrx_word' id='word_1_9' title='bbox 924 298 992 326; x_wconf 90' lang='lat' dir='ltr'>nec</span> <span class='ocrx_word' id='word_1_10' title='bbox 1027 287 1092 335; x_wconf 90' lang='lat' dir='ltr'>qui</span> <span class='ocrx_word' id='word_1_11' title='bbox 1137 285 1286 327; x_wconf 86' lang='lat' dir='ltr'>militiae</span> 
     </span>
     <span class='ocr_line' id='line_1_4' title="bbox 183 357 1288 408; baseline -0.002 -10"><span class='ocrx_word' id='word_1_12' title='bbox 183 371 318 398; x_wconf 84' lang='lat' dir='ltr'>nomen</span> <span class='ocrx_word' id='word_1_13' title='bbox 347 359 620 408; x_wconf 79' lang='lat' dir='ltr'>profiteantur3</span> <span class='ocrx_word' id='word_1_14' title='bbox 649 359 766 396; x_wconf 90' lang='lat' dir='ltr'>multo</span> <span class='ocrx_word' id='word_1_15' title='bbox 789 357 903 407; x_wconf 85' lang='lat' dir='ltr'>magis</span> <span class='ocrx_word' id='word_1_16' title='bbox 928 357 1129 395; x_wconf 84' lang='lat' dir='ltr'>laudandos</span> <span class='ocrx_word' id='word_1_17' title='bbox 1154 366 1189 396; x_wconf 90' lang='lat' dir='ltr'>et</span> <span class='ocrx_word' id='word_1_18' title='bbox 1218 359 1288 396; x_wconf 84' lang='lat' dir='ltr'>ho·</span> 
     </span>
     <span class='ocr_line' id='line_1_5' title="bbox 184 428 1290 477; baseline -0.001 -9"><span class='ocrx_word' id='word_1_19' title='bbox 184 441 275 468; x_wconf 89' lang='lat' dir='ltr'>nore</span> <span class='ocrx_word' id='word_1_20' title='bbox 316 429 627 477; x_wconf 87' lang='lat' dir='ltr'>prosequendos,</span> <span class='ocrx_word' id='word_1_21' title='bbox 678 428 817 477; x_wconf 82' lang='lat' dir='ltr'>quippe</span> <span class='ocrx_word' id='word_1_22' title='bbox 844 428 1008 476; x_wconf 82' lang='lat' dir='ltr'>quibus,</span> <span class='ocrx_word' id='word_1_23' title='bbox 1039 429 1217 467; x_wconf 81' lang='lat' dir='ltr'>molestae</span> <span class='ocrx_word' id='word_1_24' title='bbox 1251 437 1290 467; x_wconf 84' lang='lat' dir='ltr'>et</span> 
     </span>
     <span class='ocr_line' id='line_1_6' title="bbox 185 496 1291 546; baseline -0.003 -8"><span class='ocrx_word' id='word_1_25' title='bbox 185 501 295 538; x_wconf 88' lang='lat' dir='ltr'>durae</span> <span class='ocrx_word' id='word_1_26' title='bbox 322 498 418 537; x_wconf 88' lang='lat' dir='ltr'>vitae</span> <span class='ocrx_word' id='word_1_27' title='bbox 450 497 584 536; x_wconf 83' lang='lat' dir='ltr'>rationi</span> <span class='ocrx_word' id='word_1_28' title='bbox 621 498 770 535; x_wconf 89' lang='lat' dir='ltr'>nomine</span> <span class='ocrx_word' id='word_1_29' title='bbox 806 498 920 546; x_wconf 81' lang='lat' dir='ltr'>dato,</span> <span class='ocrx_word' id='word_1_30' title='bbox 971 499 1086 536; x_wconf 85' lang='lat' dir='ltr'>multa</span> <span class='ocrx_word' id='word_1_31' title='bbox 1121 498 1198 546; x_wconf 89' lang='lat' dir='ltr'>pati</span> <span class='ocrx_word' id='word_1_32' title='bbox 1233 496 1291 536; x_wconf 88' lang='lat' dir='ltr'>in·</span> 
     </span>
     <span class='ocr_line' id='line_1_7' title="bbox 184 566 1294 616; baseline -0.001 -10"><span class='ocrx_word' id='word_1_33' title='bbox 184 568 326 606; x_wconf 83' lang='lat' dir='ltr'>cumbit</span> <span class='ocrx_word' id='word_1_34' title='bbox 354 577 390 606; x_wconf 93' lang='lat' dir='ltr'>et</span> <span class='ocrx_word' id='word_1_35' title='bbox 423 566 613 616; x_wconf 84' lang='lat' dir='ltr'>perferre,</span> <span class='ocrx_word' id='word_1_36' title='bbox 640 567 767 604; x_wconf 90' lang='lat' dir='ltr'>multis</span> <span class='ocrx_word' id='word_1_37' title='bbox 803 566 897 605; x_wconf 89' lang='lat' dir='ltr'>vitae</span> <span class='ocrx_word' id='word_1_38' title='bbox 931 567 1175 606; x_wconf 81' lang='lat' dir='ltr'>suavitatibus</span> <span class='ocrx_word' id='word_1_39' title='bbox 1193 578 1294 606; x_wconf 90' lang='lat' dir='ltr'>care-</span> 
     </span>
     <span class='ocr_line' id='line_1_8' title="bbox 187 636 1294 686; baseline 0.001 -12"><span class='ocrx_word' id='word_1_40' title='bbox 187 649 252 684; x_wconf 86' lang='lat' dir='ltr'>re,</span> <span class='ocrx_word' id='word_1_41' title='bbox 287 636 399 675; x_wconf 80' lang='lat' dir='ltr'>vitam</span> <span class='ocrx_word' id='word_1_42' title='bbox 426 638 559 684; x_wconf 69' lang='lat' dir='ltr'>quavis</span> <span class='ocrx_word' id='word_1_43' title='bbox 587 637 679 675; x_wconf 69' lang='lat' dir='ltr'>horst</span> <span class='ocrx_word' id='word_1_44' title='bbox 705 636 743 674; x_wconf 89' lang='lat' dir='ltr'>in</span> <span class='ocrx_word' id='word_1_45' title='bbox 773 636 970 675; x_wconf 83' lang='lat' dir='ltr'>discrimen</span> <span class='ocrx_word' id='word_1_46' title='bbox 1001 637 1207 686; x_wconf 85' lang='lat' dir='ltr'>adducere,</span> <span class='ocrx_word' id='word_1_47' title='bbox 1236 636 1294 675; x_wconf 89' lang='lat' dir='ltr'>id·</span> 
     </span>
     <span class='ocr_line' id='line_1_9' title="bbox 187 706 1294 757; baseline 0.002 -13"><span class='ocrx_word' id='word_1_48' title='bbox 187 718 262 755; x_wconf 89' lang='lat' dir='ltr'>que</span> <span class='ocrx_word' id='word_1_49' title='bbox 290 707 339 744; x_wconf 90' lang='lat' dir='ltr'>ob</span> <span class='ocrx_word' id='word_1_50' title='bbox 371 706 623 757; x_wconf 89' lang='lat' dir='ltr'>gravissimam</span> <span class='ocrx_word' id='word_1_51' title='bbox 648 717 724 745; x_wconf 89' lang='lat' dir='ltr'>eam</span> <span class='ocrx_word' id='word_1_52' title='bbox 761 718 908 745; x_wconf 88' lang='lat' dir='ltr'>causam</span> <span class='ocrx_word' id='word_1_53' title='bbox 926 735 940 755; x_wconf 85' lang='lat'><strong>,</strong></span> <span class='ocrx_word' id='word_1_54' title='bbox 974 716 1016 744; x_wconf 92' lang='lat' dir='ltr'>ut</span> <span class='ocrx_word' id='word_1_55' title='bbox 1048 707 1186 756; x_wconf 86' lang='lat' dir='ltr'>patriae</span> <span class='ocrx_word' id='word_1_56' title='bbox 1208 707 1294 756; x_wconf 77' lang='lat' dir='ltr'>iura</span> 
     </span>
     <span class='ocr_line' id='line_1_10' title="bbox 187 776 1295 825; baseline 0 -11"><span class='ocrx_word' id='word_1_57' title='bbox 187 777 422 815; x_wconf 85' lang='lat' dir='ltr'>vindicentur</span> <span class='ocrx_word' id='word_1_58' title='bbox 444 785 481 814; x_wconf 91' lang='lat' dir='ltr'>et</span> <span class='ocrx_word' id='word_1_59' title='bbox 511 776 698 814; x_wconf 81' lang='lat' dir='ltr'>carissima</span> <span class='ocrx_word' id='word_1_60' title='bbox 725 787 897 825; x_wconf 85' lang='lat' dir='ltr'>quaeque</span> <span class='ocrx_word' id='word_1_61' title='bbox 927 784 1209 814; x_wconf 82' lang='lat' dir='ltr'>conserventur.</span> <span class='ocrx_word' id='word_1_62' title='bbox 1236 795 1295 805; x_wconf 94' lang='lat'>—</span> 
     </span>
     <span class='ocr_line' id='line_1_11' title="bbox 190 828 1297 895; baseline -0.002 -10"><span class='ocrx_word' id='word_1_63' title='bbox 190 848 288 886; x_wconf 92' lang='lat' dir='ltr'>Hinc</span> <span class='ocrx_word' id='word_1_64' title='bbox 321 846 423 885; x_wconf 90' lang='lat' dir='ltr'>omni</span> <span class='ocrx_word' id='word_1_65' title='bbox 449 828 666 895; x_wconf 38' lang='lat' dir='ltr'>aevo⁶(2)‚</span> <span class='ocrx_word' id='word_1_66' title='bbox 693 846 849 884; x_wconf 86' lang='lat' dir='ltr'>maxime</span> <span class='ocrx_word' id='word_1_67' title='bbox 868 858 956 884; x_wconf 86' lang='lat' dir='ltr'>vero</span> <span class='ocrx_word' id='word_1_68' title='bbox 975 874 988 894; x_wconf 81' lang='grc'><strong>,</strong></span> <span class='ocrx_word' id='word_1_69' title='bbox 1016 857 1060 884; x_wconf 88' lang='lat' dir='ltr'>ex</span> <span class='ocrx_word' id='word_1_70' title='bbox 1087 857 1164 894; x_wconf 93' lang='lat' dir='ltr'>quo</span> <span class='ocrx_word' id='word_1_71' title='bbox 1191 845 1297 883; x_wconf 89' lang='lat' dir='ltr'>Reli-</span> 
     </span>
     <span class='ocr_line' id='line_1_12' title="bbox 190 914 1295 972; baseline 0 -18"><span class='ocrx_word' id='word_1_72' title='bbox 190 918 252 972; x_wconf 85' lang='lat' dir='ltr'>gio</span> <span class='ocrx_word' id='word_1_73' title='bbox 300 917 514 956; x_wconf 86' lang='lat' dir='ltr'>Christiana</span> <span class='ocrx_word' id='word_1_74' title='bbox 557 915 711 965; x_wconf 63' lang='lat' dir='ltr'>publica</span> <span class='ocrx_word' id='word_1_75' title='bbox 757 915 979 954; x_wconf 87' lang='lat' dir='ltr'>auctoritate</span> <span class='ocrx_word' id='word_1_76' title='bbox 1020 916 1160 954; x_wconf 88' lang='lat' dir='ltr'>munita</span> <span class='ocrx_word' id='word_1_77' title='bbox 1195 914 1295 962; x_wconf 87' lang='lat' dir='ltr'>fuit,</span> 
     </span>
     <span class='ocr_line' id='line_1_13' title="bbox 191 984 1300 1036; baseline 0 -12"><span class='ocrx_word' id='word_1_78' title='bbox 191 988 322 1036; x_wconf 87' lang='lat' dir='ltr'>optimi</span> <span class='ocrx_word' id='word_1_79' title='bbox 349 987 488 1035; x_wconf 82' lang='lat' dir='ltr'>quique</span> <span class='ocrx_word' id='word_1_80' title='bbox 513 986 747 1034; x_wconf 83' lang='lat' dir='ltr'>Christiani,</span> <span class='ocrx_word' id='word_1_81' title='bbox 776 986 1039 1035; x_wconf 84' lang='lat' dir='ltr'>sapientissimi</span> <span class='ocrx_word' id='word_1_82' title='bbox 1061 984 1300 1026; x_wconf 86' lang='lat' dir='ltr'>Christiano-</span> 
     </span>
     <span class='ocr_line' id='line_1_14' title="bbox 189 1054 1297 1106; baseline -0.002 -11"><span class='ocrx_word' id='word_1_83' title='bbox 189 1068 272 1095; x_wconf 87' lang='lat' dir='ltr'>rum</span> <span class='ocrx_word' id='word_1_84' title='bbox 297 1056 498 1105; x_wconf 87' lang='lat' dir='ltr'>scriptores</span> <span class='ocrx_word' id='word_1_85' title='bbox 523 1055 620 1106; x_wconf 85' lang='lat'><strong>(3),</strong></span> <span class='ocrx_word' id='word_1_86' title='bbox 651 1064 688 1094; x_wconf 89' lang='lat' dir='ltr'>et</span> <span class='ocrx_word' id='word_1_87' title='bbox 713 1056 856 1105; x_wconf 91' lang='lat' dir='ltr'>Synodi</span> <span class='ocrx_word' id='word_1_88' title='bbox 872 1084 886 1104; x_wconf 87' lang='lat'>‚</span> <span class='ocrx_word' id='word_1_89' title='bbox 911 1056 1048 1094; x_wconf 89' lang='lat' dir='ltr'>bellum</span> <span class='ocrx_word' id='word_1_90' title='bbox 1071 1066 1195 1105; x_wconf 87' lang='lat' dir='ltr'>gerere</span> <span class='ocrx_word' id='word_1_91' title='bbox 1217 1054 1297 1094; x_wconf 85' lang='lat' dir='ltr'>lici-</span> 
     </span>
     <span class='ocr_line' id='line_1_15' title="bbox 189 1124 1296 1175; baseline -0.001 -11"><span class='ocrx_word' id='word_1_92' title='bbox 189 1134 268 1164; x_wconf 88' lang='lat' dir='ltr'>tum</span> <span class='ocrx_word' id='word_1_93' title='bbox 311 1126 553 1175; x_wconf 87' lang='lat' dir='ltr'>pronuntiare</span> <span class='ocrx_word' id='word_1_94' title='bbox 590 1126 688 1164; x_wconf 87' lang='lat' dir='ltr'>haud</span> <span class='ocrx_word' id='word_1_95' title='bbox 727 1125 956 1165; x_wconf 84' lang='lat' dir='ltr'>dubitarunt.</span> <span class='ocrx_word' id='word_1_96' title='bbox 1032 1125 1174 1164; x_wconf 90' lang='lat' dir='ltr'>Nullus</span> <span class='ocrx_word' id='word_1_97' title='bbox 1217 1124 1296 1163; x_wconf 86' lang='lat' dir='ltr'>fere</span> 
     </span>
     <span class='ocr_line' id='line_1_16' title="bbox 190 1194 1299 1244; baseline 0 -10"><span class='ocrx_word' id='word_1_98' title='bbox 190 1195 303 1239; x_wconf 88' lang='lat' dir='ltr'>hodie</span> <span class='ocrx_word' id='word_1_99' title='bbox 323 1207 367 1234; x_wconf 85' lang='lat' dir='ltr'>ex</span> <span class='ocrx_word' id='word_1_100' title='bbox 391 1195 691 1234; x_wconf 85' lang='lat' dir='ltr'>Mennonitarum</span> <span class='ocrx_word' id='word_1_101' title='bbox 718 1194 853 1234; x_wconf 82' lang='lat' dir='ltr'>familia</span> <span class='ocrx_word' id='word_1_102' title='bbox 882 1195 1091 1244; x_wconf 76' lang='lat' dir='ltr'>reperitur,</span> <span class='ocrx_word' id='word_1_103' title='bbox 1119 1196 1184 1244; x_wconf 89' lang='lat' dir='ltr'>qui</span> <span class='ocrx_word' id='word_1_104' title='bbox 1220 1195 1299 1234; x_wconf 85' lang='lat' dir='ltr'>bel-</span> 
     </span>
     <span class='ocr_line' id='line_1_17' title="bbox 190 1265 1301 1315; baseline 0.001 -10"><span class='ocrx_word' id='word_1_105' title='bbox 190 1267 270 1306; x_wconf 91' lang='lat' dir='ltr'>lum</span> <span class='ocrx_word' id='word_1_106' title='bbox 295 1265 465 1303; x_wconf 88' lang='lat' dir='ltr'>illicitum</span> <span class='ocrx_word' id='word_1_107' title='bbox 501 1266 746 1314; x_wconf 84' lang='lat' dir='ltr'>pronuntiet,</span> <span class='ocrx_word' id='word_1_108' title='bbox 788 1274 824 1303; x_wconf 87' lang='lat' dir='ltr'>et</span> <span class='ocrx_word' id='word_1_109' title='bbox 859 1266 956 1304; x_wconf 88' lang='lat' dir='ltr'>haud</span> <span class='ocrx_word' id='word_1_110' title='bbox 995 1265 1106 1314; x_wconf 85' lang='lat' dir='ltr'>pauci</span> <span class='ocrx_word' id='word_1_111' title='bbox 1146 1278 1301 1315; x_wconf 89' lang='lat' dir='ltr'>quoque</span> 
     </span>
     <span class='ocr_line' id='line_1_18' title="bbox 192 1334 1301 1385; baseline 0.001 -11"><span class='ocrx_word' id='word_1_112' title='bbox 192 1348 212 1374; x_wconf 90' lang='lat' dir='ltr'>e</span> <span class='ocrx_word' id='word_1_113' title='bbox 255 1336 439 1374; x_wconf 81' lang='lat' dir='ltr'>severiore</span> <span class='ocrx_word' id='word_1_114' title='bbox 468 1334 726 1385; x_wconf 84' lang='lat' dir='ltr'>Quakerorum</span> <span class='ocrx_word' id='word_1_115' title='bbox 761 1342 860 1373; x_wconf 88' lang='lat' dir='ltr'>secta</span> <span class='ocrx_word' id='word_1_116' title='bbox 877 1362 890 1382; x_wconf 81' lang='grc'><strong>,</strong></span> <span class='ocrx_word' id='word_1_117' title='bbox 918 1335 950 1373; x_wconf 91' lang='lat' dir='ltr'>si</span> <span class='ocrx_word' id='word_1_118' title='bbox 972 1335 1089 1384; x_wconf 87' lang='lat' dir='ltr'>palam</span> <span class='ocrx_word' id='word_1_119' title='bbox 1126 1336 1301 1376; x_wconf 82' lang='lat' dir='ltr'>nonnulli</span> 
     </span>
     <span class='ocr_line' id='line_1_19' title="bbox 195 1395 1301 1458; baseline 0.002 -15"><span class='ocrx_word' id='word_1_120' title='bbox 195 1406 334 1451; x_wconf 77' lang='lat' dir='ltr'>bellum</span> <span class='ocrx_word' id='word_1_121' title='bbox 365 1405 506 1444; x_wconf 84' lang='lat' dir='ltr'>licitum</span> <span class='ocrx_word' id='word_1_122' title='bbox 543 1404 787 1458; x_wconf 87' lang='lat' dir='ltr'>pronunciare</span> <span class='ocrx_word' id='word_1_123' title='bbox 808 1404 889 1444; x_wconf 84' lang='lat' dir='ltr'>ausi</span> <span class='ocrx_word' id='word_1_124' title='bbox 912 1415 988 1443; x_wconf 89' lang='lat' dir='ltr'>non</span> <span class='ocrx_word' id='word_1_125' title='bbox 1010 1395 1176 1453; x_wconf 83' lang='lat' dir='ltr'>fuerint,</span> <span class='ocrx_word' id='word_1_126' title='bbox 1190 1405 1301 1445; x_wconf 87' lang='lat' dir='ltr'>tacite</span> 
     </span>
    </p>
   </div>
   <div class='ocr_carea' id='block_1_4' title="bbox 1246 1485 1300 1515">
    <p class='ocr_par' dir='ltr' id='par_1_4' title="bbox 1246 1485 1300 1515">
     <span class='ocr_line' id='line_1_20' title="bbox 1246 1485 1300 1515; baseline 0.019 -1"><span class='ocrx_word' id='word_1_127' title='bbox 1246 1485 1300 1515; x_wconf 76' lang='lat' dir='ltr'>ta·</span> 
     </span>
    </p>
   </div>
   <div class='ocr_carea' id='block_1_5' title="bbox 193 1607 1311 2272">
    <p class='ocr_par' dir='ltr' id='par_1_5' title="bbox 193 1607 1304 1809">
     <span class='ocr_line' id='line_1_21' title="bbox 233 1607 1301 1646; baseline -0.002 -7"><span class='ocrx_word' id='word_1_128' title='bbox 233 1610 284 1646; x_wconf 83' lang='grc' dir='ltr'>(ι)</span> <span class='ocrx_word' id='word_1_129' title='bbox 306 1610 438 1639; x_wconf 81' lang='lat' dir='ltr'>Historia</span> <span class='ocrx_word' id='word_1_130' title='bbox 459 1611 663 1639; x_wconf 82' lang='lat' dir='ltr'>Rornanorum</span> <span class='ocrx_word' id='word_1_131' title='bbox 681 1616 712 1638; x_wconf 88' lang='lat' dir='ltr'>et</span> <span class='ocrx_word' id='word_1_132' title='bbox 727 1610 855 1638; x_wconf 85' lang='lat' dir='ltr'>maxime</span> <span class='ocrx_word' id='word_1_133' title='bbox 873 1608 1070 1645; x_wconf 87' lang='lat' dir='ltr'>Feudalium‚</span> <span class='ocrx_word' id='word_1_134' title='bbox 1090 1607 1301 1645; x_wconf 85' lang='lat' dir='ltr'>qui‚instante</span> 
     </span>
     <span class='ocr_line' id='line_1_22' title="bbox 194 1665 1304 1703; baseline -0.001 -8"><span class='ocrx_word' id='word_1_135' title='bbox 194 1668 353 1703; x_wconf 83' lang='lat' dir='ltr'>periculo,</span> <span class='ocrx_word' id='word_1_136' title='bbox 384 1675 488 1696; x_wconf 89' lang='lat' dir='ltr'>omnes</span> <span class='ocrx_word' id='word_1_137' title='bbox 517 1668 583 1695; x_wconf 87' lang='lat' dir='ltr'>fere</span> <span class='ocrx_word' id='word_1_138' title='bbox 608 1668 643 1696; x_wconf 82' lang='lat' dir='ltr'>ad</span> <span class='ocrx_word' id='word_1_139' title='bbox 674 1675 752 1695; x_wconf 83' lang='lat' dir='ltr'>arma</span> <span class='ocrx_word' id='word_1_140' title='bbox 778 1674 888 1695; x_wconf 83' lang='lat' dir='ltr'>vocare</span> <span class='ocrx_word' id='word_1_141' title='bbox 916 1667 1055 1695; x_wconf 80' lang='lat' dir='ltr'>solebant</span> <span class='ocrx_word' id='word_1_142' title='bbox 1075 1673 1106 1695; x_wconf 87' lang='lat' dir='ltr'>et</span> <span class='ocrx_word' id='word_1_143' title='bbox 1131 1672 1202 1701; x_wconf 84' lang='lat' dir='ltr'>post</span> <span class='ocrx_word' id='word_1_144' title='bbox 1226 1665 1304 1695; x_wconf 83' lang='lat' dir='ltr'>bella</span> 
     </span>
     <span class='ocr_line' id='line_1_23' title="bbox 193 1723 1302 1760; baseline 0 -6"><span class='ocrx_word' id='word_1_145' title='bbox 193 1724 278 1754; x_wconf 82' lang='lat' dir='ltr'>finita</span> <span class='ocrx_word' id='word_1_146' title='bbox 299 1725 422 1754; x_wconf 85' lang='lat' dir='ltr'>domum</span> <span class='ocrx_word' id='word_1_147' title='bbox 439 1723 593 1753; x_wconf 85' lang='lat' dir='ltr'>remittere</span> <span class='ocrx_word' id='word_1_148' title='bbox 604 1744 614 1759; x_wconf 90' lang='lat'>,</span> <span class='ocrx_word' id='word_1_149' title='bbox 634 1724 762 1760; x_wconf 87' lang='lat' dir='ltr'>docuit,</span> <span class='ocrx_word' id='word_1_150' title='bbox 780 1730 855 1759; x_wconf 88' lang='lat' dir='ltr'>quot</span> <span class='ocrx_word' id='word_1_151' title='bbox 867 1730 898 1751; x_wconf 89' lang='lat' dir='ltr'>et</span> <span class='ocrx_word' id='word_1_152' title='bbox 914 1730 1041 1759; x_wconf 86' lang='lat' dir='ltr'>quantae</span> <span class='ocrx_word' id='word_1_153' title='bbox 1058 1723 1130 1753; x_wconf 87' lang='lat' dir='ltr'>inde</span> <span class='ocrx_word' id='word_1_154' title='bbox 1149 1724 1180 1753; x_wconf 92' lang='lat' dir='ltr'>in</span> <span class='ocrx_word' id='word_1_155' title='bbox 1197 1723 1302 1754; x_wconf 79' lang='lat' dir='ltr'>civita-</span> 
     </span>
     <span class='ocr_line' id='line_1_24' title="bbox 194 1780 712 1809; baseline 0.002 -1"><span class='ocrx_word' id='word_1_156' title='bbox 194 1780 274 1809; x_wconf 87' lang='lat' dir='ltr'>tibus</span> <span class='ocrx_word' id='word_1_157' title='bbox 300 1781 402 1808; x_wconf 88' lang='lat' dir='ltr'>turbae</span> <span class='ocrx_word' id='word_1_158' title='bbox 421 1780 555 1809; x_wconf 82' lang='lat' dir='ltr'>existere</span> <span class='ocrx_word' id='word_1_159' title='bbox 582 1781 712 1809; x_wconf 85' lang='lat' dir='ltr'>soleant.</span> 
     </span>
    </p>

    <p class='ocr_par' dir='ltr' id='par_1_6' title="bbox 196 1836 1307 2045">
     <span class='ocr_line' id='line_1_25' title="bbox 232 1836 1306 1874; baseline 0.003 -9"><span class='ocrx_word' id='word_1_160' title='bbox 232 1837 285 1874; x_wconf 61' lang='grc' dir='ltr'>(α)</span> <span class='ocrx_word' id='word_1_161' title='bbox 308 1837 390 1866; x_wconf 88' lang='lat' dir='ltr'>Cfrr.</span> <span class='ocrx_word' id='word_1_162' title='bbox 419 1845 508 1872; x_wconf 88' lang='lat' dir='ltr'>supra</span> <span class='ocrx_word' id='word_1_163' title='bbox 541 1836 572 1865; x_wconf 88' lang='lat' dir='ltr'>in</span> <span class='ocrx_word' id='word_1_164' title='bbox 600 1837 715 1866; x_wconf 80' lang='lat' dir='ltr'>Introd.</span> <span class='ocrx_word' id='word_1_165' title='bbox 748 1838 846 1874; x_wconf 84' lang='lat' dir='ltr'>dicta,</span> <span class='ocrx_word' id='word_1_166' title='bbox 888 1838 961 1873; x_wconf 86' lang='lat' dir='ltr'>quid</span> <span class='ocrx_word' id='word_1_167' title='bbox 997 1838 1034 1866; x_wconf 88' lang='lat' dir='ltr'>de</span> <span class='ocrx_word' id='word_1_168' title='bbox 1070 1837 1175 1874; x_wconf 88' lang='lat' dir='ltr'>primis</span> <span class='ocrx_word' id='word_1_169' title='bbox 1204 1839 1306 1869; x_wconf 85' lang='lat' dir='ltr'>Chris·</span> 
     </span>
     <span class='ocr_line' id='line_1_26' title="bbox 197 1894 1305 1929; baseline 0.004 -7"><span class='ocrx_word' id='word_1_170' title='bbox 197 1894 285 1922; x_wconf 85' lang='lat' dir='ltr'>tianis</span> <span class='ocrx_word' id='word_1_171' title='bbox 306 1895 494 1923; x_wconf 87' lang='lat' dir='ltr'>statuendum</span> <span class='ocrx_word' id='word_1_172' title='bbox 515 1894 564 1924; x_wconf 85' lang='lat' dir='ltr'>sit.</span> <span class='ocrx_word' id='word_1_173' title='bbox 584 1894 632 1922; x_wconf 84' lang='lat' dir='ltr'>Ex</span> <span class='ocrx_word' id='word_1_174' title='bbox 650 1894 718 1929; x_wconf 82' lang='lat' dir='ltr'>ipso</span> <span class='ocrx_word' id='word_1_175' title='bbox 739 1894 792 1922; x_wconf 92' lang='lat' dir='ltr'>Te</span> <span class='ocrx_word' id='word_1_176' title='bbox 806 1901 870 1923; x_wconf 87' lang='lat' dir='ltr'>rtu</span> <span class='ocrx_word' id='word_1_177' title='bbox 884 1894 1005 1924; x_wconf 83' lang='lat' dir='ltr'>iliani</span> <span class='ocrx_word' id='word_1_178' title='bbox 1025 1894 1106 1924; x_wconf 89' lang='lat' dir='ltr'>libro</span> <span class='ocrx_word' id='word_1_179' title='bbox 1126 1895 1164 1925; x_wconf 89' lang='lat' dir='ltr'>de</span> <span class='ocrx_word' id='word_1_180' title='bbox 1190 1896 1305 1926; x_wconf 84' lang='lat' dir='ltr'>Corona</span> 
     </span>
     <span class='ocr_line' id='line_1_27' title="bbox 196 1949 1307 1988; baseline 0.004 -10"><span class='ocrx_word' id='word_1_181' title='bbox 196 1952 312 1979; x_wconf 74' lang='lat' dir='ltr'>militis</span> <span class='ocrx_word' id='word_1_182' title='bbox 328 1957 429 1986; x_wconf 81' lang='lat' dir='ltr'>patet,</span> <span class='ocrx_word' id='word_1_183' title='bbox 447 1952 559 1979; x_wconf 83' lang='lat' dir='ltr'>multos</span> <span class='ocrx_word' id='word_1_184' title='bbox 577 1949 703 1979; x_wconf 82' lang='lat' dir='ltr'>militiae</span> <span class='ocrx_word' id='word_1_185' title='bbox 720 1958 832 1979; x_wconf 87' lang='lat' dir='ltr'>nomen</span> <span class='ocrx_word' id='word_1_186' title='bbox 856 1952 988 1980; x_wconf 88' lang='lat' dir='ltr'>dedisse.</span> <span class='ocrx_word' id='word_1_187' title='bbox 1014 1953 1100 1981; x_wconf 82' lang='lat' dir='ltr'>Patet</span> <span class='ocrx_word' id='word_1_188' title='bbox 1119 1959 1244 1988; x_wconf 84' lang='lat' dir='ltr'>quoque</span> <span class='ocrx_word' id='word_1_189' title='bbox 1266 1960 1307 1982; x_wconf 82' lang='lat' dir='ltr'>ex</span> 
     </span>
     <span class='ocr_line' id='line_1_28' title="bbox 198 2007 1212 2045; baseline 0.002 -9"><span class='ocrx_word' id='word_1_190' title='bbox 198 2008 256 2042; x_wconf 81' lang='lat' dir='ltr'>iis,</span> <span class='ocrx_word' id='word_1_191' title='bbox 275 2016 350 2042; x_wconf 87' lang='lat' dir='ltr'>quae</span> <span class='ocrx_word' id='word_1_192' title='bbox 376 2008 464 2036; x_wconf 87' lang='lat' dir='ltr'>habet</span> <span class='ocrx_word' id='word_1_193' title='bbox 483 2008 506 2035; x_wconf 91' lang='lat' dir='ltr'>E</span> <span class='ocrx_word' id='word_1_194' title='bbox 519 2007 710 2042; x_wconf 85' lang='lat' dir='ltr'>usebius,</span> <span class='ocrx_word' id='word_1_195' title='bbox 731 2009 819 2037; x_wconf 69' lang='lat' dir='ltr'>mss.</span> <span class='ocrx_word' id='word_1_196' title='bbox 836 2008 954 2045; x_wconf 77' lang='lat' dir='ltr'>¹Eccles.</span> <span class='ocrx_word' id='word_1_197' title='bbox 973 2009 1011 2038; x_wconf 87' lang='lat' dir='ltr'>L.</span> <span class='ocrx_word' id='word_1_198' title='bbox 1035 2009 1073 2038; x_wconf 90' lang='lat' dir='ltr'>V.</span> <span class='ocrx_word' id='word_1_199' title='bbox 1093 2017 1161 2045; x_wconf 83' lang='lat' dir='ltr'>cap·</span> <span class='ocrx_word' id='word_1_200' title='bbox 1181 2016 1212 2042; x_wconf 88' lang='lat' dir='ltr'>s.</span> 
     </span>
    </p>

    <p class='ocr_par' dir='ltr' id='par_1_7' title="bbox 201 2063 1311 2272">
     <span class='ocr_line' id='line_1_29' title="bbox 237 2063 1308 2105; baseline 0.005 -13"><span class='ocrx_word' id='word_1_201' title='bbox 237 2067 291 2103; x_wconf 76' lang='lat'>(3)</span> <span class='ocrx_word' id='word_1_202' title='bbox 313 2063 576 2098; x_wconf 83' lang='lat' dir='ltr'>Ambrosius,</span> <span class='ocrx_word' id='word_1_203' title='bbox 607 2063 641 2091; x_wconf 80' lang='lat' dir='ltr'>de</span> <span class='ocrx_word' id='word_1_204' title='bbox 663 2063 800 2099; x_wconf 80' lang='lat' dir='ltr'>Officiis,</span> <span class='ocrx_word' id='word_1_205' title='bbox 831 2065 898 2095; x_wconf 89' lang='lat' dir='ltr'>Lib.</span> <span class='ocrx_word' id='word_1_206' title='bbox 920 2066 948 2094; x_wconf 92' lang='lat' dir='ltr'>I.</span> <span class='ocrx_word' id='word_1_207' title='bbox 970 2073 1038 2105; x_wconf 81' lang='lat' dir='ltr'>cap.</span> <span class='ocrx_word' id='word_1_208' title='bbox 1068 2074 1099 2101; x_wconf 86' lang='lat'>7.</span> <span class='ocrx_word' id='word_1_209' title='bbox 1139 2066 1308 2097; x_wconf 78' lang='lat' dir='ltr'>Athana·</span> 
     </span>
     <span class='ocr_line' id='line_1_30' title="bbox 201 2121 1307 2161; baseline 0.001 -10"><span class='ocrx_word' id='word_1_210' title='bbox 201 2123 283 2151; x_wconf 84' lang='lat' dir='ltr'>sius</span> <span class='ocrx_word' id='word_1_211' title='bbox 297 2143 306 2155; x_wconf 93' lang='lat'>‚</span> <span class='ocrx_word' id='word_1_212' title='bbox 327 2122 469 2158; x_wconf 76' lang='lat' dir='ltr'>Epistola</span> <span class='ocrx_word' id='word_1_213' title='bbox 486 2121 526 2149; x_wconf 80' lang='lat' dir='ltr'>ad</span> <span class='ocrx_word' id='word_1_214' title='bbox 546 2121 846 2158; x_wconf 76' lang='lat' dir='ltr'>Ammunem,T0m.</span> <span class='ocrx_word' id='word_1_215' title='bbox 869 2122 894 2151; x_wconf 86' lang='lat'>1.</span> <span class='ocrx_word' id='word_1_216' title='bbox 917 2125 951 2152; x_wconf 89' lang='grc' dir='ltr'>Ρ.</span> <span class='ocrx_word' id='word_1_217' title='bbox 975 2129 1022 2151; x_wconf 91' lang='lat'>11.</span> <span class='ocrx_word' id='word_1_218' title='bbox 1046 2122 1122 2159; x_wconf 78' lang='lat' dir='ltr'>opp.</span> <span class='ocrx_word' id='word_1_219' title='bbox 1142 2130 1211 2159; x_wconf 82' lang='lat' dir='ltr'>pag.</span> <span class='ocrx_word' id='word_1_220' title='bbox 1229 2125 1307 2161; x_wconf 80' lang='lat'><em>766,</em></span> 
     </span>
     <span class='ocr_line' id='line_1_31' title="bbox 201 2177 1311 2218; baseline -0.003 -10"><span class='ocrx_word' id='word_1_221' title='bbox 201 2180 274 2208; x_wconf 71' lang='lat' dir='ltr'>edit,</span> <span class='ocrx_word' id='word_1_222' title='bbox 304 2180 382 2207; x_wconf 81' lang='lat' dir='ltr'>Patr.</span> <span class='ocrx_word' id='word_1_223' title='bbox 405 2177 681 2213; x_wconf 75' lang='lat' dir='ltr'>Augustinus,</span> <span class='ocrx_word' id='word_1_224' title='bbox 721 2179 837 2206; x_wconf 73' lang='lat' dir='ltr'>Contra</span> <span class='ocrx_word' id='word_1_225' title='bbox 865 2179 1031 2214; x_wconf 75' lang='lat' dir='ltr'>Faustum,</span> <span class='ocrx_word' id='word_1_226' title='bbox 1060 2187 1093 2215; x_wconf 84' lang='lat' dir='ltr'>p.</span> <span class='ocrx_word' id='word_1_227' title='bbox 1120 2183 1252 2218; x_wconf 74' lang='lat'>74-76.</span> <span class='ocrx_word' id='word_1_228' title='bbox 1278 2187 1311 2212; x_wconf 74' lang='lat' dir='ltr'>et</span> 
     </span>
     <span class='ocr_line' id='line_1_32' title="bbox 206 2235 1066 2272; baseline 0.002 -9"><span class='ocrx_word' id='word_1_229' title='bbox 206 2236 238 2263; x_wconf 73' lang='lat' dir='ltr'>ale</span> <span class='ocrx_word' id='word_1_230' title='bbox 270 2235 408 2265; x_wconf 67' lang='lat' dir='ltr'>civitate</span> <span class='ocrx_word' id='word_1_231' title='bbox 434 2236 517 2270; x_wconf 77' lang='lat' dir='ltr'>Deu&#39;,</span> <span class='ocrx_word' id='word_1_232' title='bbox 536 2236 574 2264; x_wconf 90' lang='lat' dir='ltr'>L.</span> <span class='ocrx_word' id='word_1_233' title='bbox 591 2235 644 2263; x_wconf 77' lang='lat' dir='ltr'>lv.</span> <span class='ocrx_word' id='word_1_234' title='bbox 669 2242 734 2270; x_wconf 78' lang='lat' dir='ltr'>cap.</span> <span class='ocrx_word' id='word_1_235' title='bbox 756 2243 801 2269; x_wconf 73' lang='grc' dir='ltr'>ις.</span> <span class='ocrx_word' id='word_1_236' title='bbox 824 2235 862 2266; x_wconf 78' lang='lat' dir='ltr'>L.</span> <span class='ocrx_word' id='word_1_237' title='bbox 885 2235 962 2264; x_wconf 81' lang='lat' dir='ltr'>xlx.</span> <span class='ocrx_word' id='word_1_238' title='bbox 985 2244 1014 2265; x_wconf 91' lang='lat' dir='ltr'>c.</span> <span class='ocrx_word' id='word_1_239' title='bbox 1036 2244 1066 2272; x_wconf 86' lang='lat'>7.</span> 
     </span>
    </p>
   </div>
   <div class='ocr_carea' id='block_1_6' title="bbox 1480 1213 1490 2088">
    <p class='ocr_par' dir='ltr' id='par_1_8' title="bbox 1480 1213 1490 2088">
     <span class='ocr_line' id='line_1_33' title="bbox 1480 1213 1490 2088; baseline 0 0"><span class='ocrx_word' id='word_1_240' title='bbox 1480 1213 1490 2088; x_wconf 95' lang='lat' dir='ltr'> </span> 
     </span>
    </p>
   </div>
  </div>
 </body>
</html>
