<?xml version="1.0" encoding="UTF-8"?>
<!DOCTYPE html PUBLIC "-//W3C//DTD XHTML 1.0 Transitional//EN"
    "http://www.w3.org/TR/xhtml1/DTD/xhtml1-transitional.dtd">
<html xmlns="http://www.w3.org/1999/xhtml" xml:lang="en" lang="en">
 <head>
  <title>
</title>
<meta http-equiv="Content-Type" content="text/html;charset=utf-8" />
  <meta name='ocr-system' content='tesseract 3.04.00' />
  <meta name='ocr-capabilities' content='ocr_page ocr_carea ocr_par ocr_line ocrx_word'/>
</head>
<body>
  <div class='ocr_page' id='page_1' title='image "annalesacademiae33rhen_0091.png"; bbox 0 0 1507 2876; ppageno 0'>
   <div class='ocr_carea' id='block_1_1' title="bbox 322 691 1046 745">
    <p class='ocr_par' dir='ltr' id='par_1_1' title="bbox 322 691 1046 745">
     <span class='ocr_line' id='line_1_1' title="bbox 322 691 1046 745; baseline -0.004 0"><span class='ocrx_word' id='word_1_1' title='bbox 322 691 1046 745; x_wconf 75' lang='lat' dir='ltr'><strong>PRAEFATIO.</strong></span> 
     </span>
    </p>
   </div>
   <div class='ocr_carea' id='block_1_2' title="bbox 116 1181 1257 2377">
    <p class='ocr_par' dir='ltr' id='par_1_2' title="bbox 116 1181 1257 2308">
     <span class='ocr_line' id='line_1_2' title="bbox 169 1181 1243 1256; baseline 0.001 -15"><span class='ocrx_word' id='word_1_2' title='bbox 169 1181 377 1256; x_wconf 82' lang='lat' dir='ltr'>Quaestio</span> <span class='ocrx_word' id='word_1_3' title='bbox 417 1215 438 1242; x_wconf 86' lang='lat' dir='ltr'><strong>a</strong></span> <span class='ocrx_word' id='word_1_4' title='bbox 473 1203 584 1241; x_wconf 88' lang='lat' dir='ltr'><strong>vobis</strong></span> <span class='ocrx_word' id='word_1_5' title='bbox 624 1204 854 1253; x_wconf 90' lang='lat' dir='ltr'><strong>proposita,</strong></span> <span class='ocrx_word' id='word_1_6' title='bbox 905 1204 975 1242; x_wconf 89' lang='lat' dir='ltr'><strong>viri</strong></span> <span class='ocrx_word' id='word_1_7' title='bbox 1019 1203 1243 1252; x_wconf 81' lang='lat' dir='ltr'><strong>clarissimi,</strong></span> 
     </span>
     <span class='ocr_line' id='line_1_3' title="bbox 121 1273 1246 1322; baseline 0 -9"><span class='ocrx_word' id='word_1_8' title='bbox 121 1275 259 1322; x_wconf 89' lang='lat' dir='ltr'><strong>cuique</strong></span> <span class='ocrx_word' id='word_1_9' title='bbox 291 1273 495 1321; x_wconf 86' lang='lat' dir='ltr'><strong>studioso,</strong></span> <span class='ocrx_word' id='word_1_10' title='bbox 532 1273 599 1321; x_wconf 87' lang='lat' dir='ltr'><strong>qui</strong></span> <span class='ocrx_word' id='word_1_11' title='bbox 626 1281 664 1311; x_wconf 91' lang='lat' dir='ltr'><strong>et</strong></span> <span class='ocrx_word' id='word_1_12' title='bbox 693 1273 834 1312; x_wconf 80' lang='lat' dir='ltr'><strong>clvitati</strong></span> <span class='ocrx_word' id='word_1_13' title='bbox 867 1282 1018 1312; x_wconf 91' lang='lat' dir='ltr'><strong>nostrae</strong></span> <span class='ocrx_word' id='word_1_14' title='bbox 1046 1275 1120 1312; x_wconf 89' lang='lat' dir='ltr'><strong>hoc</strong></span> <span class='ocrx_word' id='word_1_15' title='bbox 1153 1283 1246 1313; x_wconf 88' lang='lat' dir='ltr'><strong>tem·</strong></span> 
     </span>
     <span class='ocr_line' id='line_1_4' title="bbox 121 1344 1243 1400; baseline 0.002 -18"><span class='ocrx_word' id='word_1_16' title='bbox 121 1344 343 1400; x_wconf 27' lang='lat' dir='ltr'><strong>porefbene</strong></span> <span class='ocrx_word' id='word_1_17' title='bbox 376 1344 483 1393; x_wconf 90' lang='lat' dir='ltr'><strong>cupit</strong></span> <span class='ocrx_word' id='word_1_18' title='bbox 512 1353 575 1392; x_wconf 87' lang='lat' dir='ltr'><strong>et,</strong></span> <span class='ocrx_word' id='word_1_19' title='bbox 601 1345 703 1382; x_wconf 82' lang='lat' dir='ltr'><strong>nulla</strong></span> <span class='ocrx_word' id='word_1_20' title='bbox 742 1344 943 1393; x_wconf 87' lang='lat' dir='ltr'><strong>impeditus</strong></span> <span class='ocrx_word' id='word_1_21' title='bbox 971 1357 1039 1393; x_wconf 86' lang='lat' dir='ltr'><strong>re,</strong></span> <span class='ocrx_word' id='word_1_22' title='bbox 1074 1344 1243 1395; x_wconf 80' lang='lat' dir='ltr'><strong>patriae,</strong></span> 
     </span>
     <span class='ocr_line' id='line_1_5' title="bbox 120 1414 1244 1464; baseline 0.001 -11"><span class='ocrx_word' id='word_1_23' title='bbox 120 1426 221 1453; x_wconf 88' lang='lat' dir='ltr'><strong>nunc</strong></span> <span class='ocrx_word' id='word_1_24' title='bbox 246 1415 424 1464; x_wconf 86' lang='lat' dir='ltr'><strong>temporis</strong></span> <span class='ocrx_word' id='word_1_25' title='bbox 447 1414 693 1464; x_wconf 83' lang='lat' dir='ltr'><strong>periclitanti,</strong></span> <span class='ocrx_word' id='word_1_26' title='bbox 719 1414 817 1453; x_wconf 84' lang='lat' dir='ltr'><strong>vires</strong></span> <span class='ocrx_word' id='word_1_27' title='bbox 846 1426 959 1463; x_wconf 79' lang='lat' dir='ltr'><strong>suaS,</strong></span> <span class='ocrx_word' id='word_1_28' title='bbox 994 1426 1062 1453; x_wconf 90' lang='lat' dir='ltr'><strong>nec</strong></span> <span class='ocrx_word' id='word_1_29' title='bbox 1087 1427 1164 1453; x_wconf 88' lang='lat' dir='ltr'><strong>non</strong></span> <span class='ocrx_word' id='word_1_30' title='bbox 1189 1418 1244 1454; x_wconf 79' lang='lat' dir='ltr'><strong>vi-</strong></span> 
     </span>
     <span class='ocr_line' id='line_1_6' title="bbox 121 1485 1246 1534; baseline 0 -10"><span class='ocrx_word' id='word_1_31' title='bbox 121 1494 224 1534; x_wconf 88' lang='lat' dir='ltr'><strong>tam,</strong></span> <span class='ocrx_word' id='word_1_32' title='bbox 278 1485 583 1533; x_wconf 86' lang='lat' dir='ltr'><strong>consecraverit,</strong></span> <span class='ocrx_word' id='word_1_33' title='bbox 636 1485 758 1534; x_wconf 85' lang='lat' dir='ltr'><strong>magni</strong></span> <span class='ocrx_word' id='word_1_34' title='bbox 808 1485 987 1524; x_wconf 85' lang='lat' dir='ltr'><strong>momenti</strong></span> <span class='ocrx_word' id='word_1_35' title='bbox 1038 1497 1116 1524; x_wconf 85' lang='lat' dir='ltr'><strong>non</strong></span> <span class='ocrx_word' id='word_1_36' title='bbox 1164 1498 1246 1524; x_wconf 89' lang='lat' dir='ltr'><strong>esse</strong></span> 
     </span>
     <span class='ocr_line' id='line_1_7' title="bbox 122 1555 1242 1605; baseline 0 -10"><span class='ocrx_word' id='word_1_37' title='bbox 122 1567 201 1595; x_wconf 86' lang='lat' dir='ltr'><strong>non</strong></span> <span class='ocrx_word' id='word_1_38' title='bbox 230 1565 372 1605; x_wconf 85' lang='lat' dir='ltr'><strong>potest.</strong></span> <span class='ocrx_word' id='word_1_39' title='bbox 399 1579 451 1587; x_wconf 89' lang='lat'><strong>-—</strong></span> <span class='ocrx_word' id='word_1_40' title='bbox 487 1556 675 1595; x_wconf 86' lang='lat' dir='ltr'><strong>Omnibus</strong></span> <span class='ocrx_word' id='word_1_41' title='bbox 710 1555 864 1604; x_wconf 87' lang='lat' dir='ltr'><strong>patuit,</strong></span> <span class='ocrx_word' id='word_1_42' title='bbox 900 1565 984 1593; x_wconf 90' lang='lat' dir='ltr'><strong>ante</strong></span> <span class='ocrx_word' id='word_1_43' title='bbox 1016 1556 1242 1605; x_wconf 81' lang='lat' dir='ltr'><strong>triennium,</strong></span> 
     </span>
     <span class='ocr_line' id='line_1_8' title="bbox 119 1626 1244 1674; baseline 0 -9"><span class='ocrx_word' id='word_1_44' title='bbox 119 1626 271 1665; x_wconf 81' lang='lat' dir='ltr'><strong>vixdum</strong></span> <span class='ocrx_word' id='word_1_45' title='bbox 318 1637 472 1674; x_wconf 89' lang='lat' dir='ltr'><strong>vocem,</strong></span> <span class='ocrx_word' id='word_1_46' title='bbox 520 1638 593 1674; x_wconf 87' lang='lat' dir='ltr'><strong>qua</strong></span> <span class='ocrx_word' id='word_1_47' title='bbox 630 1635 758 1664; x_wconf 88' lang='lat' dir='ltr'><strong>noster</strong></span> <span class='ocrx_word' id='word_1_48' title='bbox 796 1626 880 1664; x_wconf 85' lang='lat' dir='ltr'><strong>Rex</strong></span> <span class='ocrx_word' id='word_1_49' title='bbox 920 1627 1183 1665; x_wconf 84' lang='lat' dir='ltr'><strong>dilectissimus</strong></span> <span class='ocrx_word' id='word_1_50' title='bbox 1223 1640 1244 1665; x_wconf 89' lang='lat' dir='ltr'><strong>a</strong></span> 
     </span>
     <span class='ocr_line' id='line_1_9' title="bbox 119 1696 1243 1746; baseline 0.002 -12"><span class='ocrx_word' id='word_1_51' title='bbox 119 1696 267 1735; x_wconf 86' lang='lat' dir='ltr'><strong>civibus</strong></span> <span class='ocrx_word' id='word_1_52' title='bbox 313 1709 422 1746; x_wconf 89' lang='lat' dir='ltr'><strong>opem</strong></span> <span class='ocrx_word' id='word_1_53' title='bbox 483 1697 736 1745; x_wconf 86' lang='lat' dir='ltr'><strong>imploraverit</strong></span> <span class='ocrx_word' id='word_1_54' title='bbox 798 1707 971 1735; x_wconf 86' lang='lat' dir='ltr'><strong>armatam</strong></span> <span class='ocrx_word' id='word_1_55' title='bbox 997 1726 1012 1744; x_wconf 80' lang='lat'>‚</span> <span class='ocrx_word' id='word_1_56' title='bbox 1080 1699 1243 1737; x_wconf 81' lang='lat' dir='ltr'><strong>auditam</strong></span> 
     </span>
     <span class='ocr_line' id='line_1_10' title="bbox 116 1767 1241 1816; baseline 0 -11"><span class='ocrx_word' id='word_1_57' title='bbox 116 1767 265 1814; x_wconf 90' lang='lat' dir='ltr'><strong>fuisse,</strong></span> <span class='ocrx_word' id='word_1_58' title='bbox 316 1767 407 1815; x_wconf 87' lang='lat' dir='ltr'><strong>quin</strong></span> <span class='ocrx_word' id='word_1_59' title='bbox 447 1778 575 1806; x_wconf 88' lang='lat' dir='ltr'><strong>omnes</strong></span> <span class='ocrx_word' id='word_1_60' title='bbox 611 1767 730 1815; x_wconf 85' lang='lat' dir='ltr'><strong>boni,</strong></span> <span class='ocrx_word' id='word_1_61' title='bbox 781 1779 876 1815; x_wconf 86' lang='lat' dir='ltr'><strong>qnae</strong></span> <span class='ocrx_word' id='word_1_62' title='bbox 906 1775 1090 1816; x_wconf 86' lang='lat' dir='ltr'><strong>possent,</strong></span> <span class='ocrx_word' id='word_1_63' title='bbox 1142 1779 1241 1806; x_wconf 86' lang='lat' dir='ltr'><strong>arma</strong></span> 
     </span>
     <span class='ocr_line' id='line_1_11' title="bbox 120 1837 1257 1886; baseline 0 -10"><span class='ocrx_word' id='word_1_64' title='bbox 120 1838 338 1886; x_wconf 86' lang='lat' dir='ltr'><strong>arriperent.</strong></span> <span class='ocrx_word' id='word_1_65' title='bbox 405 1837 541 1885; x_wconf 86' lang='lat' dir='ltr'><strong>Neque</strong></span> <span class='ocrx_word' id='word_1_66' title='bbox 576 1837 614 1875; x_wconf 89' lang='lat' dir='ltr'><strong>id</strong></span> <span class='ocrx_word' id='word_1_67' title='bbox 646 1837 826 1885; x_wconf 84' lang='lat' dir='ltr'><strong>temporis</strong></span> <span class='ocrx_word' id='word_1_68' title='bbox 860 1837 1050 1875; x_wconf 84' lang='lat' dir='ltr'><strong>literarum</strong></span> <span class='ocrx_word' id='word_1_69' title='bbox 1095 1838 1257 1877; x_wconf 68' lang='lat' dir='ltr'><strong>studio-&#39;</strong></span> 
     </span>
     <span class='ocr_line' id='line_1_12' title="bbox 119 1907 1240 1956; baseline 0.002 -11"><span class='ocrx_word' id='word_1_70' title='bbox 119 1919 244 1946; x_wconf 85' lang='lat' dir='ltr'><strong>sorum</strong></span> <span class='ocrx_word' id='word_1_71' title='bbox 295 1907 475 1956; x_wconf 82' lang='lat' dir='ltr'><strong>plurimi,</strong></span> <span class='ocrx_word' id='word_1_72' title='bbox 526 1918 651 1945; x_wconf 85' lang='lat' dir='ltr'><strong>amore</strong></span> <span class='ocrx_word' id='word_1_73' title='bbox 703 1918 787 1955; x_wconf 83' lang='lat' dir='ltr'><strong>erga</strong></span> <span class='ocrx_word' id='word_1_74' title='bbox 834 1908 986 1956; x_wconf 84' lang='lat' dir='ltr'><strong>patriam</strong></span> <span class='ocrx_word' id='word_1_75' title='bbox 1035 1909 1240 1956; x_wconf 88' lang='lat' dir='ltr'><strong>commoti,</strong></span> 
     </span>
     <span class='ocr_line' id='line_1_13' title="bbox 119 1977 1245 2025; baseline 0.001 -10"><span class='ocrx_word' id='word_1_76' title='bbox 119 1978 164 2016; x_wconf 85' lang='lat' dir='ltr'><strong>de</strong></span> <span class='ocrx_word' id='word_1_77' title='bbox 211 1978 321 2016; x_wconf 88' lang='lat' dir='ltr'><strong>armis</strong></span> <span class='ocrx_word' id='word_1_78' title='bbox 360 1977 534 2025; x_wconf 86' lang='lat' dir='ltr'><strong>gerundis</strong></span> <span class='ocrx_word' id='word_1_79' title='bbox 587 1978 820 2016; x_wconf 85' lang='lat' dir='ltr'><strong>dubitarunt.</strong></span> <span class='ocrx_word' id='word_1_80' title='bbox 894 1979 1035 2016; x_wconf 85' lang='lat' dir='ltr'><strong>Verum</strong></span> <span class='ocrx_word' id='word_1_81' title='bbox 1081 1981 1245 2017; x_wconf 83' lang='lat' dir='ltr'><strong>nonnul-</strong></span> 
     </span>
     <span class='ocr_line' id='line_1_14' title="bbox 119 2048 1241 2097; baseline 0.001 -12"><span class='ocrx_word' id='word_1_82' title='bbox 119 2048 147 2085; x_wconf 82' lang='lat' dir='ltr'><strong>li</strong></span> <span class='ocrx_word' id='word_1_83' title='bbox 181 2059 257 2086; x_wconf 88' lang='lat' dir='ltr'><strong>rem</strong></span> <span class='ocrx_word' id='word_1_84' title='bbox 297 2048 595 2097; x_wconf 84' lang='lat' dir='ltr'><strong>perpendentes,</strong></span> <span class='ocrx_word' id='word_1_85' title='bbox 634 2048 823 2096; x_wconf 82' lang='lat' dir='ltr'><strong>paulisper</strong></span> <span class='ocrx_word' id='word_1_86' title='bbox 858 2060 945 2086; x_wconf 89' lang='lat' dir='ltr'><strong>sane</strong></span> <span class='ocrx_word' id='word_1_87' title='bbox 989 2050 1241 2097; x_wconf 77' lang='lat' dir='ltr'><strong>haesitatum,</strong></span> 
     </span>
     <span class='ocr_line' id='line_1_15' title="bbox 119 2118 1243 2167; baseline 0.001 -11"><span class='ocrx_word' id='word_1_88' title='bbox 119 2118 224 2167; x_wconf 88' lang='lat' dir='ltr'><strong>quod</strong></span> <span class='ocrx_word' id='word_1_89' title='bbox 256 2118 441 2156; x_wconf 87' lang='lat' dir='ltr'><strong>nescirent</strong></span> <span class='ocrx_word' id='word_1_90' title='bbox 467 2129 513 2155; x_wconf 91' lang='lat' dir='ltr'><strong>an</strong></span> <span class='ocrx_word' id='word_1_91' title='bbox 537 2119 676 2155; x_wconf 82' lang='lat' dir='ltr'><strong>bellum</strong></span> <span class='ocrx_word' id='word_1_92' title='bbox 703 2118 930 2156; x_wconf 86' lang='lat' dir='ltr'><strong>Christianis</strong></span> <span class='ocrx_word' id='word_1_93' title='bbox 957 2119 1092 2166; x_wconf 84' lang='lat' dir='ltr'><strong>liceat,</strong></span> <span class='ocrx_word' id='word_1_94' title='bbox 1119 2130 1243 2167; x_wconf 81' lang='lat' dir='ltr'><strong>neque</strong></span> 
     </span>
     <span class='ocr_line' id='line_1_16' title="bbox 117 2187 1244 2236; baseline 0 -10"><span class='ocrx_word' id='word_1_95' title='bbox 117 2188 187 2227; x_wconf 89' lang='lat' dir='ltr'><strong>hac</strong></span> <span class='ocrx_word' id='word_1_96' title='bbox 215 2189 260 2226; x_wconf 87' lang='lat' dir='ltr'><strong>de</strong></span> <span class='ocrx_word' id='word_1_97' title='bbox 294 2200 334 2231; x_wconf 84' lang='lat' dir='ltr'><strong>re</strong></span> <span class='ocrx_word' id='word_1_98' title='bbox 371 2187 446 2226; x_wconf 86' lang='lat' dir='ltr'><strong>sibi</strong></span> <span class='ocrx_word' id='word_1_99' title='bbox 481 2188 570 2226; x_wconf 87' lang='lat' dir='ltr'><strong>satis</strong></span> <span class='ocrx_word' id='word_1_100' title='bbox 616 2199 834 2236; x_wconf 87' lang='lat' dir='ltr'><strong>persuasum</strong></span> <span class='ocrx_word' id='word_1_101' title='bbox 871 2188 1065 2226; x_wconf 84' lang='lat' dir='ltr'><strong>haberent.</strong></span> <span class='ocrx_word' id='word_1_102' title='bbox 1143 2189 1244 2226; x_wconf 77' lang='lat' dir='ltr'><strong>Mihi</strong></span> 
     </span>
     <span class='ocr_line' id='line_1_17' title="bbox 126 2258 1246 2308; baseline 0.001 -12"><span class='ocrx_word' id='word_1_103' title='bbox 126 2258 243 2296; x_wconf 86' lang='lat' dir='ltr'><strong>adhuc</strong></span> <span class='ocrx_word' id='word_1_104' title='bbox 273 2258 312 2296; x_wconf 89' lang='lat' dir='ltr'><strong>in</strong></span> <span class='ocrx_word' id='word_1_105' title='bbox 338 2266 496 2296; x_wconf 82' lang='lat' dir='ltr'><strong>mentem</strong></span> <span class='ocrx_word' id='word_1_106' title='bbox 531 2258 686 2297; x_wconf 89' lang='lat' dir='ltr'><strong>veniunt</strong></span> <span class='ocrx_word' id='word_1_107' title='bbox 720 2267 817 2306; x_wconf 90' lang='lat' dir='ltr'><strong>quot</strong></span> <span class='ocrx_word' id='word_1_108' title='bbox 854 2259 1125 2308; x_wconf 86' lang='lat' dir='ltr'><strong>disputationes</strong></span> <span class='ocrx_word' id='word_1_109' title='bbox 1150 2259 1246 2297; x_wconf 88' lang='lat' dir='ltr'><strong>inter</strong></span> 
     </span>
    </p>

    <p class='ocr_par' dir='ltr' id='par_1_3' title="bbox 640 2329 1247 2377">
     <span class='ocr_line' id='line_1_18' title="bbox 640 2329 1247 2377; baseline 0 -11"><span class='ocrx_word' id='word_1_110' title='bbox 640 2329 676 2366; x_wconf 85' lang='lat' dir='ltr'>A</span> <span class='ocrx_word' id='word_1_111' title='bbox 704 2341 725 2366; x_wconf 81' lang='lat'><em>2</em></span> <span class='ocrx_word' id='word_1_112' title='bbox 1188 2329 1247 2377; x_wconf 81' lang='lat' dir='ltr'><strong>ju-</strong></span> 
     </span>
    </p>
   </div>
  </div>
 </body>
</html>
