1502 2767
317 176 388 213 ιφ
547 161 1209 203 COMMENTATIO

310 274 422 312 rebus
459 271 602 310 bellicis
631 271 799 308 mitiores
833 283 874 309 ac
899 272 1133 309 humaniores
1165 282 1314 310 secutae
1349 273 1424 311 sint

309 355 446 382 mores.
526 342 662 388 Neque
687 340 781 378 enim
822 353 906 379 cum
944 349 1069 390 gentes
1106 341 1300 391 Euangelii
1339 344 1419 380 luce

306 412 573 457 obscuratiori,
603 422 651 448 ne
677 411 792 448 dicam
831 410 908 449 fere
935 413 1058 456 nullst,
1087 422 1187 449 erant
1227 413 1421 451 collustra-

303 497 383 532 me,
421 494 541 529 neque
572 493 655 519 cum
684 480 914 519 felicioribus
944 463 1090 530 ganisae
1120 492 1208 520 sunt
1246 482 1421 529 tempori-

301 556 400 601 bus,
429 563 591 600 unquam
627 561 776 589 nostrae
802 550 972 600 religioni
1000 552 1056 590 vis
1080 550 1249 589 salutaris
1282 551 1415 589 defuit.

300 626 353 663 Et
388 623 500 661 hodie
534 621 612 659 fere
638 622 765 658 nullus
796 630 852 657 est
883 621 1081 659 cultiorum
1104 621 1294 658 hominum
1312 648 1324 665 ‚
1353 619 1418 667 qui

300 705 377 732 non
403 693 637 731 humaniores
663 703 783 729 mores
812 700 847 728 et
869 690 1153 736 animadvertat,
1181 699 1218 727 et
1245 689 1412 737 religioni

299 764 435 803 tribuat
469 763 702 801 Christianae
727 762 811 811 (Ι).
863 760 960 810 Ejus
991 760 1238 798 efficacitatem
1262 760 1299 798 in
1326 759 1415 798 belli

297 834 450 884 gerundi
487 833 663 872 rationem
691 843 858 880 magnam
897 830 1044 877 fuisse,
1073 830 1183 868 docet
1209 831 1414 868 luculenter

298 906 461 953 gentium
489 903 660 944 historia,

347 974 520 1012 Profecto
544 975 580 1010 in
617 972 802 1031 principes
841 973 1068 1020 populorum
1086 999 1099 1019 ‚
1128 971 1192 1019 qui
1225 971 1334 1019 primi
1357 983 1414 1010 se-

296 1057 336 1083 se
382 1043 569 1090 religionis
609 1042 844 1081 Christianae
885 1043 1047 1079 cultores
1090 1041 1250 1088 professi
1294 1051 1410 1089 sunt,

295 1127 407 1164 parva
428 1115 590 1152 cernitur
615 1114 694 1163 ejus
717 1113 802 1160 vis;
832 1113 883 1149 uti
898 1112 1063 1149 videmus
1091 1113 1127 1148 in
1154 1112 1353 1150 Consta
1366 1123 1409 1150 n·

296 1187 408 1225 tino
426 1215 438 1234 ,
461 1185 524 1233 qui
539 1213 549 1231 ,
567 1185 724 1222 Romam
753 1184 892 1221 intrans
908 1210 920 1229 ‚
938 1183 982 1221 M
996 1195 1014 1220 a
1028 1195 1050 1220 x
1065 1195 1083 1221 e
1096 1194 1119 1220 n
1134 1182 1197 1220 tii
1223 1182 1407 1221 interfecti

292 1266 402 1305 caput
424 1255 494 1294 sibi
525 1254 697 1304 praeferri
721 1253 849 1303 jussit.
890 1253 1034 1292 Deinde
1059 1262 1179 1290 autem
1203 1252 1265 1290 ille
1287 1252 1411 1290 mitio-

293 1337 368 1364 rem
405 1336 485 1362 sese
520 1336 559 1361 ac
595 1322 870 1361 clementiorem
892 1321 1078 1370 praestitit
1111 1322 1148 1359 iu
1181 1321 1326 1369 legibus
1352 1321 1408 1359 in-

293 1395 511 1443 stitutisque
539 1395 621 1440 (2).
656 1414 710 1422 —
737 1392 890 1439 Saepius
918 1402 1048 1439 postea
1075 1391 1113 1429 in
1141 1391 1295 1439 imperio
1329 1392 1408 1430 Ro-

292 1477 400 1506 mano
435 1464 569 1502 milites
587 1490 600 1508 ,
650 1473 685 1499 et
728 1462 944 1509 quicunque
987 1460 1175 1499 civitatem
1232 1461 1405 1501 defende-

289 1545 397 1582 rent,
425 1534 469 1572 ab
501 1532 787 1581 Imperatoribns
823 1532 921 1581 jussi
963 1541 1076 1578 sunt,
1105 1540 1145 1569 ut
1178 1534 1314 1571 nullam
1350 1535 1405 1571 in'-

292 1605 513 1645 nocentibus
541 1602 613 1639 vim
658 1602 863 1647 inferrent,
904 1613 984 1639 sese
1023 1613 1106 1650 erga
1131 1613 1260 1640 omnes
1298 1616 1402 1652 prae-

291 1684 427 1713 starent
443 1675 623 1711 humanos
638 1701 649 1720 ‚
669 1681 699 1709 ct
731 1672 870 1710 incolas
885 1682 929 1709 ne
953 1671 1100 1714 minime
1124 1673 1269 1719 quidem
1297 1685 1404 1712 vexa·

1306 1753 1405 1785 rent·

326 1879 378 1918 (ι)
398 1878 457 1907 eff.
481 1879 517 1906 T.
546 1879 706 1913 Rothe,
734 1880 834 1907 1.l.1.
866 1886 897 1912 p.
924 1888 972 1915 44.
998 1886 1028 1906 et
1059 1880 1209 1913 Gnve,
1241 1877 1400 1905 Abhundl.

288 1943 319 1970 p.
344 1941 408 1971 145.
431 1943 465 1962 ac
487 1935 664 1961 Ucbersicht
683 1935 737 1962 der
759 1935 968 1963 vornehmsten
989 1935 1172 1971 Principien
1198 1934 1254 1962 dor
1281 1934 1402 1962 Sitten-

287 1992 371 2020 lchre
398 1991 536 2027 (ureslau
569 1992 670 2028 1813.)
700 1999 731 2026 p.
760 2000 835 2026 1122,
860 1997 923 2023 131.
956 1992 1024 2026 lpse
1054 1982 1401 2031 Montesquixfius

286 2048 439 2085 (I'Esprit
465 2049 512 2075 des
534 2048 631 2082 Lake,
658 2049 693 2076 L.
717 2049 793 2077 XXI.
814 2049 860 2076 ch.
883 2050 1093 2083 3.)salutarem
1121 2048 1200 2076 illam
1221 2047 1401 2076 conversio-

287 2114 355 2134 nem
374 2105 515 2140 religioni
547 2105 651 2133 tribuit
668 2105 868 2133 Christianae.

326 2162 619 2197 (23Cs.Rothe,
644 2163 761 2191 1.1.11.
781 2171 809 2196 p.
828 2170 884 2195 32,
908 2163 1031 2197 90.1[l.
1049 2170 1080 2196 p.
1104 2170 1157 2196 92.
1187 2170 1247 2197 ¹¹4·
