1538 2689
497 143 844 184 MEDICA.
1184 147 1233 193 65

131 252 318 299 solvitur3
354 252 439 290 dum
465 259 567 300 patet
599 252 920 292 inflammationem
958 253 1084 291 debito
1116 253 1235 293 mino-

130 332 207 360 rem
237 332 343 369 esse,
369 322 403 360 si
437 321 592 370 ligatura
621 323 770 361 tenuior
797 333 867 363 est.

180 393 369 431 Praeterea
409 392 448 431 in
483 393 543 430 illa
575 394 750 431 methodo
790 394 1062 442 haemorrhagia
1105 404 1236 432 secun-

128 462 254 510 daria,
305 462 338 499 si
368 461 523 511 ligatura
561 462 653 500 bene
691 463 864 502 instituta·
896 474 979 512 est,
1031 463 1107 502 fere
1140 475 1237 503 nun-

129 543 239 580 quam
275 532 523 580 observatur3
565 544 647 570 narn
677 544 806 571 omnes
840 533 1077 572 conditiones
1109 533 1238 572 favent

129 601 173 638 ad
211 602 309 639 illam
344 602 630 650 prohibendam.
687 603 728 640 Si
759 602 918 651 primum
951 605 1156 653 ponimus,
1195 604 1240 642 11-

130 681 294 721 gaturam
323 672 592 721 suppuratione
619 680 820 721 spontanea
847 685 886 711 se
919 673 1034 722 ipsam
1069 675 1240 722 solvere,

129 741 312 788 vidimus,
360 743 513 790 coagula
548 742 737 791 sanguinis
769 743 998 781 confluxisse
1033 755 1118 781 curn
1148 752 1243 781 arte-

131 810 205 857 ria,
232 812 428 859 coagulum
465 819 654 848 externum
681 812 853 860 lymphae
882 812 1058 860 plasticae
1087 812 1244 850 absorb-

131 888 212 918 tum
246 891 327 918 esse
353 888 389 917 et
420 880 722 928 conjunctionem
763 882 983 928 productam
1023 882 1117 919 inter
1151 882 1243 920 fines

131 949 350 989 transcissae
381 948 547 987 arteriae.
602 949 705 998 Quid
731 958 853 987 autem
889 962 1013 988 ansam
1035 952 1121 988 dare
1152 963 1243 999 pos·

132 1028 188 1058 set
209 1019 255 1057 ad
283 1018 593 1064 haemorrhagiam
628 1019 903 1067 secundariam,
934 1032 1048 1068 quum
1070 1022 1172 1058 nulla
1199 1033 1244 1059 ex

129 1089 253 1127 causis
285 1100 399 1137 supra
433 1088 551 1126 allatis
592 1088 716 1137 adsit,
743 1089 945 1128 nescimus.
971 1113 1023 1121 —
1056 1092 1243 1130 Nonnulli

129 1166 437 1209 proposuerunt,
467 1158 600 1206 viginti
639 1167 801 1207 quatuor
829 1159 932 1198 horis
961 1162 1242 1209 praeterlapsis,

133 1240 176 1268 ut
218 1230 372 1279 ligatura
416 1230 650 1276 demeretur,
703 1229 808 1278 quod
854 1242 944 1269 vero
988 1230 1243 1270 dissuademus

133 1299 240 1338 etiam
279 1307 435 1348 propter
460 1310 591 1338 causas
624 1299 766 1339 allatas.

611 1447 649 1494 ἕ.
706 1458 770 1494 19.

340 1590 579 1640 Dijudicatio
605 1590 766 1630 methodi
791 1591 1038 1642 Scarpianae.

186 1727 421 1775 Methodus,
446 1739 466 1765 a
496 1729 677 1776 Scar‘pa
699 1726 889 1772 adhibita,
918 1725 1039 1774 primo
1065 1724 1243 1772 adspectu
1300 1759 1303 1761 .

135 1798 285 1846 placet3
313 1808 423 1845 nam,
453 1807 583 1845 quarta
608 1800 679 1847 jam
708 1797 767 1835 die
801 1806 889 1844 post
912 1795 1120 1832 institutam
1157 1804 1245 1841 ope-

135 1866 340 1914 rationem,
367 1877 580 1916 apparatum
620 1867 830 1915 ligatorium
872 1865 1012 1912 demit,
1041 1865 1137 1902 unde
1162 1863 1246 1901 vul-

135 1946 207 1974 nus
241 1937 355 1984 prima
390 1937 598 1975 intentione
634 1946 760 1985 potest
801 1936 936 1974 sanari.
982 1935 1185 1980 Attamen,
1212 1933 1245 1970 si

137 2008 327 2055 paululum
360 2011 568 2046 accuratius
604 2008 754 2045 eandem
790 2015 1094 2054 perscrutemur,
1122 2002 1244 2041 minus

140 2075 311 2124 placebit.
364 2077 421 2116 Ut
449 2077 637 2124 vidimus,
666 2076 825 2125 imponit
857 2075 1010 2113 arteriae
1037 2074 1245 2122 cylindrum
1284 2080 1287 2082 ’

139 2145 317 2192 linteum,
344 2158 425 2185 cera
450 2146 643 2185 inductum
659 2174 672 2194 ,
692 2146 939 2195 longitudinis
956 2156 1020 2183 sex
1040 2144 1216 2182 linearum
1233 2171 1246 2189 ‚

141 2215 343 2254 latitudinis
389 2217 526 2264 trium,
582 2227 693 2266 super
741 2228 849 2263 quem
886 2214 992 2264 ponit
1044 2214 1120 2252 duo
1164 2214 1250 2260 fila,

193 2297 315 2325 noct<-
683 2286 715 2325 E
1023 2324 1026 2325 γ
1155 2296 1250 2333 quo-
