1523 2745
441 169 955 210 LITERARIA
1212 183 1258 225 ῃ

149 280 390 326 concessum,
442 279 610 328 plerique
643 287 865 328 agnoscunt.
929 280 1018 318 Erat
1056 280 1148 318 illud
1183 291 1261 319 non

146 355 348 387 constans:
378 349 600 397 plerumque
625 357 745 386 tamen
783 348 892 386 militi
916 350 1092 399 (ὃπλιτῇ)
1123 350 1262 387 daban-

147 426 210 455 tur
240 417 316 455 duo
342 418 446 455 oboli
469 418 646 466 stipendii
667 420 779 466 loco,
806 428 845 457 et
874 419 1029 457 totidem
1055 431 1123 467 pro
1157 420 1260 459 victu

148 488 385 537 (σιτηρέσιον)
407 487 500 535 (1),
528 488 726 527 classiariis
756 482 904 536 saepius
932 497 1006 526 tres
1035 490 1138 527 oboli
1156 490 1224 539 (2)
1247 503 1259 529 ε

146 557 234 595 licet
260 557 416 595 Pericles
459 556 540 606 ipse
576 558 757 597 militibus
783 558 822 596 in
850 558 1041 597 Potidaeae
1066 559 1265 601 obsidione

148 627 360 675 occupatis,
391 626 441 664 ob
470 627 638 666 laborum
666 628 985 676 magnitudinem,
1014 630 1105 669 duas
1137 631 1266 670 drach-

148 705 225 732 mas
263 695 432 742 quotidie
456 697 597 746 porrigi
627 699 807 747 jusserit‚
838 699 977 745 quibus
1003 708 1091 738 tunc
1116 701 1170 740 illi
1199 704 1268 740 mi-

148 764 289 803 nistros
316 777 408 804 suos
435 767 504 816 (3)
529 769 681 807 alerent.
738 768 804 806 Sin
832 768 946 817 igitur
983 771 1104 819 magni
1128 772 1268 811 exercis-

148 841 214 871 tus
241 842 344 872 erant
381 835 585 883 educendi,
624 848 778 885 magnos
812 847 985 885 sumptus
1018 839 1056 877 in
1090 841 1178 879 haec
1200 842 1268 880 sti-

149 904 283 953 pendia
321 902 417 942 facta
442 904 563 943 fuisse
590 915 771 954 apparet:
812 907 916 954 quod
941 916 1063 946 tamen
1096 910 1177 948 sine
1209 923 1268 949 ae-

151 972 237 1010 rarii
270 974 519 1021 detrimento,
572 984 614 1013 ut
642 975 780 1013 factum
813 988 894 1014 esse
929 979 1098 1026 credam,
1134 981 1266 1019 suadet

150 1044 258 1081 locus
294 1055 340 1082 ex
386 1044 554 1082 oratione
595 1053 725 1082 contra
767 1046 948 1085 Neaeram
987 1043 1086 1097 (Ἃρ),
1114 1042 1179 1086 ubi
1215 1052 1267 1088 le-

149 1112 260 1162 gibus
294 1113 385 1151 olim
419 1121 568 1151 cautum
600 1114 764 1162 dicitur,
807 1124 849 1153 ut
872 1115 960 1153 belli
990 1124 1158 1166 tempore
1184 1120 1269 1158 reli-

153 1182 263 1232 quiae
285 1182 469 1221 redituum
495 1183 620 1222 forent
646 1184 838 1224 militares.
875 1185 957 1223 Nec
973 1189 1269 1235 praetermitten-

151 1254 239 1292 dum
285 1255 389 1302 quod
429 1254 586 1292 dev1ctis
616 1254 790 1293 hostibus
821 1257 956 1294 mulcta
989 1257 1132 1306 imponi
1169 1261 1268 1299 sole-

151 1323 216 1362 bat
249 1324 345 1374 (5),
374 1325 450 1371 qua
467 1323 643 1372 expensis
669 1324 864 1372 provisum
881 1352 894 1374 ,
920 1325 1068 1375 illisque
1095 1329 1192 1367 haud
1218 1329 1269 1370 ita

152 1394 320 1443 magnis,
366 1395 425 1432 vel
456 1402 675 1442 propterea,
716 1395 820 1442 quod
846 1395 977 1444 copiae
1006 1408 1089 1436 raro
1126 1399 1268 1438 diutius

91 1514 94 1516 v
155 1475 263 1512 quam
300 1474 368 1513 per
398 1463 452 1502 V.
493 1475 638 1503 menses
679 1464 717 1502 in
752 1466 987 1513 expeditione
1011 1479 1266 1518 morarentur,

155 1542 200 1571 ut
233 1533 441 1572 inauditum
486 1545 531 1572 eo
575 1545 697 1582 usque
738 1534 938 1573 consilium
974 1526 1168 1584 perfecerit
1202 1541 1269 1579 Pe-

155 1603 289 1651 ricles,
330 1614 446 1651 quum
489 1604 692 1652 quotannis
733 1604 816 1644 LX.
857 1605 1024 1645 triremes
1058 1609 1266 1658 emitteret,

101 1715 104 1718 ,
156 1683 252 1721 quae
278 1684 344 1722 per
372 1672 481 1713 VIII.
497 1684 642 1712 menses
681 1675 883 1714 continuos
909 1688 975 1725 per
1001 1677 1114 1717 maria
1145 1692 1271 1719 curre·

1170 1761 1268 1792 rent·

194 1855 247 1895 (ι)
268 1854 347 1883 Vide
371 1854 506 1883 Eoeckh.
533 1860 588 1888 op.
605 1854 639 1888 ,1.
662 1860 694 1888 p.
723 1860 790 1888 293.
819 1854 917 1883 Locus
936 1853 1080 1884 classicus
1104 1857 1184 1892 apud
1205 1857 1271 1887 De.

156 1915 263 1944 mosth-
283 1911 420 1948 Philipp.
441 1911 466 1941 1.
483 1919 533 1948 47.

195 1971 247 2008 (2)
268 1970 367 1999 Thuc.
390 1969 475 1998 vm.
492 1976 542 2005 4⁵·

195 2029 252 2066 (3)
270 2028 368 2056 Thuc.
389 2026 444 2055 111.
468 2034 514 2061 17.
535 2031 625 2060 quem
650 2025 690 2054 ob
711 2026 819 2055 oculos
837 2026 940 2056 habuit
956 2028 1078 2058 Pollux.
1096 2016 1150 2061 Iis.
1169 2033 1237 2066 165.

196 2085 250 2122 (4)
266 2086 405 2119 P.-1346.
427 2085 481 2113 ed·
499 2083 609 2114 Reislt.
627 2082 671 2111 cf.
699 2082 792 2112 verba
816 2083 936 2120 Ulpiani
955 2085 992 2113 ad
1009 2087 1130 2120 Olynth.
1147 2088 1171 2117 1.
1192 2096 1269 2124 quae

160 2142 203 2171 ibi
224 2142 343 2170 adducit
365 2142 529 2175 Taylorus.

198 2199 250 2236 (5)
271 2199 308 2228 V.
331 2206 375 2233 gr.
406 2196 512 2226 Samiis
545 2198 622 2227 Plut.
651 2199 717 2227 Per.
754 2200 804 2233 233.
830 2196 923 2227 Diod.
949 2197 1008 2230 Sic.
1039 2200 1117 2235 xm
1145 2206 1193 2233 28.
1228 2205 1268 2233 cf.

160 2256 334 2286 noea-kmi.
355 2262 382 2283 c·
400 2262 431 2290 p.
451 2261 519 2289 ιιι.
