1564 2750
92 212 190 243 sectio
202 213 243 241 11.
263 207 292 247 5.
305 220 334 249 4.

349 153 396 189 86
586 153 1250 217 COMMENTATU)

344 283 421 310 sem
447 279 638 320 exactum,
668 282 783 312 totam
808 275 1001 314 Euboeam
1025 275 1098 313 sibi
1124 276 1299 326 subjecit.
1356 276 1457 315 Dum

344 341 456 381 Samii
486 342 682 381 obsidione
704 352 804 382 erant
829 345 968 393 cincti,
994 356 1110 393 quum
1129 345 1210 394 ipse
1231 346 1270 383 in
1293 346 1458 384 exercitu

302 418 304 421 ’
342 411 492 458 aderat,
519 423 576 449 res
608 411 764 450 feliciter
791 413 1037 461 gerebantur,
1078 421 1190 461 atque
1220 413 1310 452 urbs
1342 414 1455 452 variis

343 480 679 519 machinationibus
695 510 709 529 ,
725 482 805 521 sive
830 495 851 520 a
875 482 1014 521 Pericle
1037 483 1121 532 ipso
1136 510 1150 531 ,
1178 483 1259 522 sive
1281 482 1352 520 sub
1377 484 1456 533 eJ'us

342 549 546 599 auspiciis,
560 550 744 599 inventis,
760 552 976 599 urgebatur.
1001 552 1079 591 Vix
1105 561 1228 591 autem
1249 551 1369 591 abfuit
1391 553 1458 591 Pe-

341 619 478 667 ricles,
506 621 598 668 quin
626 621 875 660 Athenienses
907 622 1095 672 profligati
1127 623 1228 669 sint,
1268 622 1456 671 Samiique

341 689 450 727 maris
480 689 674 739 imperium
705 693 914 741 tenuerint,
943 694 1010 732 sed
1032 693 1172 732 Pericle
1198 703 1378 739 reverso,
1395 703 1454 731 res

339 759 446 798 brevi
468 761 659 799 restitutae
683 771 797 809 sunt,
813 762 1009 810 insulaque
1029 762 1068 800 in
1087 762 1371 801 Atheniensium
1399 761 1454 799 di-

337 828 476 867 tionem
498 831 655 869 redacta.
683 831 764 869 Nec
780 832 841 870 illa
852 831 1038 870 fortitudo
1061 844 1145 870 eum
1168 832 1207 869 in
1231 831 1332 869 bello
1347 831 1454 869 Pelo-

335 899 563 946 ponnesiaco
589 901 769 941 deseruit.
797 902 995 941 Prudentia
1017 901 1194 940 suadebat
1212 930 1226 950 ,
1251 913 1298 940 ne
1324 909 1453 939 contra

333 968 653 1017 Peloponnesios,
689 982 846 1010 numero
874 973 993 1010 multo
1022 973 1204 1021 maJ'ores,
1231 984 1317 1010 cum
1356 971 1454 1010 mili-

333 1036 434 1074 tibus
474 1038 735 1090 egrederetur3
776 1041 841 1079 sed
879 1053 977 1080 mare
1016 1051 1183 1090 apertum
1222 1048 1451 1089 quocunque

332 1105 471 1145 aditum
498 1108 724 1157 praebebat,
775 1119 812 1148 et
845 1112 1003 1149 Pericles
1039 1112 1248 1161 intelligens
1267 1139 1282 1160 ‚
1319 1112 1449 1149 hostes

331 1187 437 1225 aegre
458 1177 600 1216 laturos
625 1190 731 1226 esse,
759 1179 896 1218 bellum
925 1181 962 1219 in
986 1193 1089 1219 suain
1117 1183 1307 1229 regionem
1334 1180 1448 1219 infer-

336 1247 396 1293 ri,
423 1248 559 1285 classes
595 1248 798 1295 instruxit,
827 1250 993 1298 quibus,
1021 1251 1080 1288 vel
1101 1250 1182 1298 ipse
1208 1250 1254 1288 iis
1284 1249 1449 1299 praefec-

291 1319 293 1321 ’
337 1325 398 1353 tus
413 1344 426 1363 ,
451 1317 510 1354 vel
530 1317 622 1354 alios
644 1317 884 1366 imperatores
909 1320 1077 1367 ipsorum
1092 1318 1308 1367 praeficiens
1322 1347 1335 1367 ,
1365 1331 1448 1358 oras

333 1386 581 1434 Peloponnesi
618 1387 922 1436 Acarnaniaeque
958 1390 1189 1437 devastavit,
1227 1398 1447 1438 tantumque

330 1456 504 1494 hostibus
543 1457 702 1497 incussit
736 1466 938 1506 terrorem,
980 1468 1022 1496 ut
1062 1458 1200 1506 singuli
1239 1470 1349 1506 quam
1386 1469 1446 1497 ce·

328 1525 472 1564 lerrime
509 1527 659 1566 domum
699 1540 740 1566 se
772 1529 1006 1577 reciperent,
1045 1540 1086 1566 ac
1123 1536 1254 1577 postea
1288 1528 1445 1576 separati

327 1595 621 1635 devincerentur.
675 1597 790 1637 Aliud
826 1599 917 1647 quid
941 1599 979 1636 in
1003 1599 1153 1638 Periclis
1181 1598 1330 1647 gerendi
1357 1597 1445 1636 belli

328 1664 469 1703 ratione
491 1666 679 1705 observari
695 1677 861 1716 oportet.
889 1670 1003 1707 Nulla
1027 1669 1123 1707 enim
1144 1668 1303 1715 civitas,
1334 1678 1443 1715 quam

327 1736 613 1774 Atheniensium
643 1737 885 1776 dominationi
917 1739 1184 1788 subjiciendam
1208 1738 1442 1784 decreverat,

325 1805 406 1852 ejus
441 1806 551 1843 armis
585 1807 757 1845 resistere
791 1808 939 1856 potuit,
980 1809 1242 1857 Euboeaque,
1269 1807 1440 1856 Aegina,

324 1874 517 1922 Megaris,
543 1875 674 1913 Samus
697 1886 733 1914 et
761 1878 961 1925 Potidaea,
990 1877 1159 1926 quamvis
1185 1878 1329 1915 incolae
1360 1887 1440 1914 om-

323 1942 436 1981 nibus
460 1943 604 1982 viribus
633 1945 912 1993 obniterentur,
942 1947 1087 1985 tandem
1115 1958 1243 1985 omnes
1264 1957 1440 1985 succum-

326 2013 413 2050 bere
442 2013 665 2054 debuerunt.
703 2016 765 2054 Ne
795 2028 884 2054 vero
908 2016 993 2065 quis
1015 2016 1135 2063 dicat,
1163 2017 1267 2055 illum
1287 2016 1333 2055 ab
1360 2016 1436 2055 Oe·

323 2082 477 2129 neadis,
527 2084 819 2134 Epidauriisque
857 2098 895 2124 re
929 2085 1065 2125 infecta
1106 2086 1263 2125 abiisse:
1304 2087 1437 2126 Pericli

322 2151 417 2188 enim
455 2161 534 2191 non
568 2153 659 2192 illud
703 2156 939 2204 propositum
985 2166 1088 2204 erat,
1138 2166 1180 2195 ut
1220 2158 1284 2195 has
1323 2156 1435 2195 urbes

320 2231 491 2269 caperet3
535 2224 624 2272 sed,
653 2237 765 2272 quum
794 2237 901 2274 agros
932 2235 1142 2266 vastaturus
1179 2225 1434 2267 escensionem

1376 2296 1432 2334 fa-
