1502 2767
223 221 292 258 186
442 218 1104 260 COMMENTATlo

267 327 442 367 Cernitur
471 335 593 365 autem
633 327 694 365 illa
730 328 963 375 emendatio,
1010 327 1049 366 in
1087 327 1204 376 bello,
1241 341 1325 378 par-

214 399 280 437 tim
329 398 580 449 suscipiendo,
619 397 751 446 partim
787 397 967 448 gerundo.
1034 397 1241 439 Hominum
1266 398 1323 438 -de

210 468 300 507 bello
324 468 547 519 suscipiendo
571 467 769 506 sententias
795 468 1003 506 emendatas
1025 477 1109 507 esse
1133 467 1220 507 hinc
1249 468 1324 511 effi-

211 538 329 577 citur:

263 620 299 646 1.
329 609 431 656 quod
458 606 552 647 bella
573 617 652 645 non
677 608 752 645 siut
776 614 835 645 tot
861 617 1043 657 numero,

259 689 298 716 2.
325 687 394 714 nee
417 677 491 714 levi
517 676 563 715 de
588 687 723 724 causa,
753 676 846 724 quin

261 758 297 796 3.
324 755 454 785 contra
476 748 704 795 populorum
733 747 961 785 voluntatem
989 745 1268 798 suscipiantur3

257 828 298 864 4.
326 825 362 854 et
404 817 438 854 si
482 816 608 855 evitari
658 824 870 864 nequeant,
922 816 1053 864 populi
1104 815 1319 858 melioribus

207 886 309 924 ducti
355 886 578 935 principiis,
617 897 698 925 sese
727 887 777 924 ad
809 885 905 924 bella
953 887 1143 936 accingant
1181 886 1322 926 eadem-

212 968 286 1005 que
312 966 452 1005 gerant.

256 1097 305 1135 In
342 1100 418 1146 ipso
448 1096 537 1134 bello
568 1096 736 1146 gerundo
777 1096 947 1134 homines
986 1094 1158 1134 meliores
1192 1093 1322 1134 fovere

212 1165 441 1213 sententias,
477 1174 578 1214 patet
613 1178 657 1204 ex
691 1177 760 1203 eo:

261 1237 364 1284 quod
381 1235 527 1283 minus,
554 1257 606 1265 ——
630 1246 698 1272 nee
723 1235 807 1272 data
828 1234 945 1283 opera
961 1254 1040 1280 ,—-
1060 1234 1135 1271 sint
1153 1233 1322 1271 homines

209 1307 405 1353 crudeles,
443 1306 503 1344 vel
531 1314 699 1352 atroces,
727 1326 780 1335 —
806 1304 845 1341 id
873 1304 978 1352 quod
1008 1303 1208 1352 inprimis,
1234 1310 1324 1351 post

208 1377 400 1415 victoriam
425 1383 672 1423 reportatam,
699 1374 738 1412 in
765 1375 848 1423 J'ure
885 1373 972 1410 belli
1013 1372 1172 1426 aliisque
1206 1372 1324 1413 cerni-

208 1455 297 1494 tur;
352 1456 446 1493 quae
485 1444 630 1493 singula
672 1454 715 1482 ut
759 1443 914 1481 clariore
959 1442 997 1480 in
1040 1444 1122 1482 luce
1163 1443 1325 1481 colloce-

209 1529 318 1563 mus,
358 1527 455 1564 opus
494 1514 563 1552 erit
599 1498 915 1562 comparationem
944 1513 1143 1552 instituere
1178 1520 1328 1550 senten-

207 1588 369 1633 tiarum,
399 1596 490 1634 quas
517 1584 651 1633 populi
686 1583 877 1631 religionis
911 1582 1152 1620 Christianae
1186 1582 1325 1619 doctri-

208 1668 275 1694 nae
307 1656 448 1704 ignari,
476 1655 576 1701 iique
606 1653 672 1700 qui
707 1654 819 1702 hujus
848 1655 931 1690 luce
958 1651 1168 1690 collustrati
1191 1660 1322 1700 erant,

208 1737 293 1764 cum
321 1726 366 1763 de
395 1725 493 1762 bello
527 1724 792 1772 suscipiendo,
829 1731 908 1760 tum
950 1723 995 1760 de
1032 1724 1161 1761 eodem
1189 1734 1325 1771 gerun-

209 1798 258 1834 do
275 1825 289 1844 ,
317 1795 530 1834 habuerint.

256 1868 362 1905 Duas
395 1865 457 1902 hic
490 1862 759 1912 praemittimus
797 1862 1091 1900 observationes.

262 1950 298 1976 1.
327 1933 569 1982 Comparatio
609 1933 697 1970 haec
726 1942 803 1969 non
827 1939 954 1981 potest
976 1943 1060 1969 esse
1083 1930 1158 1968 nisi
1175 1933 1324 1970 univer-

210 2018 266 2045 sa.
294 2004 468 2051 Iniquum
491 2002 567 2049 sit,
594 2001 758 2050 egregias
783 2001 828 2038 de
851 2001 947 2038 bello
976 2002 1141 2050 gerundo
1167 2009 1326 2050 praepter-

210 2074 332 2114 videre
369 2073 595 2119 sententias,
622 2082 715 2118 quae
748 2071 846 2119 apud
873 2071 1038 2120 populos
1071 2081 1148 2108 non
1189 2070 1326 2120 ⁴Chris-

208 2143 330 2182 tianos
376 2141 558 2179 interdum
593 2137 807 2177 occurrunt.
872 2139 970 2188 Quis
1011 2149 1088 2176 non
1122 2138 1326 2176 laudaverit

210 2212 483 2258 Athenienses,
512 2222 652 2258 quum,
689 2220 764 2247 uno
795 2209 960 2247 Aristide
994 2217 1174 2257 auctore,
1200 2209 1326 2248 consi-

209 2283 328 2331 lium,
351 2294 371 2320 a
388 2281 617 2320 Themistcle
639 2291 762 2318 secum
783 2280 1118 2329 communicatum,
1141 2280 1323 2330 injustum

1239 2361 1327 2397 pro-
