1502 2767
382 162 975 206 THEOLOGICA.
1170 178 1241 216 175

135 277 279 328 gratia,
306 281 343 314 et
359 276 491 315 Gallos
507 303 520 322 ,
548 277 636 315 odio
674 284 803 315 contra
836 289 876 315 se
901 277 1058 316 invicem
1092 278 1244 326 flagrare

132 345 389 393 internecino,
425 345 612 395 principes
656 357 733 384 non
780 347 854 385 nisi
903 347 1068 396 politicis
1111 348 1246 387 ductos

132 417 301 457 consiliis
328 416 540 454 societatem
568 416 687 464 inire;
716 417 810 455 alia:
841 426 1054 464 memento,
1082 417 1114 455 si
1141 417 1245 465 prius

132 488 180 526 de
201 487 410 525 hocillove
434 487 578 536 populo
603 487 676 525 dici
690 496 843 536 potest,
871 499 948 525 non
971 496 1092 526 tamen
1107 487 1146 525 id
1164 489 1248 525 uni-

134 569 241 596 verse
258 558 402 606 va1ere3
431 566 468 594 et
501 558 603 605 quod
628 559 673 596 ad
696 557 884 606 posterius
911 556 1065 604 attinet,
1094 556 1247 605 politica

132 627 288 666 consilia
315 627 429 666 haud*
451 639 596 676 semper
633 628 860 674 damnanda,
901 627 991 675 quin
1020 628 1247 667 Christianis

132 698 325 747 principiis
367 697 438 736 niti
473 706 634 747 possunt
674 707 712 736 et
745 709 890 746 semper
935 698 1084 737 debent.
1148 699 1247 737 Utut

134 768 318 817 sit‚·quae
337 768 614 816 disputavimus
631 767 772 815 ,dubio
796 769 985 816 superiora
1007 780 1113 814 esse,
1143 768 1250 815 quis-

134 838 307 887 que¹sibi
330 838 595 887 persuadebit,
629 839 694 886 qui
722 837 987 876 hodiernorum
1020 841 1249 886 populorum

137 910 183 948 ad
216 920 260 947 se
309 909 467 948 invicem
504 908 667 947 rationes
710 919 794 945 cum
840 917 1006 945 veterum
1041 907 1248 946 rationibus

133 979 329 1026 conferat3
392 987 651 1027 comperturus
707 977 872 1025 quippe,
918 978 1121 1015 hodiernos
1184 990 1254 1025 po·

132 1050 246 1098 pulos
275 1048 446 1086 universe
484 1049 546 1097 jus
586 1048 749 1096 gentium
782 1058 1009 1096 agnoscere,
1059 1059 1100 1085 se
1155 1049 1254 1086 invi-

133 1129 214 1158 cem
248 1117 408 1156 revereri
441 1126 478 1156 et
521 1119 677 1156 salutem
714 1125 907 1166 spectare,
945 1125 1030 1155 ante
1062 1118 1249 1165 cognitam

135 1187 348 1237 Religionis
367 1187 826 1227 Christianae‘doctrinam
841 1210 854 1234 ,
872 1188 1106 1236 peregrinum
1123 1199 1253 1236 quem·

135 1257 195 1296 vis
221 1257 464 1297 infensissimi
488 1259 606 1297 instar
626 1259 750 1297 hostis
777 1258 946 1297 habitum
981 1258 1113 1299 fuisse.

638 1414 674 1460 §-
717 1426 753 1461 3·

186 1567 392 1617 Religionis
409 1567 649 1606 Christianae
671 1568 848 1607 doctrine?
875 1573 1026 1622 imperii
1045 1575 1198 1616 formae

247 1638 307 1675 ita
342 1646 511 1676 mutatae
546 1647 659 1685 sunt,
709 1648 752 1677 at
786 1652 857 1678 non
890 1644 1032 1692 possint
1067 1655 1137 1683 non

353 1707 546 1756 beneficam
574 1710 615 1746 in
649 1709 747 1748 bella
776 1711 849 1748 vim
890 1712 1039 1752 habere.

184 1862 394 1923 Religionis
434 1864 670 1904 Christianae
708 1865 876 1903 doctrina
900 1876 977 1903 non
1016 1874 1156 1904 tantum
1182 1879 1250 1915 po-
1303 1850 1305 1852 .

134 1936 309 1984 pulorum
343 1936 639 1985 conjunctione,
668 1936 860 1973 hominum
886 1936 931 1973 de
952 1935 1049 1973 bello
1082 1929 1246 1984 gerundo

134 2005 336 2044 sententias
371 2005 601 2053 emendavit,
641 2017 768 2044 verum
808 2005 916 2044 etiam
943 2006 981 2044 in
1008 2007 1164 2056 singulis
1199 2009 1252 2045 ci-

132 2076 310 2115 vitatibus
347 2076 432 2114 talia
466 2075 665 2114 constituit
704 2076 842 2125 quibus
882 2088 959 2114 non
993 2086 1139 2125 poterat
1169 2089 1248 2116 non

134 2145 230 2184 idem
254 2146 341 2185 finis
370 2145 543 2184 obtineri.
606 2146 754 2195 Imperii
776 2145 915 2185 formas
942 2147 1115 2193 dicimus,
1152 2150 1251 2198 leges

137 2223 174 2252 et
205 2215 388 2254 instituta.
417 2217 474 2253 De
510 2215 653 2263 imperii
688 2214 821 2254 formis
846 2217 957 2255 hacce
988 2218 1010 2265 §
1040 2216 1243 2258 videamus.

1122 2288 1251 2338 Qualis»
