1538 2689
520 133 870 176 MEDICA.
1199 158 1244 193 73

189 235 256 279 IX.
286 240 465 288 Ligatura
494 241 641 280 institui
668 245 778 282 debet
803 251 933 293 procul
969 261 987 286 a
1017 262 1116 288 ramo
1160 255 1249 291 iate-

136 309 230 355 rali,
270 310 383 358 quia,
430 312 462 349 si
512 312 612 350 'haud
642 315 752 362 longe
788 316 872 354 hinc
914 318 1007 358 facta
1044 321 1122 367 sit,
1162 333 1247 361 coa-

138 379 265 426 gulum
281 390 470 428 nunquam
493 381 569 420 fere
592 383 742 422 formari
761 395 901 434 potest.

187 447 237 485 X.
267 448 384 487 Filum
415 450 713 492 habeatformam
742 458 932 495 rotundam
953 487 964 504 ‚
993 468 1056 496 aut
1085 460 1162 498 fere
1184 473 1244 499 ro-

137 517 315 566 tundam,
344 529 385 557 ut
411 523 563 560 arteriae
589 526 733 563 tunicae
767 529 916 566 intimae
951 531 1247 571 transcindautur

133 594 169 624 et
195 599 261 635 per
284 589 440 637 primam
465 591 710 632 intentionem
737 600 883 637 coeant.

168 659 251 698 ,XL
281 659 459 708 Ligatura
497 662 637 701 circulo
662 666 825 704 arteriam
847 669 1072 708 circumdare
1105 672 1241 720 debet3

133 737 241 775 narn,
256 730 287 767 si
299 731 433 778 gaudet
454 730 573 771 forma
600 735 723 782 ovali,
739 745 817 774 tum
842 739 921 787 ejus
942 741 1159 788 superficies
1184 743 1241 780 in-

135 797 250 836 vicem
286 810 363 837 non
398 809 497 839 arcte
528 815 569 840 se
595 813 777 853 tangunt,
806 816 841 844 at
868 809 898 845 si
925 818 1054 856 postea
1084 813 1243 851 forsitan

129 865 284 906 formam
318 871 474 909 assumit
506 873 743 921 circularem,
775 877 889 925 major
922 889 978 916 est
1015 881 1151 919 lumine
1188 895 1244 920 ar·
1286 926 1294 931 „

129 939 240 976 teriae
258 950 325 976 nec
345 952 428 978 raro
449 942 660 990 depellitur.

177 1009 263 1047 XII.
292 1010 517 1049 Crassitudo
542 1012 594 1050 fili
617 1014 862 1065 sitrdimidiae
885 1020 943 1055 vel
973 1020 1241 1070 uniusiineae‚

128 1085 166 1114 et
202 1077 305 1115 filum
340 1081 524 1127 optimum
555 1094 600 1121 ex
634 1084 820 1135 bombyce
844 1090 901 1125 vel
936 1090 1050 1128 linteo
1078 1104 1158 1130 cera
1185 1094 1241 1131 in·

125 1147 278 1185 ductum
318 1160 574 1198 praeparetur.
638 1154 682 1192 In
710 1157 809 1194 vasis
842 1158 1002 1197 minimis
1029 1163 1238 1202 crassitudo

122 1217 246 1256 tenuis
273 1230 353 1257 esse
373 1221 497 1259 debet.

176 1287 278 1326 XIH.
306 1289 507 1338 Ligaturae
546 1293 669 1331 nodus
710 1295 759 1333 sit
799 1298 983 1348 simplex3
1027 1302 1112 1340 huic
1147 1305 1237 1341 alter

121 1357 362 1407 imponatur,
406 1361 554 1400 minime
581 1363 644 1401 iile
675 1365 798 1404 dictus
829 1370 1091 1420 chirurgicus,
1133 1376 1235 1421 quod

123 1439 200 1466 non
221 1431 345 1469 tenuis
377 1432 452 1479 sit,
489 1442 525 1471 et
547 1436 691 1482 pressio
716 1436 754 1474 in
787 1439 917 1478 arteria
941 1441 1142 1489 inaequalis
1156 1473 1178 1491 ,K
1198 1454 1235 1482 et

119 1497 226 1536 facile
262 1501 458 1540 relaxetur.

168 1567 278 1605 XIV.
306 1568 443 1608 Nodus
486 1572 718 1623 chirurgicus
753 1576 790 1613 in
834 1579 1039 1626 majoribus
1088 1583 1230 1623 arteriis

118 1637 284 1676 adhiberi
310 1649 464 1688 potest,
492 1643 579 1690 qnia
614 1644 770 1693 simplex
801 1649 938 1697 maj0re
968 1650 1004 1686 vi
1041 1655 1231 1701 sanguinis

116 1717 394 1757 nonnumquam
418 1712 491 1760 jam
517 1714 696 1752 relaxatus
726 1725 809 1764 est,
838 1718 1057 1767 priusquam
1099 1734 1230 1761 secun-

112 1775 183 1814 dus
215 1777 397 1818 formatus
429 1781 494 1820 sit.

139 1847 248 1887 ⁴XV.
276 1849 397 1888 Filum
435 1863 548 1890 unum
586 1865 706 1903 prope
739 1858 877 1896 nodum
923 1862 1225 1912 praescindatur,

111 1928 187 1955 earn
225 1918 273 1955 ob
310 1930 481 1968 causam,
520 1925 624 1971 quod
659 1937 786 1974 magna
819 1930 927 1977 copia
963 1931 1110 1970 filorum
1144 1937 1227 1973 vul-

112 1998 181 2024 nus
216 1988 328 2028 nimis
359 1990 492 2030 irritet.

161 2056 264 2096 XVI.
293 2059 441 2109 Quodsi
463 2063 560 2101 nolis
589 2065 804 2106 abscindere
841 2070 944 2109 filum
988 2085 1102 2112 unum
1137 2088 1225 2124 pro-

109 2137 156 2174 pe
184 2129 349 2176 nodum,
373 2131 483 2169 ambo
517 2137 800 2186 convolvenda‚
829 2149 864 2177 et
898 2144 1100 2183 convoluta
1129 2146 1219 2184 nodi

107 2206 179 2243 ope
207 2196 243 2234 in
273 2202 374 2246 apice
407 2200 561 2243 formata
590 2206 774 2247 retinenda
802 2220 904 2250 sunt.

1093 2287 1214 2327 XVII.
