1507 2876
351 250 954 292 THEOLOGICA.
1168 266 1212 293 21

89 362 205 401 aliter
232 361 331 400 fieri
384 359 534 410 op'ortet
576 362 668 410 (1),
723 361 814 409 quin
860 362 1009 399 alterius
1063 363 1218 400 salutem

99 443 188 481 prae
219 431 370 470 alterius
409 442 596 469 curemus.
652 432 784 479 Itaque
825 440 1048 479 parentum,
1085 443 1221 480 cogna-

98 512 248 549 torum,
292 502 525 548 amicorum,
565 501 729 548 civium,
780 512 863 548 erga
895 513 993 548 quos
1029 511 1220 549 ‚praeterea

99 572 149 610 ob
185 573 342 620 plurima
387 571 564 609 beneficia
603 581 713 619 atque
758 572 979 618 commoda,
1035 584 1127 619 quae
1153 583 1221 609 no-

91 641 158 680 ,bis
199 654 244 679 ex
278 653 407 679 eorum
447 640 626 679 societate
669 650 898 686 nascuntur,
948 649 1054 688 grato
1097 640 1218 678 animo

98 722 184 750 esse
206 711 383 750 debemus
400 739 413 759 ‚
441 712 574 749 horum
602 711 768 749 omnium
791 712 891 749 salus
902 710 1016 748 nobis
1039 710 1218 759 imprimis

95 782 381 830 promovenda,
431 782 619 830 augenda,
648 779 925 828 amplificanda,
954 790 1066 828 atque
1097 783 1217 827 mala,

98 864 194 900 quae
217 853 322 891 hisce
348 851 565 898 imminent,
595 851 627 889 si
651 851 841 899 possimus
857 878 869 896 ‚
898 850 1132 898 cohibenda,
1159 852 1221 890 de-

32 923 35 927 ’
95 923 291 972 pellenda,
320 922 487 960 arcenda.
543 921 651 971 Quos
684 922 799 968 igitur
825 932 910 958 cum
936 921 1055 958 hostis
1083 922 1221 970 inJ‘uste

94 991 308 1040 adoriatu‘r‚
363 1004 428 1030 eos
464 992 560 1039 tueri
608 991 783 1029 debemus
825 1002 865 1027 ac
905 990 1128 1038 defendere,
1183 1001 1221 1030 et

97 1074 214 1112 quum
241 1062 317 1100 vita
348 1061 538 1108 familiae,
577 1062 809 1109 amicorum,
849 1061 986 1099 civium
1018 1073 1095 1099 non
1131 1073 1222 1099 con-

97 1133 235 1172 servari
265 1132 413 1182 possit,
465 1132 538 1170 nisi
566 1132 748 1184 agressori
781 1132 855 1170 vita
890 1132 1094 1180 eripiatur,
1138 1143 1220 1170 non

97 1212 154 1241 est
189 1203 293 1251 quod
323 1202 501 1250 dubites,
532 1202 622 1250 quin
659 1214 742 1240 eum
779 1202 988 1241 interimere
1022 1202 1142 1240 liceat.

147 1272 233 1323 Qua
261 1273 407 1320 quidem
433 1274 477 1311 de
503 1284 541 1309 re
569 1281 611 1310 ut
634 1273 745 1310 nobis
779 1284 996 1321 persuasum
1033 1273 1083 1310 sit
1101 1302 1114 1319 ,
1144 1285 1219 1310 rem
1267 1296 1270 1300 ι

93 1342 307 1380 accuratius
347 1342 640 1380 consideremus.
694 1343 910 1391 Utrumque
949 1351 984 1379 et
1009 1344 1155 1380 hostem
1189 1353 1226 1381 et

96 1412 253 1450 amicum
290 1411 442 1459 diligere
477 1413 632 1461 jussus,
678 1413 788 1449 debes
834 1413 984 1467 uirique
1027 1413 1120 1450 bene
1161 1426 1227 1453 cu-

69 1478 211 1532 ⁴>pere3
241 1482 328 1520 huie
365 1491 484 1520 autem
502 1511 515 1528 ‚
543 1483 605 1519 cuj
647 1483 819 1530 pluribus
855 1482 1014 1520 vinculis
1044 1484 1225 1529 conjunc-

98 1563 161 1591 tus
184 1565 256 1600 es,
296 1553 432 1600 cuique
466 1554 637 1601 pluribus
671 1554 856 1601 obligatus
897 1553 1033 1590 amoris
1065 1553 1228 1599 officiis,

98 1635 190 1673 prae
240 1624 382 1669 altero,
434 1624 495 1660 cui
545 1634 622 1660 non
671 1632 727 1661 tot
767 1623 926 1661 vinculis
981 1632 1022 1660 tu
1058 1625 1229 1671 conjun-

102 1694 199 1743 geris
224 1721 237 1741 ,
293 1693 358 1741 qui
408 1702 443 1731 et
490 1702 673 1742 praeterea
735 1704 811 1730 non
877 1693 1057 1742 justitiam
1118 1694 1225 1731 colit.

104 1765 205 1802 Haec
237 1765 310 1813 jam
350 1764 526 1802 vidimus.
602 1764 733 1811 Itaque
772 1763 805 1800 si
845 1765 990 1800 hostem
1025 1763 1133 1800 factis
1168 1765 1230 1801 ad·

100 1835 245 1883 iuves,
297 1842 339 1870 ut
387 1833 458 1871 iste
501 1832 649 1871 facilius
693 1833 849 1871 amicum
889 1843 993 1870 tuum
1031 1835 1110 1871 vitri
1157 1835 1260 1881 pria

84 1912 231 1952 .varet;
288 1903 448 1942 officium
489 1904 626 1942 deseris
659 1912 780 1942 tuum.
848 1905 955 1941 Illum
989 1907 1083 1941 enim
1123 1906 1235 1942 relin-

101 1973 224 2020 quis,
269 1973 333 2021 qui
366 1974 433 2011 tibi
464 1985 551 2022 prae
583 1974 684 2012 hosti
716 1975 925 2022 diligendus
954 1984 1026 2013 est.
1066 1997 1120 2004 —
1159 1976 1234 2024 Qoi

106 2051 230 2080 autem
282 2043 382 2080 domi
437 2052 641 2093 remaneat,
700 2055 747 2082 ne
803 2053 912 2093 putet
959 2056 1109 2082 munere
1152 2046 1237 2083 fon·

111 2113 148 2162 gi
188 2125 276 2152 suo.
356 2113 516 2152 Minime
556 2113 741 2162 fungitur.
821 2115 940 2152 Nullo
975 2127 1099 2152 amore
1133 2115 1234 2153 iilum

1127 2198 1235 2224 suum

94 2299 99 2302 .
132 2310 134 2312 v
152 2275 209 2315 Q)
223 2285 244 2314 v1
261 2278 330 2313 Joh.
349 2278 401 2307 111.
427 2282 476 2308 18.
495 2280 574 2308 coll.
597 2279 731 2315 Philipp.
750 2280 786 2309 ΙΙ,
805 2288 834 2316 4-.
852 2288 885 2308 .et
906 2282 973 2309 Gal.
998 2283 1034 2310 V.
1059 2282 1124 2316 12b.
1150 2282 1234 2310 conf.

118 2332 241 2362 omnino
267 2333 398 2362 Reinh
409 2336 494 2370 ard,
517 2335 660 2372 Prome,
682 2345 715 2371 p.
738 2341 784 2372 84.
808 2345 894 2371 seqq.
