1502 2767
207 157 278 184 102
428 140 1098 184 COMMENTATIO

288 198 295 219 b

209 253 413 303 propitium
453 253 537 304 (ι).
593 254 694 293 Haec
731 251 898 292 doctrina
932 252 1036 290 Deos
1069 249 1218 297 varios,
1258 258 1323 288 va·

208 323 348 363 riorum
387 325 550 374 gentium
579 325 778 369 tutelares,
818 331 944 360 secum
973 321 1128 360 invicem
1156 330 1325 369 pugnan-

208 402 298 442 tes,
337 394 488 433 humani
525 393 716 443 sanguinis
746 393 875 432 avidos
911 404 1034 441 eoque
1071 390 1192 430 effuso
1236 401 1327 439 gau·

209 464 360 511 dentes,
386 472 499 512 atque
532 464 702 502 homines
744 474 816 501 suo
847 464 958 512 jussu
993 474 1034 500 ac
1073 461 1245 510 exemplo
1279 460 1326 499 ad

208 532 304 571 bella
340 545 585 581 quaecunque
613 541 896 582 permoventes‚
925 532 1078 581 agnosci
1101 541 1178 569 non
1203 523 1322 580 sinit3

207 602 296 642 haec
330 604 498 642 doctrina
527 615 604 642 non
642 603 815 642 distrahit
852 612 1010 652 gentes,
1037 602 1104 641 sed
1126 599 1326 652 conjungit

209 674 430 713 arctissime.

260 744 473 790 Secundum
514 742 612 781 illam
650 727 863 781 doctrinam
883 748 1118 791 agnoscunt,
1155 739 1326 778 homines

211 824 341 853 omnes
376 815 418 863 ἐξ
443 816 514 859 ἑνὸς
545 814 698 863 αἳματος
732 822 860 850 enatos
884 823 993 859 esse,
1022 821 1151 849 omnes
1173 806 1327 848 vinculo

208 886 434 935 conjunctos
451 884 615 921 fraterno
628 911 641 930 ,
659 883 819 932 egregiis
840 881 1045 919 instructos
1060 879 1301 919 facultatibus
1312 906 1328 929 ‚

209 955 311 1003 γένος
329 955 550 1004 ὑπάρχοντες
565 958 627 995 τοῦ
642 956 739 1001 θεοῦ;
766 959 975 1001 agnoscunt
998 950 1199 1000 semetipsi
1213 951 1328 1003 ξένους

210 1027 270 1065 καὶ
297 1026 563 1074 παρεπίδημους
603 1025 665 1065 επί
687 1028 753 1069 τῆς
780 1028 849 1071 γῆς
867 1050 881 1070 ,
908 1033 985 1060 non
1011 1021 1099 1059 huic
1124 1021 1222 1059 vitae
1254 1028 1330 1057 ter-

209 1095 317 1133 restri
355 1094 588 1141 destinatos,
615 1094 695 1132 “sed
732 1093 829 1131 vitae
865 1101 1059 1138 aeternae,
1085 1092 1194 1140 cujus
1233 1089 1328 1128 ratio

205 1165 363 1212 pendeat
382 1176 403 1202 a
427 1164 530 1212 vita,
557 1164 624 1201 hac
649 1163 687 1201 in
720 1171 815 1201 terra
839 1163 933 1200 bene
965 1162 1107 1200 maleve
1133 1161 1215 1198 acta
1241 1159 1328 1207 (α).

206 1233 381 1273 Profecto
405 1234 572 1282 quisque
589 1261 603 1281 ‚
629 1234 718 1271 huic
757 1233 948 1271 doctrinae
977 1230 1230 1270 consentiens*
1249 1229 1328 1268 ani·

207 1314 298 1351 mo,
338 1303 462 1341 omnia
489 1312 707 1350 aversatur,
760 1314 854 1351 quae
891 1313 982 1340 suos
1021 1301 1154 1340 fratres
1181 1301 1326 1339 laedant

203 1375 326 1423 iisque
355 1384 539 1423 noceant;
580 1374 643 1413 ille
682 1374 821 1413 rectius
852 1373 965 1412 vitam
1002 1384 1044 1411 ac
1082 1372 1182 1411 bona
1210 1371 1324 1422 hujus

203 1455 322 1483 terrae
360 1445 530 1483 aestimat
561 1445 785 1493 omniaque,
822 1455 917 1493 quae
956 1452 1124 1482 aeternae
1155 1440 1324 1480 felicitati

205 1526 276 1553 nos
303 1514 462 1552 reddunt
489 1514 663 1563 ineptos,
688 1514 867 1563 declinat3
900 1521 1128 1563 quapropter
1151 1523 1324 1551 amemo·
1387 1516 1390 1517 ’

206 1585 294 1623 ratis
322 1585 483 1623 bellandi
511 1585 634 1623 causis
662 1585 916 1632 maximopere
939 1583 1129 1622 abhorret.

256 1655 372 1692 Porro
387 1655 474 1693 huic
493 1655 683 1693 doctrinae
693 1655 855 1701 addicti,
869 1654 1096 1703 profitentur
1111 1681 1126 1701 ,
1148 1651 1321 1691 homines

208 1735 333 1762 omnes
357 1725 545 1772 peccando
573 1725 802 1773 deliquisse,
817 1731 854 1762 et
881 1724 967 1762 hinc
983 1724 1130 1761 aeterna
1146 1722 1321 1770 indignos

206 1806 287 1833 esse
299 1794 526 1834 beatitudine
539 1807 552 1843 3
571 1804 811 1833 veruntamen
824 1823 836 1842 ‚
847 1793 1096 1832 intercedente
1109 1804 1184 1831 uno
1197 1792 1323 1841 sospi-

204 1874 322 1902 tatore
356 1877 397 1903 ac
430 1864 611 1913 domino,
633 1865 724 1914 Jesu
751 1864 930 1910 Christo,
958 1863 1128 1902 amissam
1164 1862 1320 1902 felicita-

204 1943 278 1973 tem
294 1963 307 1982 ,
335 1944 508 1983 tanquam
530 1935 731 1984 gratuitum
746 1935 816 1974 Dei
838 1934 1059 1974 beneficium
1077 1962 1091 1983 ,
1118 1932 1205 1972 fidei
1219 1944 1311 1983 ope,

460 2031 478 2053 s
1262 2014 1319 2042 re·

236 2119 289 2156 (1)
309 2118 421 2150 Matth.
457 2121 493 2149 V.
524 2127 575 2157 45·
615 2120 685 2157 Joh.
725 2120 778 2149 111.
815 2121 862 2150 16.
887 2120 981 2151 xvu.
1008 2129 1038 2156 3.
1066 2121 1138 2150 Act.
1160 2120 1243 2151 XIV.
1270 2127 1315 2155 15-

200 2176 293 2206 XVU.
324 2181 373 2207 28.

237 2232 288 2270 (2)
309 2235 378 2264 Act.
399 2234 491 2266 XVII.
511 2235 566 2270 26,
589 2243 637 2272 29.
658 2234 752 2266 Hebr.
774 2234 827 2264 xl.
850 2242 897 2272 ¹4·
