1507 2876
263 277 309 314 5⁹.
482 248 1151 301 c.0MMENTAT10

266 372 341 411 His
374 369 524 410 minime
564 363 857 405 annumerandus
898 369 955 399 est
1003 359 1257 397 Erasmus·
1281 356 1376 405 (133

266 442 333 490 qui
357 439 527 489 profecto
551 436 640 474 belli
664 432 834 472 saevitias
871 442 911 469 ac
938 428 1171 468 crudelitates
1205 426 1381 464 condem-

264 512 366 550 navit
399 507 638 554 laudavitque
672 514 798 552 pacem
821 510 857 538 et
883 498 1118 538 concordiam
1143 495 1252 545 (2);>
1269 505 1379 538 omne

264 591 385 621 autem
424 580 562 616 bellum
603 573 754 613 minime
788 571 967 620 injustum
1012 565 1183 613 habuit„
1209 566 1377 611 bellum,

262 651 341 698 ait,
370 649 502 687 habeat
537 655 574 684 et
611 655 697 681 suas
737 644 864 689 leges,
901 650 978 678 non
1016 638 1169 676 omnino
1208 635 1380 674 damnan-

265 750 290 770 „
315 721 402 759 dum
419 747 434 766 ‚
459 718 492 755 si
522 717 626 766 justa
653 714 698 751 de
722 723 834 750 causa
858 709 1083 757 suscipiatur
1106 705 1222 756 (3).”

312 789 501 828 Hodierno
517 786 575 824 die
589 783 812 823 exstiterunt
824 783 865 818 in
885 788 1013 818 nostra
1035 779 1168 830 patria
1180 804 1194 824 ,
1214 776 1279 824 qui
1298 774 1380 813 offi-

257 864 318 903 cio
329 859 438 908 fungi
451 856 599 896 militari
612 860 841 893 recusarunt.
865 851 917 889 Hi
933 857 1147 898 praecepto,
1163 858 1241 896 quo
1255 848 1378 885 Deum

257 944 344 983 prae
355 928 530 968 omnibus
546 954 559 973 ,
576 937 618 965 ac
641 926 794 962 alterum
809 921 886 968 ‚uti
898 928 1046 958 nosmet
1073 919 1222 966 ipsum,
1237 916 1375 965 delige·

261 1013 301 1040 re
324 995 760 1051 jubemur‚sententiam
792 991 1014 1030 confirmant
1041 999 1170 1035 suam,
1197 998 1265 1025 nec
1297 996 1375 1025 non

257 1073 353 1111 inter
378 1074 592 1118 argumenta
602 1063 785 1103 afferunt:
817 1074 862 1099 ne
883 1059 1035 1099 occidito
1050 1056 1379 1105 ,-Benedicatis

257 1137 556 1180 maledicentibus
570 1163 583 1182 ,
610 1155 664 1165 —
687 1130 880 1171 Recondas
902 1129 1074 1180 gladium
1095 1131 1137 1167 in
1154 1131 1318 1178 vagina,
1334 1138 1378 1164 ac

257 1208 440 1262 ejusmodi
478 1207 576 1244 dicta
610 1206 695 1253 (4).
735 1224 788 1232 —
825 1201 870 1240 In
907 1200 1050 1238 Russia
1087 1199 1227 1237 exstitit
1265 1208 1377 1245 quae·

254 1283 335 1320 dam
369 1277 628 1318 Fanaticorum
647 1274 755 1311 Secta
794 1272 889 1309 inter
915 1269 1177 1315 Christianos,
1212 1278 1305 1316 quae
1339 1274 1376 1304 et

248 1347 506 1403 iusiurandum
523 1353 560 1383 et
587 1344 724 1381 bellum
759 1340 961 1389 improbat.
1015 1339 1118 1377 Haec
1155 1346 1255 1377 secta
1283 1338 1375 1376 dici-

1312 1415 1375 1445 tur

286 1537 337 1576 (1)
359 1537 592 1566 Gerhardus
612 1533 652 1570 (Ι.
678 1535 724 1564 th.
752 1542 781 1569 p.
812 1534 885 1572 823)
906 1540 937 1562 et
961 1532 1214 1562 Tzschirner
1241 1534 1373 1569 (opusc.

248 1597 346 1625 Aeaei.
377 1604 410 1630 p.
432 1595 534 1630 ign),
554 1593 758 1621 Erasmum
783 1590 896 1618 bellum
927 1597 1018 1617 omne
1052 1590 1231 1618 detestatum
1253 1589 1371 1624 fuisse,

246 1655 439 1682 collexerunt
463 1659 502 1679 ex
528 1649 592 1683 ejus
618 1649 744 1676 libello:
775 1648 870 1675 Pacis
904 1648 1035 1683 Querela
1062 1647 1195 1682 undique
1227 1648 1369 1682 gentium

244 1713 362 1746 esectae
388 1719 424 1737 ac
454 1708 655 1744 prestigatae.
691 1704 818 1734 Basiliae
843 1712 884 1733 m.
912 1705 991 1733 Dec.
1030 1712 1113 1739 1517.
1141 1705 1308 1740 (Opp.1v.
1335 1713 1367 1740 p.

243 1767 332 1803 486).
356 1767 378 1794 E
390 1772 538 1793 rasmus
555 1770 654 1791 autem
667 1783 676 1797 ‚
691 1763 772 1789 belia
789 1759 961 1789 saevissima
973 1768 1067 1795 ‚quot
1093 1769 1262 1795 quantaque
1281 1761 1369 1790 brevi

243 1832 309 1853 ante
320 1829 456 1856 tempore
470 1820 582 1855 ‚immo
594 1828 609 1847 a
629 1822 723 1854 Papa,
735 1826 818 1853 gesta
837 1817 1077 1854 erant,maxime
1096 1818 1271 1852 indignans,
1287 1820 1368 1847 hunc

243 1881 364 1915 scripsit
381 1879 537 1911 libellum,
559 1876 590 1904 in
615 1884 676 1911 quo
695 1882 796 1903 autem
824 1873 874 1909 (p.
904 1883 956 1911 34,
978 1875 1052 1910 37‚)
1073 1893 1095 1909 ‚‚
1118 1874 1227 1909 quodsi
1253 1874 1366 1903 bellum

241 1938 362 1973 inquit,
383 1935 471 1964 vitari
488 1942 548 1962 non
569 1939 689 1968 potest,
712 1933 752 1960 ita
771 1930 918 1966 geratur”
941 1931 1032 1965 reliq·

279 1995 331 2029 (2)
354 1993 427 2027 Ejus
450 1990 602 2024 Adagia
622 1990 754 2025 (Colon.
787 1989 890 2024 1610.)
912 1996 944 2022 p.
976 1991 1157 2024 894--839‚
1179 1989 1216 2016 ad
1233 1995 1360 2024 prover-

241 2053 323 2080 bium
345 2071 366 2085 „
382 2051 469 2078 dulce
492 2050 602 2076 bellum
628 2044 834 2082 inexpertis.''

276 2110 328 2146 (3)
351 2107 408 2135 eff.
431 2105 590 2139 Paraphr.
619 2102 649 2130 in
671 2104 743 2131 Luc.
767 2103 816 2130 ΠΙ.
842 2110 872 2130 et
896 2103 985 2131 XXII.

277 2166 328 2202 (ψ)
352 2164 420 2190 Vid.
444 2161 594 2189 ‹toffei
621 2162 771 2187 Muiier
794 2154 1035 2188 munumina
1052 2161 1121 2188 Wet
1139 2169 1197 2188 van
1221 2142 1383 2195 σομε-ιγ’

238 2232 266 2251 te
294 2223 404 2250 hebben
427 2221 519 2246 boren
545 2219 597 2251 al,
619 2227 653 2244 en
679 2226 751 2244 onze
773 2223 901 2243 naasten
930 2218 978 2243 als
997 2226 1047 2243 ons
1069 2218 1191 2244 zelvcn·
1223 2215 1355 2251 (Dordr.

235 2281 314 2315 apud
344 2280 367 2313 j.
395 2278 432 2305 de
461 2274 562 2311 Vos.)
589 2283 620 2308 p.
643 2283 660 2309 7
686 2282 717 2301 et
747 2281 792 2306 is.
824 2285 871 2294 -·
894 2273 931 2301 iii
959 2273 989 2309 ig
1017 2272 1094 2302 vicis
1123 2272 1290 2310 J’olsbroek
1323 2279 1355 2300 et

237 2336 455 2372 Zwijndrecht
473 2334 636 2369 praecipua
654 2331 764 2359 habent
783 2330 946 2360 domicllia.
1369 2311 1377 2327 h'
