1564 2750
403 180 910 222 LITERARIA.
1151 192 1228 231 125-

1017 246 1019 248 '
1239 238 1338 270 sectio
1346 240 1399 271 111.
1411 237 1440 280 ς.
1448 250 1479 271 2-

122 293 206 332 nios
229 291 324 330 inter
346 300 458 340 atque
478 291 726 331 Athenienses
749 301 896 331 exortae
918 299 1006 329 sunt
1050 291 1136 342 (1).
1166 292 1226 330 Ab

122 374 166 401 eo
200 363 285 401 inde
320 370 484 410 tempore
520 362 726 410 pecuniae,
765 363 804 400 in
839 363 1004 401 omnium
1046 364 1232 401 socIorum

122 416 233 472 usuin
266 433 466 479 collectae,
505 432 544 470 in
581 432 863 472 Atheniensium
899 433 1134 481 potissimum
1169 433 1239 470 im·

123 503 234 552 pendi
282 511 488 552 coeperunt
534 504 794 541 commodum:
847 503 912 541 sed
961 514 1075 550 quum
1119 502 1239 540 adhuc

123 571 313 613 communi
333 571 550 610 auctoritate
564 598 578 618 ,
604 572 642 609 in
665 573 835 620 Cyprum
855 584 894 611 v.
908 583 943 610 c.
962 581 1075 620 atque
1089 572 1243 621 Aegyp-

123 648 226 687 tum,
254 641 351 679 bella
383 641 688 691 susciperentur3
717 643 841 689 socii,
878 629 1099 690 quamquam
1127 643 1242 692 φόρου

123 696 396 759 nomenaegre
421 710 608 760 ferentes,
636 712 835 750 siluerunt.
889 713 983 751 Pace
1019 724 1108 750 vero
1139 723 1242 750 corn-

127 779 253 828 posita
282 781 518 820 vehementer
554 781 734 830 indignati
767 791 881 830 sunt,
933 794 1019 820 suas
1067 782 1242 830 pecunias

120 849 329 898 consumi,
357 860 399 889 ut
434 852 720 890 Atheniensium
758 853 847 890 urbs
872 861 1061 891 ornaretur
1088 861 1125 890 et
1145 863 1244 890 cres-

127 929 240 967 ceret.
294 921 414 971 Quam
451 923 660 970 querelam,
688 926 721 961 si
754 934 775 961 e
809 922 1011 960 moralibus
1036 922 1244 971 praeceptis

131 989 331 1040 dijudicare
367 990 550 1040 velimus,
603 1003 680 1030 non
728 992 900 1042 injustam
941 992 1073 1040 aliquis
1110 1000 1245 1031 vocet:

130 1060 163 1098 si
195 1071 285 1099 vero
322 1062 554 1109 probandum
588 1061 639 1100 sit
678 1061 779 1100 illius
827 1061 977 1100 Politici
1020 1061 1244 1109 consilium,

130 1129 197 1179 qui
224 1130 362 1180 patriae
393 1132 587 1170 commoda
619 1143 708 1179 prae
745 1131 882 1170 ceteris
908 1131 1085 1171 omnibus
1113 1140 1248 1180 curet;

127 1200 236 1240 facile
278 1200 489 1240 defenditur
523 1201 698 1240 Pericles.
778 1202 871 1240 Non
906 1203 1065 1241 multum
1104 1202 1249 1241 valebat

130 1271 210 1321 ejus
240 1279 481 1320 praetextus,
519 1271 646 1310 socios
676 1281 754 1309 non
791 1271 955 1319 habere,
992 1271 1097 1319 quod
1128 1271 1250 1319 indig-

130 1349 335 1389 narentur3
374 1353 442 1379 nec
469 1340 515 1379 iis
548 1340 709 1379 rationes
736 1341 972 1389 pecuniarum
1003 1340 1105 1378 reddi
1136 1352 1251 1390 opor-

136 1419 233 1459 tere,
261 1411 434 1460 quoniam
465 1411 716 1450 Athenienses
753 1410 824 1448 soli
851 1410 1033 1449 Barbaros
1058 1419 1248 1459 arcerent3

134 1481 313 1532 pecunias
354 1481 449 1519 enim
485 1492 563 1520 non
609 1492 690 1519 esse
735 1492 862 1519 eorum
881 1509 894 1527 ,
947 1479 1014 1528 qui
1058 1481 1251 1529 dederint,

135 1552 201 1591 sed
226 1552 292 1600 qui
315 1551 525 1600 acceperint
540 1579 554 1599 ‚
583 1551 695 1589 modo
724 1552 761 1590 id
783 1550 1002 1600 perficiant,
1030 1552 1138 1602 cujus
1161 1563 1252 1591 con-

136 1621 278 1660 ditione
306 1632 365 1661 eas
395 1619 617 1669 acceperint.
672 1620 748 1658 Sed
773 1629 809 1657 et
834 1619 930 1657 idem
961 1620 1163 1667 inimicos,
1189 1631 1253 1658 so·

133 1691 280 1732 ciorum
315 1692 482 1740 querelas
505 1690 544 1728 in
563 1690 748 1730 concione
778 1698 1013 1739 repetentes,
1039 1700 1117 1728 non
1147 1689 1251 1737 quod

137 1772 198 1800 eas
234 1772 370 1809 aequas
409 1760 609 1808 haberent,
662 1760 728 1798 sed
770 1768 812 1797 ut
845 1759 975 1798 Pericli
1011 1759 1250 1807 resisterent,

138 1832 205 1871 has
241 1830 423 1880 pecunias<
448 1840 526 1868 non
560 1828 716 1878 prodiga
749 1839 861 1867 manu
901 1828 1069 1875 effundi,
1114 1828 1180 1866 sed
1210 1827 1251 1866 in

111 1900 425 1941 ·Atheniensium
467 1900 732 1937 incrementum
774 1897 965 1946 impendi,
994 1896 1151 1945 docuit3
1192 1906 1250 1934 res

142 1971 237 2009 enim
269 1970 422 2008 bellicas
458 1980 536 2007 non
567 1968 732 2018 negligi,
760 1967 827 2006 ubi
857 1967 1003 2006 Civitas
1035 1967 1081 2005 ad
1114 1967 1253 2004 bellum

141 2040 282 2090 optime
316 2040 365 2079 sit
400 2040 606 2078 instructa:
659 2039 725 2077 sed
758 2046 958 2087 oportere,
999 2046 1040 2075 ut
1079 2047 1172 2085 opes
1215 2036 1255 2073 in

142 2111 248 2151 illum
284 2122 393 2150 usum
443 2118 739 2157 convertantur,
793 2119 870 2156 quo
912 2107 1132 2156 sempiterna
1170 2105 1257 2143 urbi

1175 2186 1259 2214 nas-

180 2268 233 2308 (1)
254 2269 347 2300 conf,
368 2270 439 2300 obs.
459 2269 537 2299 ΧΠ.
