1507 2876
266 231 344 262 XXX

332 333 421 374 Die
451 346 518 374 xxi
550 348 606 373 m.
638 329 878 379 Decemh.,
909 328 1056 371 IANUs
1088 328 1314 386 pennu,
1361 350 1386 378 e

270 418 395 457 pago
440 403 620 444 Otterlo
648 401 843 451 Gelrus,
894 400 1158 443 Medicinae
1187 403 1386 459 Doctor,

271 478 434 515 creatus
491 478 552 515 est
614 469 728 514 Artis
776 469 1040 515 obstetriciae
1070 470 1237 517 Doctor
1280 490 1386 520 olom

276 544 427 586 laude.

545 720 672 761 Anno
707 707 1112 766 Μ.

324 881 414 924 Die
442 895 512 924 xix
541 897 599 923 m.
622 881 821 934 Martii,
853 880 1100 925 Aiwromu's
1126 881 1386 936 menm‘z,

268 951 857 1008 Medioburgo-ZelandaS,
895 951 1067 996 defensa
1095 951 1264 1011 publice
1293 940 1387 998 dis-

267 1022 502 1081 putatione,
535 1026 592 1065 de
631 1023 860 1066 Aedilitio
887 1026 1058 1066 Edicto
1094 1032 1141 1066 et
1180 1024 1386 1066 redhibi-

269 1095 386 1136 tione
430 1102 474 1136 εἰ
517 1096 679 1150 quanti
717 1096 928 1147 minoris,
975 1093 1082 1138 Iuris
1129 1093 1315 1138 Romani
1343 1101 1386 1139 et

267 1163 469 1209 Hodierni
495 1164 660 1209 Doctor
689 1172 752 1210 est
782 1165 1041 1210 renuntiatus
1071 1183 1173 1209 cum
1199 1168 1352 1210 laude.

763 1393 797 1448 ᾗ.
841 1391 893 1435 V.

557 1574 680 1617 Anno
715 1586 1119 1616 c1010cccxxxw.

324 1730 410 1772 Die
448 1741 547 1770 VIII
586 1743 644 1769 m.
674 1728 906 1769 Ianuarii.
968 1725 1116 1769 Refert
1153 1725 1208 1769 ad
1245 1724 1381 1771 Sena-

268 1807 355 1844 tum
381 1799 564 1851 Rector,
619 1797 765 1840 Virum
796 1796 1102 1850 Clarissimum,
1154 1797 1382 1844 ADAMUM

268 1870 476 1922 SIMONS,
507 1867 810 1912 Amstelodami
843 1874 1103 1920 morantem,
1132 1882 1181 1911 ex
1216 1866 1385 1926 impro-

267 1941 357 1985 viso
394 1941 476 1984 vita
519 1938 759 1983 decessisse.
841 1939 973 1996 Luget
1008 1937 1186 1982 Senatus
1221 1937 1384 1982 tristem

270 2011 431 2055 obitum
482 2009 709 2053 Clarissimi
747 2009 964 2066 Collegae,
1023 2009 1074 2053 de
1114 2023 1161 2052 re
1199 2007 1384 2052 literaria

266 2081 433 2139 Belgica
477 2080 740 2124 meritissimi.
828 2080 986 2124 Placuit
1035 2092 1135 2123 vero
1185 2078 1382 2133 Senatui,

266 2151 544 2211 probantibus
584 2151 732 2194 deinde
777 2150 1048 2194 Curatoribus
1079 2149 1381 2208 Amplissimis,

267 2223 463 2266 defuncto
519 2220 773 2279 Graphiario
826 2222 1015 2265 sufficere
1075 2220 1220 2265 Virum
1268 2220 1380 2270 Clar.

266 2293 319 2338 H.
337 2294 676 2337 ARNTZENIUM.
