1523 2745
318 114 1061 165 OBSERVATIONES.
1169 132 1242 170 225

136 221 271 268 missi,
300 233 321 260 a
351 221 572 271 Thucydide
600 231 780 262 vocantur
812 235 888 263 non
916 226 1077 274 ἄποικοι,
1111 240 1236 268 veru-m

135 291 285 336 ἔποικοι,
335 300 467 341 utpote
507 303 584 330 non
635 294 815 331 desertam
862 295 1018 343 aliquam
1052 298 1235 346 regionem

133 358 358 407 habitaturi,
413 362 478 399 sed
524 362 650 399 urbem
698 363 911 410 condituri,
966 378 1057 413 quae
1098 368 1236 407 vicinas

123 428 287 467 <hostiles
332 431 501 479 regiones
546 432 785 478 observaret,
836 433 994 482 dataque
1039 437 1235 476 occasione

130 500 385 547 aggrederetur
413 499 498 549 (ι).

179 613 265 653 Obs.
291 616 466 656 XXXIX.
504 617 565 655 Ne
594 630 714 657 rerum
757 621 878 668 primo
906 623 977 661 hoc
1018 624 1102 663 belli
1135 636 1231 665 anno

125 691 308 731 gestarum
354 686 517 724 ordinem
563 690 730 738 privatis
777 694 1069 732 accusationibus
1107 696 1232 734 turba·

124 762 224 799 rem,
277 754 342 792 has
379 755 424 793 ad
470 756 578 794 finem
632 759 737 808 rejeci
754 787 767 806 ,
820 772 1039 810 quamquam
1081 764 1232 804 Phidiae

124 831 278 860 mortem
325 825 492 873 proxime
525 837 670 865 secutae
708 829 904 868 videntur:
946 843 1022 878 quo
1063 841 1231 881 tempore

120 891 277 930 Pericles
301 895 410 932 variis
438 896 749 944 occupationibus
786 900 1054 952 distrahebatur
1081 911 1116 941 et
1141 915 1230 952 pro·

119 970 203 1009 pter
225 963 387 1002 hostium
412 964 638 1004 invasionem
652 995 665 1014 ‚
679 968 825 1016 Populo
843 969 965 1008 minus
987 979 1110 1019 gratus
1136 982 1225 1011 erat.

118 1030 261 1069 Eodem
283 1032 396 1081 igitur
418 1034 496 1072 fere
522 1045 711 1084 tempore,
727 1049 804 1084 quo
817 1039 979 1076 Phidiam
995 1067 1007 1086 ‚
1021 1050 1225 1080 accusatam

106 1107 270 1153 'quoque
292 1101 410 1141 fuisse
429 1104 625 1152 Aspasiam
649 1106 693 1142 ab
722 1107 927 1155 Hermippo
951 1110 1131 1157 Comic0‚
1160 1112 1226 1150 Pe·

114 1169 214 1208 riclis
233 1171 383 1209 inimico
399 1173 493 1221 (2),
522 1174 629 1210 etiarn
651 1174 736 1212 inde
761 1176 886 1224 colligi
911 1186 1037 1224 potest
1052 1207 1063 1225 ‚
1091 1181 1193 1227 quod
1209 1206 1223 1227 ‚

116 1241 423 1287 quemadmodum
458 1244 635 1280 statuario
671 1246 933 1292 exprobratum
965 1247 1109 1295 fuerat,
1137 1260 1221 1288 eum

112 1318 313 1348 statuarum
348 1312 687 1359 conspiciendarum
720 1325 909 1363 praetextu
946 1317 1122 1365 ingenuas
1150 1331 1223 1358 ma-

112 1388 238 1417 tronas
260 1380 389 1419 Pericli
414 1381 624 1429 subjicere,
650 1384 703 1421 sic
727 1394 763 1421 et
786 1385 903 1423 simile
928 1387 1019 1435 quid
1043 1389 1223 1437 Aspasiae

110 1448 253 1486 crimini
275 1450 400 1488 datum
421 1450 544 1488 fuerit.
598 1453 768 1491 Accessit
786 1457 969 1494 accusatio
992 1459 1239 1507 impictatis,⁴

113 1529 221 1566 quarn
247 1519 319 1557 sibi
345 1531 364 1557 e
390 1522 660 1560 consuetudine
692 1535 774 1561 cum
812 1526 1029 1575 Anaxagora
1056 1537 1092 1566 et
1122 1528 1221 1567 Peri-

110 1588 166 1625 cle
198 1588 380 1627 conflasse
414 1589 560 1628 videtur
589 1593 769 1639 Aspasia:
809 1595 907 1633 haud
935 1597 1030 1634 enim
1065 1598 1145 1636 scio
1171 1611 1217 1637 an

109 1658 173 1695 Cl.
213 1657 491 1708 Wassenbergii
531 1665 769 1710 conjectura,
796 1676 864 1711 pro
888 1668 1041 1716 ἀσέβεια
1062 1669 1216 1717 legentis

107 1729 308 1776 ἀσέλγεια,
325 1729 446 1767 minus
470 1729 846 1772 necessaria'dicenda
868 1734 917 1772 sit
941 1736 1023 1784 (3).
1065 1737 1217 1787 Quippe
1272 1733 1275 1735 ’

1154 1809 1216 1848 vix

106 1882 156 1911 29.
180 1876 208 1912 §-
225 1884 256 1909 s.
284 1879 330 1907 De
351 1879 573 1914 posterioribus
591 1882 803 1917 Aeginetarum
814 1885 883 1915 fatis
903 1888 996 1917 conff.
1013 1889 1176 1925 scriptores
1201 1901 1217 1921 a

105 1934 261 1963 Muellero
295 1935 379 1963 citati
401 1937 479 1965 libro
504 1939 624 1967 laudato
648 1947 680 1974 p.
705 1942 771 1974 185·
799 1950 865 1977 sqq.

147 1990 199 2029 (1)
221 1992 341 2022 schaef.
360 1994 396 2021 ad
409 1995 512 2029 Apoll.
530 1995 629 2026 Rhod.
646 1997 686 2025 11.
705 2005 737 2032 p.
763 2004 835 2034 339¹¹
865 2016 909 2023 —
941 2001 1033 2029 Conf.
1059 2003 1216 2033 Goellerus

109 2048 146 2076 ad
171 2048 268 2077 Thuc.
297 2050 336 2078 ΙΙ.
362 2060 409 2085 27.

144 2104 196 2143 (α)
217 2106 296 2135 Plut,
319 2106 350 2135 in
369 2110 435 2137 Per.
456 2116 521 2143 cap.
542 2117 590 2144 32.
619 2119 652 2145 p.
676 2114 743 2148 169Μ
764 2112 802 2140 D.

146 2162 199 2200 (3)
219 2162 360 2193 conferri
398 2166 511 2200 poterit
546 2169 679 2196 Assenus
710 2170 749 2198 V.
786 2169 820 2197 C.
845 2170 899 2200 lib.
928 2172 1006 2199 laud.
1051 2171 1220 2201 Consulen-

154 2231 284 2259 CLAR.
656 2225 683 2262 P
1165 2229 1219 2256 dus
