1523 2745
422 167 927 209 LITERAnlm
1191 181 1237 218 w

137 276 412 326 quevmulieres
436 277 630 325 gynaeceis
657 277 837 315 contineri
864 279 1051 325 solerent,
1078 277 1238 317 liberalis

134 346 381 384 institutionis
412 358 566 395 prorsus
601 356 785 396 expertes,

187 416 506 464 Idenipadentme
531 420 735 466 exfflnphun
762 417 887 464 dedst,
919 419 1151 467 phssosopho
1174 431 1252 459 non

136 485 352 535 indignum,
407 498 521 533 quum
554 488 598 525 ab
637 488 808 536 improbo
854 488 1003 525 bomine
1035 501 1100 536 per
1134 499 1249 528 totam

138 556 233 593 diem
261 556 441 594 conviciis
469 557 638 604 petitus,
667 569 743 596 non
766 560 876 595 mocio
908 559 1019 595 istum
1044 570 1123 596 non
1146 572 1250 597 coer-

138 625 243 673 cuit,
271 628 336 664 sed
366 638 480 673 quum
514 630 587 676 jam
627 628 664 666 in
702 640 746 666 eo
771 638 893 676 esset,
924 637 964 666 ut
985 630 1133 667 domum
1171 642 1255 668 ves·

139 706 228 744 pere
262 695 456 743 ingruente
492 697 669 745 intraret,
706 697 820 736 facem
845 699 962 736 eidem
986 710 1131 737 servum
1165 712 1252 748 pro-

140 764 236 803 ferre
260 766 372 815 iussit
397 767 484 814 (1).

190 836 362 874 Eundem
380 837 440 874 ille
465 837 504 874 in
528 838 684 876 dicendo
706 839 856 876 modum
884 839 1030 886 tenuit,
1047 847 1158 886 atque
1186 850 1253 878 no-

138 905 202 945 lim
226 918 246 944 a
269 906 456 957 Dionysio
481 908 697 956 reprehendi
717 936 730 956 ‚
748 919 841 955 quae
860 908 992 946 Pericli
1022 910 1122 957 apud
1145 909 1180 946 T
1184 909 1253 947 hu-

138 975 308 1025 cydidem
332 977 551 1015 tribuuntur
586 979 668 1026 (2).
721 978 881 1016 Minime
901 990 940 1016 ea
975 979 1175 1016 abhorrent
1208 979 1253 1016 ab

139 1045 289 1094 ingenio
317 1047 410 1094 viri,
440 1049 504 1094 qui
534 1059 622 1085 suae
644 1047 864 1095 integritatis
887 1047 960 1084 sibi
994 1047 1167 1085 conscius
1194 1060 1256 1095 pa-

140 1115 304 1163 triaeque
336 1118 530 1154 commoda
562 1128 708 1165 semper
742 1117 791 1153 ob
826 1118 957 1153 oculos
989 1116 1128 1154 habens
1164 1129 1254 1154 con-

138 1191 193 1222 tra
220 1185 422 1223 calumniae
445 1186 515 1223 tela
550 1197 591 1224 se
616 1186 811 1223 defendere
838 1187 961 1223 debet.
991 1187 1082 1224 Non
1113 1188 1255 1236 spirant

136 1266 179 1293 ea
208 1250 479 1304 arrogantiam,
506 1256 674 1294 fiduciam
701 1257 830 1304 potius
855 1267 998 1294 morum
1019 1257 1218 1297 declarant.

189 1325 310 1363 Facsse
344 1334 464 1363 auten]
502 1325 561 1362 issa
588 1325 747 1372 gravstas
780 1325 819 1361 hi
855 1327 1049 1373 superbiae
1083 1328 1254 1365 afiorunh

141 1406 214 1442 que
238 1395 481 1443 contemptus
512 1395 765 1442 suspicionem
789 1396 921 1432 ducere
953 1404 1123 1443 poterat,
1151 1409 1255 1444 prae-

139 1464 268 1502 sertim
307 1465 340 1502 si
372 1465 458 1513 quis
499 1465 686 1513 cogitabat
724 1463 896 1503 Cimonis
937 1466 1184 1504 liberalitatem
1223 1476 1259 1505 et

139 1536 320 1585 populare
345 1534 548 1583 ingenium.
602 1535 674 1572 Sed
698 1546 794 1583 quos
821 1536 891 1572 tale
925 1535 1017 1583 quid
1040 1535 1079 1572 in
1111 1536 1252 1574 Pericle

139 1606 446 1657 reprehendentes
481 1604 652 1644 audiebat
687 1605 791 1642 Zeno
812 1633 824 1652 ‚
853 1617 918 1642 eos
958 1607 1177 1643 admonebat
1210 1617 1253 1646 ut

138 1687 264 1725 parem
309 1676 520 1713 affectarent
554 1675 791 1723 superbiam,
849 1687 940 1722 quae
977 1677 1058 1724 ipsa
1097 1677 1256 1714 imitatio

139 1757 268 1783 eorum
303 1753 444 1784 mentes
475 1746 658 1793 elevaret,
686 1754 723 1783 et
754 1756 902 1783 summo
940 1746 1019 1784 viro
1056 1746 1254 1786 similiores

139 1816 306 1854 redderet
328 1814 413 1864 (3).

188 1886 261 1924 Sed
289 1884 386 1934 quid
416 1886 522 1934 plura
539 1886 558 1924 2
584 1886 768 1924 Summam
802 1886 861 1924 sui
884 1885 1159 1924 admirationem
1194 1894 1281 1926 exs

141 1958 231 1997 citat
251 1957 337 2005 ille,
367 1957 432 2005 qui
459 1955 580 1995 omnia
607 1968 677 1996 sua
706 1955 801 1994 facta
823 1963 861 1994 et
894 1966 1027 1994 novem
1052 1956 1228 1995 victorias
1245 1985 1258 2005 ,
1320 1977 1323 1980 ⁴

1167 2040 1259 2076 quas

190 2131 244 2169 (1)
264 2135 341 2164 Plut.
358 2136 425 2165 Per.
445 2145 473 2170 5.

192 2186 246 2228 (ά)
268 2191 338 2220 vid.
359 2201 446 2228 supra
466 2192 504 2224 C.
526 2195 550 2224 1.
574 2191 602 2231 §.
626 2202 674 2229 13·

185 2247 246 2284 (3)
263 2249 337 2279 Plus.
357 2250 380 2278 1.
400 2251 426 2281 Ι,
