1564 2750
84 209 183 239 Sestio
199 210 236 238 Π.
254 204 285 246 §0
298 218 327 245 4.

343 158 391 202 84
575 152 1243 194 COMMENTATIO

346 265 435 311 bat,
476 265 614 312 quibus
651 263 806 301 victoria
834 262 970 312 potiri,
1012 273 1136 300 eamve
1170 261 1335 299 amittere
1367 272 1460 309 pos-

348 344 417 372 set.
482 334 535 371 Ita
581 333 790 370 Tohnidem
832 333 937 380 (ι),
979 330 1097 368 hieme
1135 330 1460 379 appropinquante

351 402 542 441 Thebanis
578 402 714 440 bel-lum
750 400 884 439 inferre
911 409 1103 449 paratum,
1131 400 1234 437 omni
1265 411 1377 447 opera
1411 400 1457 438 ab

352 473 425 510 isto
449 471 646 520 proposito
679 480 840 509 avertere
860 479 1016 508 conatus
1043 479 1116 508 est.
1170 470 1373 520 Quumque
1399 469 1457 516 is,

352 543 453 579 nulla
488 540 948 589 prudentissimiconsilii
984 540 1107 578 habita
1151 540 1321 587 ratione,
1374 551 1461 578 cum

354 611 510 648 maxima
544 609 733 648 exercitus
765 619 868 658 parte
903 610 1098 658 periisset;
1133 610 1304 658 majorem
1341 609 1462 646 adhuc

356 679 463 717 fidem
495 679 628 717 habere
661 688 865 727 coeperunt
892 679 1139 717 Athenienses
1177 678 1309 716 Pericli
1341 678 1465 715 dicen·

356 748 404 786 ti:
435 747 548 786 Cives
573 757 749 795 quantum
778 748 815 785 in
844 759 883 784 se
909 755 1032 794 esset,
1060 747 1283 784 immortales
1315 745 1466 784 futuros

357 828 453 854 esse.
482 817 621 855 Eadem
648 816 807 855 sollicita
827 829 915 855 cura
938 825 979 854 ut
1004 825 1160 855 eventus
1179 815 1377 854 conatibus
1393 826 1468 853 res-

357 887 564 934 ponderet,
594 885 739 934 effecit,
766 895 808 924 ut
832 898 954 934 neque
967 886 1235 936 expeditionem
1257 886 1297 924 in
1314 887 1470 935 Aegyp-

359 967 435 993 tum
461 956 698 1004 probaverit,
725 967 793 994 nec
826 967 987 1005 unquam
1013 956 1162 1003 siverit,
1195 964 1237 995 ut
1263 955 1470 994 Athenien—

359 1036 419 1063 ses
443 1026 601 1064 Siciliam
624 1026 850 1064 invaderent.
880 1026 1188 1075 Quandocunque
1202 1037 1290 1066 vero
1304 1027 1383 1075 ipse
1408 1037 1471 1065 ex·

363 1095 501 1132 ercitus
536 1095 728 1143 imperium
763 1104 1003 1143 susceperat,
1031 1097 1154 1133 eadem
1189 1095 1383 1143 prudentia
1416 1096 1472 1132 uti

363 1175 438 1207 non
470 1163 692 1211 omittebat3
722 1172 758 1201 et
782 1174 970 1211 nunquam
1007 1163 1179 1212 proelio,
1205 1165 1315 1213 qu’us
1335 1163 1472 1201 dubius

363 1243 517 1271 eventus
551 1244 591 1270 ac
629 1232 834 1280 periculum
862 1242 988 1280 esset,
1015 1233 1200 1272 decrevit:
1240 1244 1308 1271 nec
1343 1244 1472 1281 argen-

365 1312 404 1339 to
430 1302 619 1350 pepercit,
659 1302 724 1339 ubi
755 1303 868 1351 hujus
907 1313 981 1350 ope
1006 1303 1172 1339 hostium
1197 1302 1357 1340 ducibus
1389 1314 1473 1341 cor·

365 1372 485 1419 ruptis
502 1371 669 1418 ,efficere
694 1380 839 1420 poterat
857 1399 870 1418 ,
887 1381 929 1409 ut
954 1382 1080 1409 eorum
1110 1371 1293 1409 exercitus
1315 1371 1476 1410 dimitte-

366 1450 491 1488 retur,
519 1441 746 1488 domumque
773 1441 919 1479 rediret.
952 1442 1002 1480 Ea
1016 1441 1164 1479 Periclis
1191 1442 1321 1489 agendi
1347 1441 1471 1490 ratio,

369 1510 516 1558 quando
533 1510 740 1549 Plistoanax
757 1510 918 1548 Atticam
939 1510 1128 1558 ingressus
1147 1520 1243 1557 erat,
1259 1511 1292 1548 ei
1314 1510 1475 1550 fortasse

368 1580 603 1627 timiditatis,
630 1580 829 1628 turpisque
860 1580 1023 1628 ignaviae
1056 1587 1303 1618 accusatorem
1341 1581 1475 1619 excita·

370 1661 408 1686 re
435 1657 590 1698 posset3
618 1648 690 1686 nisi
728 1649 1085 1686 animadvertendum
1122 1658 1245 1696 esset,
1271 1649 1476 1688 AthenIen-

371 1730 432 1757 ses
457 1718 529 1756 illis
557 1718 789 1767 temporibus
814 1717 977 1766 undique
1005 1718 1049 1756 ab
1065 1717 1266 1766 hostibus,
1284 1719 1479 1759 Euboeen-

1430 1801 1479 1828 sl-

411 1889 462 1927 (1)
485 1889 579 1919 conf.
601 1891 685 1919 Sect.
708 1890 734 1918 1.
754 1891 790 1918 ad
816 1898 924 1918 annum
946 1894 1015 1928 446.
1052 1891 1150 1926 Quum
1176 1898 1273 1919 autem
1293 1891 1421 1926 plurima
1445 1893 1480 1922 in

372 1948 427 1975 hac
453 1947 710 1982 sequentibusque
738 1947 925 1981 paragraphis
958 1955 1142 1981 memorata,
1177 1955 1194 1975 e
1219 1947 1315 1982 priori
1340 1948 1479 1977 sectione

373 2005 507 2032 desumta
532 2003 665 2036 fuerint3
696 2011 758 2030 non
791 2002 992 2031 necessarium
1010 2003 1103 2037 duxi,
1123 2004 1247 2031 eosdem
1270 2011 1347 2038 quos
1371 2012 1477 2040 antea,

373 2060 484 2087 iterum
509 2058 601 2086 citare
637 2066 772 2087 veterum
805 2059 985 2094 scriptorum
1014 2061 1113 2088 locos.
1162 2060 1244 2095 Quae
1275 2059 1366 2093 igitur
1399 2056 1481 2088 nulla‘

373 2115 552 2143 auctoritate
574 2115 672 2143 addita
698 2115 747 2143 hic
776 2116 886 2151 scripta
915 2123 1001 2151 sunt,
1030 2116 1085 2151 iis,
1114 2124 1189 2150 quae
1215 2116 1312 2151 priori
1335 2117 1479 2146 sectione

374 2173 424 2199 vel
443 2172 472 2199 in
495 2171 766 2202 observationibus
792 2172 928 2207 exposita
948 2173 1086 2207 fuerant,
1107 2172 1164 2206 jam
1183 2173 1252 2202 satis
1268 2174 1392 2210 probata
1413 2181 1480 2203 esse

375 2227 558 2257 existimavi.
