1502 2767
221 244 297 271 212
449 232 1108 273 COMMENTATIO

219 351 390 380 monente
423 351 505 379 vate
544 342 825 390 Euphrantide,
865 343 1008 381 Baccho
1054 345 1318 385 sacrificarunt.

222 412 414 460 Respicias
452 422 517 449 eos
551 412 648 449 bello
686 412 984 460 Peloponnesio,
1038 426 1114 462 quo
1156 424 1321 464 tempore

218 482 262 519 ad
300 493 483 518 summum
528 481 765 519 humanitatis
812 481 998 530 fastigium
1044 495 1319 532 pervenerant,

218 553 408 598 quomodo
437 551 577 600 egerint
610 563 692 589 cum
722 551 986 601 Mytilenaeis,
1010 554 1195 602 Plataeis‚
1222 566 1319 602 quos

215 620 441 658 horribiliter
467 621 705 666 ⁴trucidarunt
728 621 806 658 fere
843 631 1028 670 cunct0s3
1056 634 1140 661 cum
1172 623 1321 673 Corcy-

212 691 334 738 meis,
373 691 565 738 Aeginetis
583 720 595 739 ,
624 691 936 739 Megarensibus,
974 692 1133 730 Scioniis
1166 702 1203 730 et
1233 694 1320 731 Me-

211 762 298 808 liis,
339 761 607 810 Mycalessiis,
659 772 818 808 quorum
865 772 911 798 ne
952 761 1125 800 innocuis
1168 761 1319 810 quidem

209 831 334 869 liberis
371 832 409 869 in
445 832 574 870 schola
612 831 855 879 parcebatur,
893 830 991 870 aliis.
1043 832 1319 880 Unusquisque

211 900 471 947 Thucydidem
504 901 595 950 (1),
627 902 962 950 locupletissimum
988 911 1146 950 testem,
1180 902 1242 940 hic
1266 904 1318 941 le-

207 981 324 1018 genS,
350 971 502 1008 horrore
542 971 780 1019 obstupens,
821 972 987 1012 Graecos
1026 973 1224 1022 agnoscit,
1250 974 1317 1022 qui

202 1051 222 1077 a
269 1040 430 1078 barbaris
473 1051 619 1078 omnem
658 1041 922 1080 humanitatem
971 1052 1141 1082 excutere
1191 1044 1314 1082 edocti

201 1111 324 1149 erant!
364 1110 507 1148 Oculos
544 1111 674 1149 deinde
722 1120 916 1150 convertas
953 1114 1000 1151 ad
1034 1113 1311 1163 Syracusanos,

198 1181 290 1229 qui,
305 1181 398 1218 duce
418 1181 590 1230 Gylippo
606 1210 619 1228 ,
641 1182 687 1219 de
702 1183 996 1222 Atheniensibus
1012 1185 1169 1224 victoria
1183 1197 1313 1235 repor-

196 1259 267 1287 tata
282 1278 295 1297 ,
321 1244 531 1289 Niciam‘et
553 1252 843 1290 Demosthenem
866 1252 1068 1293 confestim
1092 1255 1306 1304 trucidant3

195 1320 360 1367 reliquos
405 1321 444 1357 in
480 1320 674 1358 lautumias
707 1323 923 1371 conjectos,
961 1324 1112 1372 calore,
1139 1325 1307 1375 frigore,

194 1387 320 1436 fame,
344 1389 435 1436 siti,
463 1398 599 1437 putore
632 1391 832 1429 crudeliter
855 1400 1013 1431 mortem
1043 1401 1223 1443 oppetere
1254 1390 1307 1435 si-

192 1468 311 1506 nunt3
353 1468 388 1496 et
421 1471 535 1506 quum
573 1472 639 1508 per
673 1473 722 1508 70
757 1461 835 1500 dies
879 1462 1000 1502 furori
1042 1465 1093 1502 ita
1128 1465 1305 1504 indulsis-

191 1538 300 1575 sent,
329 1529 496 1577 reliquos
518 1530 555 1567 in
568 1531 786 1569 servitutem
812 1534 979 1571 vendunt
998 1533 1096 1584 (ΞΜ
1126 1522 1303 1575 Dicamne

189 1599 235 1635 de
267 1598 549 1637 Corinthiorum
582 1601 693 1638 caede
732 1613 752 1638 a
786 1602 900 1639 sociis
939 1603 999 1641 die
1039 1602 1140 1642 festo
1179 1614 1301 1654 patra-

187 1676 223 1704 ta
255 1668 279 1717 ζ
285 1666 355 1716 3),
379 1669 425 1706 de
450 1669 554 1707 bellis
590 1670 704 1709 sacris
729 1672 825 1719 (4),
864 1672 910 1710 de
934 1673 1125 1723 Philippi,
1160 1674 1298 1716 fortas-

185 1748 225 1774 se
258 1737 306 1774 ob
345 1737 608 1776 humanitatem
645 1739 683 1777 in
709 1741 877 1788 captivos
901 1754 989 1790 prae
1020 1745 1174 1792 reliquis
1217 1747 1297 1785 lau-

184 1807 315 1853 dandi,
363 1807 400 1844 in
446 1808 649 1857 Olynthios
701 1811 943 1858 crudelitate,
996 1814 1041 1851 de
1079 1815 1292 1855 Alexandro

181 1875 330 1913 Thebas
367 1887 402 1914 et
432 1877 577 1925 Tyrum
614 1878 783 1917 funditus
803 1882 983 1920 *delentez
1016 1884 1104 1922 Duo
1138 1885 1200 1924 illa
1225 1886 1293 1925 ho·

180 1946 318 1983 minum
353 1946 464 1984 millia
497 1947 591 1996 Tyri
612 1949 712 1987 cruci
741 1949 871 1998 affixi,
899 1963 993 1999 quae
1026 1953 1139 1993 fuerit
1173 1955 1291 1995 Grae-

1224 2036 1288 2064 co-

218 2143 268 2179 (ι)
292 2144 598 2180 Legantur'inprimis
620 2148 686 2176 Lib.
709 2150 759 2177 111.
785 2150 820 2177 V,
843 2157 875 2178 et
895 2151 960 2180 vu.

217 2201 269 2237 (α)
292 2203 356 2229 Cir.
382 2202 663 2237 Thucydides,
687 2204 756 2234 Lib.
779 2207 844 2236 vu.
862 2207 916 2235 sub
934 2207 1005 2237 fine.

215 2260 267 2292 (3)
290 2259 534 2293 Xenophon,
556 2261 701 2289 Historia
728 2264 866 2297 Graeca,
887 2264 957 2295 Lib.
977 2265 1027 2294 lv.

213 2310 266 2346 (4)
288 2309 490 2339 Diodorus
517 2311 699 2347 siculus,
721 2313 800 2342 Libr.
821 2314 896 2343 Χέν.
