1502 2767
364 201 956 242 THEOLOGICA.
1143 210 1212 238 221

113 318 194 355 imis
209 316 408 356 miscentes
424 342 438 362 ,
466 314 611 353 eosdem
632 312 701 351 sub
728 312 902 361 Augusto
927 307 1182 347 effoeminatos
1198 335 1211 353 ,

111 401 226 438 quum
259 398 384 437 pacem
423 383 519 423 ferre
561 394 638 423 non
675 391 854 431 possent,
908 381 969 418 hic
1002 378 1214 417 nominasse

106 459 278 498 sufficiat.

160 529 289 576 Atque
311 526 378 574 {sic
418 526 597 574 probasse
636 523 747 562 nobis
783 521 973 569 videmur,
1021 519 1214 559 hominum

115 598 313 637 sententias
355 596 560 635 emendatas
596 595 636 632 in
676 595 760 642 ipso
796 592 895 631 bello
936 591 1102 641 gerundo
1137 600 1218 628 eer-

109 671 163 710 ni.
231 668 271 707 Si
311 667 372 705 cui
411 667 471 705 hic
518 666 653 704 multae
688 665 925 713 exceptiones
973 663 1012 701 in
1057 668 1215 699 mentem

111 740 287 785 veniant,
323 746 470 787 reputet
508 737 598 783 hic,
637 736 681 773 de
712 735 776 773 tali
807 741 1044 782 argumento,
1072 731 1110 769 in
1140 743 1218 779 quo

109 815 182 847 nos
208 809 426 857 exponendo
458 817 673 854 versamur,
712 816 789 844 non
825 804 897 844 nisi
935 805 1108 842 universe
1145 801 1220 840 dis-

107 879 230 929 putari
265 889 390 928 posse.

608 1023 646 1070 §-
687 1029 724 1069 3·

225 1159 328 1211 Quid
350 1158 395 1198 de
418 1160 489 1205 iis,
516 1169 612 1209 quae
636 1153 837 1206 disputatis
862 1151 971 1201 vulgo
996 1148 1103 1198 objici

420 1229 559 1275 solent,
585 1223 821 1265 statuendum
847 1224 910 1260 sit.

161 1378 343 1427 Superest
376 1384 443 1423 ut,
479 1384 574 1423 quae
606 1372 722 1420 vulgo
756 1370 870 1420 objici
892 1369 1042 1420 solent,
1075 1365 1113 1404 in
1148 1376 1222 1402 me-

108 1447 213 1488 dium
241 1447 473 1497 proferamus
489 1473 502 1496 ,
531 1452 569 1482 et
594 1443 684 1492 quid
708 1449 964 1490 quantumque
989 1436 1149 1486 pretium
1175 1435 1222 1473 iis

109 1518 348 1557 tribuendum
373 1516 567 1563 videatur,
594 1514 711 1554 verbo
737 1510 1007 1560 significemus.

121 1636 123 1638 ,
162 1589 261 1628 Sunt
292 1587 466 1625 nimirum
503 1585 603 1623 haud
637 1582 745 1633 pauci
780 1580 978 1626 homines,
1015 1577 1080 1626 qui
1104 1575 1222 1615 varias

112 1665 267 1708 propter
287 1668 416 1696 causas
440 1653 611 1704 religioni
642 1651 876 1692 Christianae
907 1648 1072 1696 infensi,
1099 1646 1223 1685 omnia

113 1729 201 1768 laeti
229 1727 418 1774 afferunt,
460 1737 555 1774 quae
589 1725 627 1762 in
660 1724 788 1762 malam
827 1729 967 1770 partem
996 1719 1041 1757 de
1075 1729 1117 1757 ea
1148 1717 1221 1755 dici

111 1811 226 1850 posse
260 1799 461 1844 videntur,
510 1806 639 1844 parum
676 1800 848 1832 curantes
893 1799 1018 1829 utrum
1053 1800 1099 1826 ex
1131 1797 1222 1826 vero

105 1871 231 1910 dicant
249 1877 286 1908 et
309 1868 502 1919 judicent,
526 1876 573 1904 an
597 1864 736 1903 minus.
790 1863 853 1902 Sic
881 1872 1056 1910 quoque,
1081 1858 1147 1897 ubi
1174 1859 1220 1897 de

107 1939 298 1989 religionis
333 1936 569 1978 Christianae
603 1934 772 1973 doctrina
812 1932 1004 1971 hominum
1039 1931 1085 1969 de
1117 1929 1216 1967 bello

108 2009 275 2058 gerundo
298 2007 563 2047 sententiarum
584 2003 828 2044 emendatrice
849 2013 972 2040 sermo
1000 2010 1056 2039 est
1072 2029 1085 2047 ,
1120 2000 1220 2038 haud

110 2079 190 2118 sine
219 2079 296 2117 veri
328 2076 482 2130 speciei,
509 2084 552 2114 ut
582 2073 808 2114 contrarium
846 2076 1007 2122 probent
1025 2099 1039 2119 ,
1066 2071 1112 2109 ad
1133 2070 1220 2108 lites

1181 2147 1216 2176 et

111 2256 135 2279 Ὗ
155 2237 251 2264 armis
277 2236 317 2264 ad
341 2237 550 2272 voluptutem,
571 2244 589 2263 a
616 2234 747 2270 negotiis
775 2235 807 2262 fu
839 2234 934 2260 ou'um
970 2238 1113 2259 conversa
1143 2230 1222 2258 tivi-

105 2311 129 2328 „
149 2299 207 2321 tat.
217 2292 238 2306 '⁹
