1502 2767
180 210 225 245 aa
405 194 1077 251 COMMENTATLO

231 314 304 354 His
327 314 373 352 de
398 315 550 362 causis,
591 315 745 354 summis
779 318 1044 365 praeeuntibus
1077 319 1291 369 interpreti-

179 383 273 432 bus,
289 394 463 434 putamus
477 413 491 431 ‚
508 385 594 424 huic
619 386 793 424 vaticinio
806 388 939 436 (modo
962 389 1011 426 sit
1040 389 1279 438 vaticinium)

179 464 350 493 eventum
371 455 502 503 partim
529 456 787 504 respondisse,
820 469 937 505 quum
969 468 1055 506 post
1080 459 1282 508 Babyloni·

177 534 256 562 cam
285 524 535 572 captivitatem
567 525 675 562 multi
702 536 721 562 e
745 527 890 575 Persia,
909 529 1091 567 Chaldaea
1109 527 1292 578 ‚Aegyp-

178 601 220 631 to
248 602 284 630 et
309 589 776 634 Occidente'Isra'e'litarum
797 596 1010 645 religionem
1032 606 1285 647 assumerent3

116 694 126 699 .
178 662 330 702 deinde2
358 675 472 711 quum
498 664 682 704 israelitae
706 677 751 703 ex
775 665 979 715 Babylonia
991 667 1029 705 in
1053 667 1210 715 patriam
1229 678 1289 705 re-

177 732 293 770 duces
324 733 370 770 ad
400 733 632 773 Antiochum
669 746 788 782 usque
822 736 961 783 pacatis
999 744 1191 774 uterentur
1231 747 1288 774 re-

178 802 277 850 bus;
306 812 448 850 porro:
479 815 593 851 quum
611 831 624 851 ,
652 804 857 853 Evangelio
880 805 1038 844 coelitus
1058 817 1143 844 cum
1168 805 1290 844 homi·

177 871 289 909 nibus
315 872 616 921 communicato,
643 874 752 912 multi
781 875 853 913 hoc
871 885 1124 924 assumerent3
1154 876 1286 924 partim

177 952 266 979 vero
305 942 425 980 adhuc
464 954 729 992 responsurum
765 956 872 993 esse,
923 957 964 985 ac
1013 955 1093 984 tum
1141 947 1287 985 demum

177 1010 354 1050 omnibus
395 1013 559 1051 numeris
598 1013 811 1053 absolutum
852 1016 927 1064 iri,
976 1028 1084 1063 quam
1128 1016 1287 1065 primum

120 1095 124 1101 ·
178 1091 307 1119 ornnes
322 1109 335 1129 ,
351 1081 388 1119 in
406 1083 585 1122 Messiam
610 1082 718 1122 fidem
740 1085 915 1123 habentes
931 1114 943 1132 ‚
973 1087 1095 1124 Deum
1121 1088 1158 1127 ἐν
1183 1088 1290 1128 πνεύ-

176 1166 267 1198 ματι
302 1155 361 1192 καὶ
399 1155 549 1204 ἀληθείᾳ
582 1155 772 1202 colentes,
810 1156 873 1193 uni
900 1156 976 1205 regi
1005 1156 1199 1205 eidemque
1223 1158 1290 1208 Ju-

177 1220 250 1257 dici
288 1220 537 1269 obsequentes
569 1224 668 1274 (1),
708 1226 843 1263 amoris
885 1227 1071 1275 principio
1107 1227 1290 1266 ducantur

177 1298 214 1326 et
246 1291 355 1328 unice
386 1291 561 1340 honesti,
583 1294 680 1343 justi
712 1303 747 1331 et
779 1294 888 1342 aequi
921 1296 1049 1333 studio
1074 1305 1286 1335 teneantur.

175 1359 336 1408 Quando
378 1371 499 1400 autem
536 1373 724 1411 speratum
763 1364 856 1401 illud
898 1373 1044 1413 tempus
1090 1374 1287 1404 venturum

174 1429 255 1478 sit,
283 1431 438 1479 nescio,
463 1434 528 1471 sed
558 1434 724 1472 nondum
756 1434 848 1471 illud
881 1435 1055 1482 venisse,
1097 1447 1206 1474 nemo
1233 1436 1290 1486 ig·

175 1509 300 1542 norat.
325 1518 384 1526 -·-
414 1502 533 1541 Simili
569 1503 714 1542 ratione
745 1504 982 1554 judicandum
1019 1514 1115 1554 puto
1154 1506 1199 1544 de
1223 1506 1287 1556 Je-

173 1571 272 1609 saiae
311 1572 408 1621 Cap.
443 1572 570 1611 LXV.
609 1584 672 1622 25.
709 1574 777 1612 XI.
806 1576 927 1614 6—2.
956 1575 1071 1613 Zach.
1109 1575 1214 1614 XIV.
1242 1588 1284 1625 9.

166 1641 319 1692 uzecia.
346 1641 525 1682 XXXIV.
554 1646 623 1682 28:
651 1644 690 1682 in
716 1644 854 1691 quibus
879 1645 975 1683 locis
999 1645 1283 1694 interpretandis

176 1711 214 1749 id
246 1721 439 1760 teneatur,
476 1713 626 1761 omnia,
656 1725 751 1761 quae
788 1724 975 1763 speratum
1016 1715 1108 1753 illud
1132 1727 1285 1755 aureum

173 1783 370 1827 seculum,
399 1791 569 1831 pacatum
601 1784 695 1821 illud
725 1784 763 1821 in
789 1784 989 1823 Palaestina
1014 1795 1159 1834 tempus
1178 1797 1286 1834 spec-

174 1860 281 1900 tant,
309 1856 456 1901 poetice
495 1863 668 1892 exornata
706 1863 743 1892 et
779 1854 849 1892 sub
879 1855 1096 1893 conditione
1130 1857 1284 1903 quadam

172 1922 408 1971 intelligenda
435 1935 518 1963 esse
546 1925 628 1973 (α).
682 1925 815 1963 Eheu!
845 1927 948 1972 quod
976 1934 1012 1963 et
1035 1927 1079 1964 ad
1093 1925 1282 1976 Jesaiam‚

172 1992 211 2030 in
260 1993 366 2043 cujus
415 1993 660 2033 Orationibus
707 1994 862 2034 Ethices
917 1995 1084 2034 doctrina
1126 2005 1277 2045 regnat,

1168 2078 1278 2116 quam

210 2163 261 2202 O)
281 2168 347 2198 Cfr.
371 2171 409 2199 V.
430 2170 462 2200 d.
484 2171 608 2207 Palm,
630 2173 653 2202 1.
675 2181 703 2202 c.

207 2226 259 2260 (α)
286 2229 294 2249 ¹
313 2226 352 2255 fr.
375 2228 512 2264 interpp.
534 2229 570 2257 nd
596 2230 628 2258 h.
650 2229 673 2258 1.
702 2230 851 2266 imprimis
878 2231 1226 2265 Ronenmunerus
1246 2242 1277 2265 et

169 2283 355 2312 Patmius.
