1502 2767
192 170 215 206 6
415 165 1067 206 1NTRODUCT10.

193 287 265 319 na,
316 276 396 313 sive
441 276 605 321 interna,
661 275 930 323 brutorumque
968 285 1080 313 ¹more
1118 275 1212 312 inter
1258 285 1298 312 se

193 345 230 382 vi
273 353 308 381 et
344 344 452 382 armis
505 345 743 382 concertant!
793 344 941 394 Quodsi
978 344 1074 382 enim
1120 343 1295 392 respicias

191 425 348 459 causas,
375 413 472 450 uncle
506 414 601 450 bella
630 414 829 462 oriuntur,
867 416 912 452 ad
939 426 1047 452 unam
1087 408 1217 452 omnes
1257 414 1297 451 in

189 493 340 531 peccato
379 485 631 531 quaerendae,
659 484 698 521 in
734 485 900 537 migrastis
923 484 1172 527 abvalterutra
1193 491 1298 531 parte

187 552 427 601 justi,aequi
442 562 478 590 et
490 553 624 591 amoris
640 541 814 602 legibus,
843 555 968 602 quales
989 555 1143 592 Ethices
1171 552 1302 592 Chris-

192 622 308 659 tianae
333 623 499 660 doctrina
532 623 764 671 praescribit.
804 624 856 662 Ut
876 624 991 672 igitur
1009 624 1144 661 Ethice
1170 623 1304 662 Chris-

193 690 290 728 tiana
323 702 400 729 non
430 700 556 740 potest
594 704 670 730 non
698 694 878 730 bellorum
908 705 1038 732 causas
1067 693 1302 741 improbare,

198 761 249 798 ita
269 761 386 798 multo
407 761 521 809 magis
545 761 667 810 ipsum
696 762 832 800 bellum
860 763 944 811 (ι).
972 783 1027 791 -
1050 762 1204 811 Quippe
1218 772 1303 799 cum

199 830 251 867 rei
273 831 388 877 ratio,
416 840 495 869 tum
523 832 676 870 historia
699 839 880 871 testantur
897 859 911 878 ‚
938 832 1107 871 homines
1122 860 1135 880 ‚
1151 833 1188 869 in
1206 831 1307 869 bello

200 909 389 942 versantes
405 929 417 947 ,
445 902 543 940 haud
558 913 639 939 raro
655 914 819 950 magnam
841 911 940 940 certe
964 911 1102 951 partem
1118 929 1130 949 ‚
1158 911 1305 939 omnem

201 969 279 1008 fere
299 983 442 1010 morum
474 973 657 1011 dimittere
683 972 936 1020 honestatem,
952 972 1310 1020 innocentia1n,pu-

201 1040 385 1089 dicifiarn,
417 1042 507 1090 quin
530 1054 603 1080 rem
633 1054 769 1081 sacram
794 1043 902 1081 flocci
926 1043 1084 1090 pendere
1100 1070 1113 1089 ‚
1141 1050 1178 1080 et
1202 1040 1310 1079 effre-

200 1109 388 1148 natissima
424 1111 579 1150 libidine
611 1113 843 1151 incommoda
864 1140 877 1159 ‚
904 1123 999 1159 quae
1023 1112 1242 1160 patiuntur,
1271 1119 1307 1149 et

201 1180 418 1226 commoda,
447 1181 587 1228 quibus
617 1181 897 1228 destituuntur,
926 1193 1163 1229 compensare
1196 1182 1305 1221 velle.

203 1247 314 1285 Haud
339 1250 449 1297 pauci
472 1251 573 1288 nulla
598 1251 667 1288 alia
693 1251 842 1289 crimina
877 1261 1047 1299 norunt,
1075 1263 1184 1299 quam
1210 1263 1306 1299 quae

202 1319 419 1357 verberibus
456 1329 494 1358 et
526 1332 615 1359 nece
644 1330 732 1358 sunt
766 1321 925 1368 luenda;
953 1331 1030 1358 non
1062 1329 1204 1358 tantum
1233 1320 1308 1369 ipsi

204 1388 399 1426 militantes
432 1390 532 1426 omni
563 1392 783 1439 degenerant
822 1403 935 1429 sensu
972 1391 1129 1437 morali,
1177 1402 1306 1428 verum

201 1458 344 1496 illarum
376 1470 530 1507 quoque
552 1461 743 1509 regionum
763 1461 931 1507 incolae,
959 1461 998 1498 in
1025 1460 1163 1507 quibus
1187 1468 1306 1498 castra

203 1537 377 1574 posuere.
431 1528 516 1567 Vim
554 1538 731 1579 tyrannos
757 1542 873 1579 aeque
900 1541 940 1568 ac
977 1541 1132 1577 servos,
1160 1530 1304 1569 animos

203 1598 406 1644 pertinaces
431 1610 547 1648 aeque
570 1612 610 1638 ac
635 1600 801 1639 imbelles
839 1600 998 1638 formare
1015 1625 1029 1646 ‚
1053 1599 1202 1648 cuivis,
1230 1600 1310 1638 ani·

1259 1682 1311 1708 rm

242 1801 293 1840 (ι)
313 1803 410 1831 Recte
433 1802 546 1831 cecinit
561 1803 621 1837 jam
637 1804 663 1832 O
675 1803 742 1832 vid
753 1803 833 1838 ius,
854 1803 891 1831 de
913 1803 995 1830 Arte
1011 1803 1148 1831 Amantia·
1165 1803 1236 1833 Lib.
1254 1804 1307 1833 111.

354 1885 492 1913 Candida
508 1894 569 1923 pax
590 1886 740 1922 homines,
766 1892 842 1913 trux
861 1886 948 1914 decet
968 1887 1020 1914 ira
1033 1886 1138 1922 feras,

349 1943 419 1972 Pax
438 1944 552 1978 optima
574 1953 689 1972 rerum.

239 2025 390 2059 Legamur
417 2024 508 2054 etiam
530 2034 606 2062 quae
617 2046 628 2062 ,
656 2034 711 2054 suo
737 2033 821 2054 more
832 2046 842 2061 ,
869 2027 1015 2054 lectorem
1038 2026 1070 2054 in
1087 2032 1241 2061 stuporem
1261 2034 1306 2065 τεὴ

201 2081 288 2115 mens
302 2104 310 2119 ,
328 2083 443 2112 cecinit
460 2083 535 2111 Mil
545 2091 582 2113 to
592 2091 611 2111 n
622 2091 640 2111 u
650 2092 664 2112 s
673 2103 684 2119 ,
703 2083 822 2112 Parad.
835 2083 921 2112 Lost.
934 2104 944 2119 ,
954 2083 1025 2112 Lib.
1038 2085 1075 2112 ΙΙ.
1085 2091 1133 2112 vs.
1144 2086 1307 2122 496—505.

422 2166 579 2202 Obscltame
606 2173 634 2195 so
657 2167 740 2194 men!
763 2172 823 2194 etc.
845 2188 849 2191 >
880 2201 882 2203 .

767 2223 957 2252 destruction
977 2224 1063 2252 wast.
