1502 2767
410 153 1007 217 THVEOLOGICA.
1201 163 1269 191 ιη

170 275 265 320 dae,
290 272 372 323 J‘ura
395 277 433 308 et
477 269 632 307 salutem
667 264 894 304 vindicemus
923 271 960 302 et
995 269 1124 301 comm
1146 261 1277 300 hostes

167 352 335 383 tueamur
355 339 424 390 (1)
438 339 459 378 2

668 481 707 528 ς.
747 481 786 517 ε.

214 627 452 677 Argumenta
492 637 512 662 e
551 627 666 664 Sacro
714 623 843 664 codice
890 625 1013 674 petita
1027 650 1040 670 ‚
1103 635 1199 673 quae
1213 649 1228 670 ,

263 705 429 748 practer,
453 705 569 746 supra
590 695 741 742 allata,
779 693 1016 746 comprobant
1054 693 1181 732 Chris-

318 792 323 796 «
359 768 464 805 tiano
500 766 639 804 homini
663 765 796 814 bellum
819 765 964 803 licitum
995 776 1081 803 esse.

219 913 328 963 Quae
348 913 544 951 adversarii
571 913 749 960 obgerere
778 912 922 959 solent,
950 911 1093 950 nullius
1125 920 1282 958 prorsus

167 995 252 1024 esse
292 983 500 1030 momenti,
539 983 610 1021 rite
647 983 759 1020 modo
797 981 1074 1030 interpreteris,
1125 979 1255 1029 paucis
1275 1006 1289 1028 ‚

171 1053 246 1094 nisi
274 1053 383 1092 fal-lor
399 1080 413 1100 ‚
439 1050 637 1101 probatum
658 1061 730 1091 est.
760 1052 833 1090 Uti
857 1052 946 1090 haee
974 1050 1028 1089 nil
1053 1051 1203 1097 valent,
1237 1049 1288 1088 ita

167 1131 297 1162 contra
332 1123 371 1162 in
401 1124 442 1162 S.
482 1123 625 1162 Codice
662 1123 778 1161 multa
811 1122 970 1169 insunt,
1015 1133 1110 1170 quae
1146 1120 1289 1160 bellum

169 1194 312 1233 licitum
356 1204 440 1233 esse
482 1194 653 1233 doceant.
722 1193 785 1232 Ne
830 1193 930 1232 enim
972 1192 1089 1230 dicam
1107 1219 1122 1239 ‚
1167 1190 1290 1231 Abra-

167 1264 316 1301 hamum
333 1290 347 1310 ‚
375 1263 526 1302 Mosem
543 1291 556 1310 ‚
584 1263 791 1310 Davidem,
824 1262 917 1301 alios
959 1261 1062 1301 viros
1099 1260 1288 1310 probitate

171 1333 338 1383 insignes
351 1361 366 1381 ‚
390 1333 457 1382 qui
470 1335 552 1372 Deo
567 1332 794 1372 familiariter
807 1341 1000 1371 uterentur
1010 1361 1023 1380 ‚
1038 1332 1133 1371 bella
1150 1331 1288 1381 gessis-

167 1417 209 1443 se
222 1432 236 1452 ‚
260 1415 379 1452 eaque
395 1404 506 1453 jussu
526 1403 626 1442 haud
646 1415 728 1442 raro
752 1403 882 1442 divino
899 1431 913 1451 ‚
934 1403 1058 1442 Exod.
1073 1402 1200 1442 XVII.
1219 1403 1284 1440 16.

169 1475 327 1514 Deuter.
366 1475 492 1515 XXV.
520 1485 581 1524 19.
607 1486 621 1523 ς
646 1473 851 1523 prophetas
888 1484 1042 1522 quoque
1070 1473 1117 1511 ad
1150 1472 1289 1511 bellum

171 1544 377 1594 incitasse3
432 1545 563 1584 merito
591 1543 863 1593 exspectaveris
885 1544 1012 1593 Jesum
1028 1572 1042 1592 ,
1080 1543 1114 1582 si
1152 1543 1292 1583 bellum

171 1614 329 1653 vetitum
372 1614 588 1663 voluisset,
619 1613 769 1653 disertis
792 1613 917 1653 verbis
938 1625 1080 1653 novum
1113 1622 1149 1652 et
1187 1613 1294 1652 inau-

167 1685 288 1724 ditum
317 1685 384 1723 hac
404 1685 451 1723 de
473 1696 512 1723 re
547 1685 756 1724 mandatum
782 1685 954 1724 daturum
989 1684 1136 1732 fuisse3
1175 1683 1290 1731 idque

173 1766 221 1794 eo
233 1755 350 1805 magis
365 1783 379 1803 ‚
393 1756 497 1803 quod
509 1766 619 1794 nemo
628 1755 793 1806 Judaeus
804 1755 911 1794 aliter
922 1754 1129 1793 existimare
1143 1761 1296 1802 posset,

170 1836 283 1875 quam
328 1826 428 1875 leges
473 1825 662 1866 Mosaicas
697 1827 745 1864 ad
778 1825 916 1875 iudicia
952 1832 989 1864 et
1027 1824 1306 1873 rempublicam*

1215 1906 1300 1944 per-

215 2013 266 2053 (ι)
288 2015 355 2044 Cfr.
376 2016 402 2044 D
411 2023 426 2044 r
437 2024 454 2044 a
464 2024 480 2045 e
489 2025 503 2045 s
512 2024 528 2045 e
538 2017 560 2045 k
570 2010 587 2045 ε’
599 2036 609 2052 ,
620 2016 834 2045 Lan-edema
852 2024 924 2046 over
938 2015 994 2044 den
1004 2016 1100 2052 Kn‘jg
1110 2034 1120 2051 ,
1130 2022 1158 2050 p·
1169 2016 1219 2045 66.
1229 2020 1296 2049 sqq.

171 2073 317 2108 joannem
336 2071 387 2101 hic
409 2080 448 2101 ex
467 2073 592 2102 Domini
611 2081 710 2102 mente
733 2075 872 2103 locutum
893 2081 978 2108 esse,
999 2072 1127 2102 efficitur
1147 2079 1187 2101 ex
1204 2073 1294 2111 Joan.

174 2130 241 2158 XV.
265 2139 307 2159 ιι
333 2140 377 2165 1³·
398 2130 464 2159 Cfr.
492 2131 690 2167 Stronck,
709 2135 742 2162 de
767 2131 923 2159 Doctrfna
947 2138 979 2159 et
1000 2131 1136 2159 dictione
1157 2129 1293 2168 Joannte

175 2186 385 2222 Apmomad
399 2190 478 2226 Jew
497 2190 643 2228 magistri
661 2190 835 2218 doctrinan
854 2190 1077 2230 dieofonenque
1094 2194 1201 2219 exuere
1219 2195 1295 2215 com·

177 2244 305 2277 posita,
328 2252 358 2279 p.
381 2248 429 2275 66.
