1507 2876
228 233 275 269 30
454 214 1120 256 COMMENTATIO

229 329 338 366 betur
370 326 466 376 (1),
506 336 543 364 et
576 326 607 364 si
635 328 760 363 revera
800 324 1037 363 Christianus
1069 324 1144 363 dici
1181 332 1338 374 potest,

231 399 384 437 omnino
408 397 541 445 diligit.
596 396 782 434 Omnibus
810 395 1024 433 nationibus
1052 395 1147 434 bene
1169 395 1274 445 cupit
1304 405 1343 435 et

230 480 318 507 suae
355 477 391 506 et
427 467 589 513 exteris,
627 475 768 513 atque,
804 465 959 503 simulac
996 465 1034 503 in
1061 467 1140 515 eJ'us
1177 474 1349 515 potesta-⁷

230 547 269 576 te
305 538 383 586 sit,
431 549 471 575 ac
510 547 631 584 neque
663 535 780 584 patria
816 535 907 583 quid
956 535 1167 575 detritnenti
1209 536 1343 576 exinde

231 608 378 656 capiat,
437 618 557 654 neque
598 608 678 654 ipse
728 605 810 644 aliis
863 606 1012 655 maioris
1060 606 1239 646 momenti
1285 606 1346 645 of-

233 678 329 715 ficiis
366 677 474 731 fungi
513 676 642 714 debeat
669 674 770 724 (2),
820 687 948 714 omnes
982 675 1109 715 felices
1149 688 1229 716 esse
1264 687 1345 715 non

232 756 376 786 tantum
413 746 541 794 cupit,
582 746 648 784 sed
683 746 833 784 reddere
868 758 1022 794 quoque
1065 755 1235 786 conatur.
1289 763 1344 780 -ε-

230 818 360 865 Itaque
385 817 535 855 aliarum
567 817 759 855 civitatum
793 817 971 864 salutem,
1018 817 1142 865 quoad
1178 817 1239 854 ille
1273 828 1344 865 po-

232 897 329 939 test,
372 896 499 934 curat,
545 896 680 935 auget„
728 896 765 924 et
809 889 928 926 multo
965 887 1080 935 magis
1119 888 1193 925 hoc
1227 885 1347 936 facit,

233 959 267 997 si
300 960 368 997 hae
399 959 566 997 civitates
603 958 649 996 de
680 968 746 995 sua
778 957 948 1005 civitate,
991 968 1145 1006 quoque
1178 956 1224 995 de
1262 967 1348 996 sese

235 1040 276 1066 ac
313 1029 425 1076 suis,
460 1029 554 1066 bene
589 1028 738 1066 meritae
762 1036 877 1076 sunt;
914 1028 1070 1066 maxime
1103 1030 1193 1066 ve'ro
1229 1038 1346 1076 cum,

231 1098 339 1137 aliam
354 1099 541 1146 curando,
556 1098 741 1137 civitatem
757 1109 858 1137 suam
879 1099 1043 1147 adjuvet.
1071 1121 1124 1128 --
1149 1099 1349 1148 Quaecun-

235 1178 310 1214 que
344 1167 581 1206 Christianus
617 1169 717 1216 agit,
768 1168 973 1217 J'ustissima
1003 1179 1174 1217 quaeque
1202 1178 1346 1216 eaque,

229 1238 379 1276 caritate
426 1239 591 1284 ductus,
641 1246 723 1285 agat
771 1245 936 1286 oportet.
1029 1238 1127 1276 Hinc
1172 1237 1345 1287 profecto

233 1315 329 1346 amat
350 1309 530 1357 juvatque
565 1306 780 1345 innocentes
811 1319 897 1357 prae
935 1307 1083 1357 injustis
1124 1308 1209 1359 (3).
1275 1310 1348 1349 Ita-

233 1388 308 1425 que
335 1388 522 1425 quamque
559 1376 772 1425 civitatem,
798 1377 981 1416 immerito
1007 1377 1046 1415 iu
1066 1378 1234 1427 periculo
1263 1391 1348 1419 ver·

231 1455 399 1495 sautem,
430 1447 463 1484 si
484 1455 633 1495 potest,
656 1446 821 1485 defendit
852 1458 894 1485 ac
932 1455 1080 1496 tuetur,
1107 1449 1231 1486 minus
1253 1459 1345 1488 vero

235 1529 338 1565 eam,
372 1529 467 1565 quae
499 1517 649 1566 injurIas
688 1517 861 1555 exstruit.
916 1517 1077 1568 Quando
1120 1530 1154 1558 e.
1191 1530 1231 1568 g.
1270 1519 1348 1559 fera

235 1598 355 1635 gem,
381 1587 487 1625 silvis
512 1587 740 1635 desertisque
776 1587 940 1634 relictis,
968 1588 1090 1627 omnia
1123 1589 1198 1626 sibi
1230 1589 1348 1640 subji-

233 1657 315 1705 cit,
360 1657 547 1707 regionem
583 1658 688 1696 aliam
722 1663 812 1706 post
847 1658 952 1696 aliam
987 1658 1193 1707 opprimit,
1245 1660 1348 1698 nulla

235 1727 377 1765 ditione
408 1736 472 1765 aut
508 1728 641 1777 praeda
681 1736 881 1777 contenta,
919 1728 1059 1777 ubique
1097 1729 1252 1779 vestigia
1290 1730 1348 1768 in-

1258 1810 1353 1839 *cen-

273 1906 327 1941 (1)
349 1907 420 1934 Luc.
445 1905 482 1933 X.
505 1911 627 1940 25-37-
659 1906 700 1933 cf.
724 1905 952 1942 Reinhard,
973 1907 1099 1944 Mora,
1119 1908 1155 1936 11.
1177 1915 1209 1943 p.
1238 1915 1348 1945 5-11,

238 1962 282 1990 uti
307 1970 338 1990 et
364 1963 625 1997 Lactantius,
649 1963 728 1990 lust.
752 1963 849 1999 Dian,
872 1964 921 1991 VI.
946 1972 990 1992 10.

274 2019 327 2055 (2)
348 2020 396 2048 ef.
423 2019 584 2057 Reinh.,
614 2021 697 2048 Mor.
716 2020 756 2048 ΙΙ.
785 2028 816 2054 p.
844 2030 910 2049 201.
935 2028 1020 2056 seqq.
1052 2034 1097 2042 —-
1126 2021 1219 2050 Multi
1244 2022 1348 2052 Chris·

233 2076 382 2104 titulorum
408 2076 512 2111 primis
542 2077 669 2105 saeculis
689 2085 823 2105 amc->rem
848 2085 916 2111 erga
950 2085 1056 2106 omnes
1091 2079 1195 2106 mundi
1229 2078 1345 2109 incolas

237 2141 402 2169 repugnare
445 2133 540 2162 amori
582 2142 649 2168 erga
688 2133 813 2169 patriam
856 2141 1009 2169 putarunt.
1067 2134 1117 2163 Cf.
1159 2135 1347 2172 Pontius,

238 2192 395 2218 Diaconus
420 2191 452 2217 in
478 2191 548 2219 vita
577 2191 745 2227 cypriant,
772 2199 799 2219 c.
831 2195 874 2220 18.
917 2190 986 2219 Vid.
1005 2190 1211 2226 stziudlin,
1239 2192 1345 2222 Gesch.

240 2248 293 2275 tler
313 2248 502 2275 Sittenlelzre
525 2249 602 2285 Jesu
618 2268 627 2283 ,
648 2248 697 2275 ΠΙ.
716 2256 747 2283 p.
769 2251 814 2277 18.

278 2303 328 2342 (3)
349 2311 361 2331 1
379 2307 448 2334 Cor.
465 2305 540 2333 xm.
552 2308 581 2335 6.
603 2306 685 2333 conf.
698 2325 707 2341 ‚
726 2313 801 2340 quae
820 2313 908 2340 supra
919 2313 950 2340 p.
964 2316 1009 2335 22.
1020 2306 1074 2335 hac
1084 2306 1121 2335 de
1131 2313 1163 2335 re
1174 2305 1253 2336 dicta
1262 2314 1343 2337 sunt·
