1502 2767
377 152 982 196 THEOLOGICA.
1176 155 1248 198 165

603 293 641 340 S.
699 302 758 329 10.

282 431 342 470 De
368 430 541 476 ratione,
568 441 646 479 qua
670 429 766 467 bella
786 427 954 476 finienda
981 435 1079 465 sunt.

144 629 145 632 Ἴ
175 575 257 635 Hac
287 577 333 616 de
364 576 403 616 re
439 575 612 628 prOfecto
647 578 851 617 sententiae
885 578 1056 616 meliores
1099 558 1244 616 exstant

126 647 222 686 inter
250 648 505 688 Christianos.
574 649 685 687 Haud
719 660 871 687 necesse
904 658 988 696 est,
1011 657 1052 686 ut
1070 649 1177 697 plura
1199 649 1243 685 de

125 716 301 757 Ethnicis
342 729 556 775 memorem.
608 719 693 758 Feri
736 731 777 758 ac
823 718 969 757 barbari
1007 719 1075 768 (1)
1112 719 1242 767 populi

127 786 207 826 fere
235 788 330 827 nihil
361 788 405 827 de
434 778 534 840 Justa
570 800 659 838 pace
698 788 863 827 facienda
895 789 1099 827 sciverunt.
1153 789 1245 826 Cul-

125 858 241 898 tiores
279 871 400 907 vero,
430 860 572 900 Graeci
609 858 680 909 (2)
718 868 755 897 et
788 860 977 907 Romani,
1011 858 1165 896 omnino
1193 858 1248 895 in-

126 929 271 967 terdum
304 928 411 967 bellis
448 929 558 967 finem
594 930 879 977 imposuerunt;
921 929 987 966 scd
1021 929 1146 975 ratio,
1175 939 1249 974 qua

129 999 294 1037 victores
335 1011 419 1048 erga
466 999 606 1037 incolas
655 999 902 1048 regionesque
952 998 1116 1036 devictas
1169 1008 1250 1034 sese

94 1085 96 1087 >
127 1068 420 1118 praestiterunt,
456 1069 502 1107 ab
539 1067 642 1107 ornn'i
680 1069 830 1107 caritate
857 1069 1077 1117 plerumque
1115 1067 1254 1105 abhor-

128 1139 219 1178 ruit.
246 1160 302 1171 —
325 1141 544 1189 Perpetuam
574 1141 692 1188 legem
721 1150 806 1177 esse
831 1139 924 1177 dixit
945 1137 1253 1186 Xenophon,

132 1218 176 1249 ut
210 1209 250 1248 in
287 1203 504 1259 regionibus
539 1210 658 1259 captis
697 1221 850 1257 eorum,
876 1209 941 1257 qui
965 1220 1023 1246 eas
1058 1208 1254 1256 ceperint,

135 1282 213 1320 sint
267 1292 428 1329 corpora
486 1290 522 1319 et
571 1291 700 1318 omnes
761 1279 971 1318 facultates.
1045 1277 1136 1324 Jure
1188 1277 1257 1325 igi-

140 1360 202 1390 tur
254 1352 418 1400 Myconii
454 1350 499 1388 ab
540 1350 687 1401 Argis,
743 1350 911 1399 Olynthii
950 1361 969 1387 a
1006 1348 1256 1396 Philippo

136 1420 301 1461 fuissent
339 1407 479 1459 venditi
517 1424 600 1470 (3).
655 1421 716 1459 Sic
751 1419 857 1458 etiam
893 1419 1147 1457 Romanorum
1188 1430 1259 1455 vo-

1177 1490 1261 1526 lun-

175 1606 232 1644 (ι)
251 1605 294 1634 lta
318 1606 524 1639 Brennus,
547 1603 644 1631 Roma
672 1610 780 1637 capta,
799 1600 895 1630 dixit:
924 1620 949 1635 ‚,
970 1599 1070 1629 omnia
1094 1606 1163 1628 sunt
1186 1598 1262 1626 vali·

140 1662 273 1691 diorum.
282 1661 301 1674 ”
339 1662 383 1690 lta
416 1660 554 1689 Vandali
592 1669 621 1688 a.
652 1668 720 1696 411.
761 1658 938 1694 Hispaniam
965 1656 1117 1685 devictam
1143 1656 1175 1683 in
1199 1664 1263 1684 sor-

144 1727 189 1749 tes
214 1719 428 1754 conjecerunt.
470 1719 520 1748 ef.
541 1718 716 1747 Roberts
728 1725 795 1749 on,
819 1718 843 1746 1.
863 1717 886 1744 1.
908 1712 948 1744 ΙΙ.
971 1711 1092 1749 p.'232.

145 1842 207 1870 quo
243 1833 295 1861 vd.
324 1833 484 1868 Nepos,
513 1833 576 1862 vit.
607 1832 718 1860 Timol.
747 1839 776 1860 c.
806 1840 844 1865 3,
871 1839 902 1867 4‘·
935 1836 967 1858 et
1001 1829 1265 1862 Plutarchus,

147 1893 211 1921 vit.
231 1891 341 1920 Timol.
362 1898 391 1919 c.
415 1893 464 1924 36.

186 1948 240 1986 (5)
268 1945 321 1978 Cf.
346 1947 412 1981 ejus
438 1948 543 1983 Cyrop.
574 1946 642 1975 vn.
675 1960 713 1967 —-
744 1944 908 1974 Crudelius
942 1943 1018 1972 aliae
1053 1941 1170 1976 antiqui
1199 1940 1270 1968 aevi

128 2012 254 2041 -gentes
271 2011 417 2040 egei-unu
439 2003 576 2031 Minos
605 2002 734 2031 immane
759 2001 905 2031 txibutum
929 1999 1076 2035 imposuit
1101 1999 1271 2028 Athenien-

131 2063 256 2099 ·n’bus,
282 2069 315 2091 et
339 2061 490 2090 interdum
521 2067 640 2097 pactum
667 2059 775 2088 initum
797 2066 860 2094 cst,
883 2066 918 2087 ut
936 2058 1034 2087 victns
1061 2056 1173 2085 victori
1196 2063 1272 2090 quo-

153 2120 250 2150 tannis
267 2127 405 2154 magnum
427 2117 684 2147 nobilissimarum
717 2119 886 2153 puellarum
917 2122 1095 2149 numerum,
1135 2119 1274 2147 tanquam

157 2235 243 2270 the,
263 2235 285 2262 1.
307 2236 328 2263 ι.
349 2236 373 2263 1.
397 2243 427 2269 p.
455 2240 519 2266 127.
542 2233 724 2268 Becker,
747 2233 768 2259 l.
798 2232 863 2259 1-1.
886 2233 1006 2264 2188·

183 1777 236 1812 (9.)
257 1777 373 1805 Paucos
401 1782 514 1804 tantum
539 1773 697 1810 excipias,
743 1781 776 1802 v.
806 1781 836 1802 c.
870 1772 1191 1802 Timoleontem‚
1226 1770 1264 1797 de
1319 1774 1321 1776 ·

152 2176 300 2206 tributum
324 2177 421 2206 daret.
452 2190 493 2198 —
520 2175 578 2204 eff.
607 2176 794 2210 Grotius,
822 2176 844 2203 1.
868 2175 890 2202 1.
914 2181 942 2202 c.
964 2173 1015 2201 lX.
1039 2168 1069 2208 ᾖ.
1093 2173 1122 2200 6.
1143 2169 1182 2197 Τ.
1207 2169 1276 2195 Ro·
1308 2194 1317 2201 ,,
