1523 2745
268 187 1025 243 OBSERVATIONES.
1129 216 1201 257 179

93 293 255 342 quaein
303 297 488 348 Acropoli
527 304 767 354 servabatur,
807 308 851 346 ad
895 309 1031 349 bellum
1074 323 1202 361 geren-

90 363 177 402 dum
194 392 207 412 ‚
220 367 279 404 vel
305 369 349 406 ad
361 369 554 409 Minervae
567 373 758 423 imaginem
778 372 1042 420 conficiendam
1062 384 1199 431 ‚quin-

90 433 265 482 quaginta
304 438 435 476 talenta
466 443 668 482 sumsisse:
694 457 851 495 seseque
878 447 1086 490 defendisse
1113 464 1198 492 ver-

88 500 173 542 bis.
202 507 252 550 εἰς
277 508 316 546 τὸ
338 509 410 548 δέον
435 512 620 555 ἀνήλωσα.
649 514 736 564 Quo
751 517 911 563 pertinet
931 519 1195 570 Aristophanis

81 572 193 622 jocus
227 575 325 625 (1),
351 589 478 616 vocem
504 583 672 628 ἀνήλωσα
709 586 886 625 mutantis
921 587 959 626 in
994 592 1194 641 ἀπώλεο-οι,

86 651 123 680 et
161 644 267 682 locus
309 648 457 693 quidam
498 651 645 699 Synesii
682 654 769 704 (2).
833 657 1010 697 Ceterum
1053 671 1192 700 nomen

84 716 304 762 Συμβουλου
355 717 566 767 Spartani,
615 735 693 770 quo
735 726 954 767 Plutarchus
1002 730 1196 771 Cleandri

81 781 164 819 dem
203 786 382 834 vocavit,
421 800 441 826 a
470 790 581 829 Suida
600 804 667 840 per
698 796 956 845 negligentiam
991 800 1126 838 alicubi
1152 801 1192 840 in

82 850 305 892 Cleandrum
350 866 531 897 mutatum
569 873 650 900 esse
683 864 858 914 videtur,
901 870 1007 916 quod
1039 871 1193 918 probari

33 929 37 933 ’
77 922 217 969 poterit
238 936 259 962 e
288 926 398 964 tertio
424 930 568 967 scholio
592 933 638 970 ad
661 934 860 983 Aristoph.
886 938 914 976 1.
936 939 964 976 1.
979 966 993 985 ,
1033 939 1099 978 ubi
1122 941 1192 979 du·

77 992 165 1039 plici
204 994 271 1033 hac
307 996 450 1036 ratione
488 1000 668 1048 scriptum
707 1003 923 1054 invenitur3
962 1019 982 1045 a
1018 1009 1188 1048 Diodoro

78 1060 158 1100 Sic.
194 1074 352 1103 vocatur
389 1068 595 1110 Clearchus
619 1073 702 1121 (3).
754 1075 950 1115 Plistonax
984 1078 1110 1116 decem
1134 1088 1190 1117 ta-

75 1131 260 1171 lentorum
294 1147 413 1182 poena
440 1121 660 1189 mulctatus,
694 1154 809 1189 quum
833 1156 909 1182 earn
941 1148 1086 1185 solvere
1110 1159 1189 1187 non

72 1210 230 1250 posset,
258 1203 296 1241 in
325 1205 494 1244 exsilium
528 1208 648 1257 abiit,
684 1222 752 1249 nec
791 1213 958 1262 Spartam
985 1217 1094 1256 rediit
1123 1230 1190 1257 an-

73 1280 110 1310 te
135 1272 292 1322 olymp.
322 1276 572 1317 LXXXVIII.
600 1292 636 1328 3.
661 1281 714 1320 A.
737 1283 786 1323 C.
814 1285 905 1330 426.
929 1287 1012 1334 (4).
1051 1288 1187 1326 Clean·

74 1342 238 1390 dridem,
277 1345 342 1392 qui
378 1347 508 1395 capitis
536 1349 717 1397 judicium
754 1352 953 1402 effugerat,
994 1358 1184 1397 absentem

72 1411 183 1451 bonis
221 1414 418 1461 publicatis
459 1427 540 1456 orte
574 1420 836 1470 niulctarnnt3
873 1435 951 1462 non
989 1427 1085 1465 enim
1126 1428 1185 1467 vi-

70 1481 141 1520 deo
161 1510 175 1529 ‚
227 1484 293 1531 qui
340 1488 533 1536 ἐφόνευσαν
569 1498 604 1526 et
655 1493 877 1541 ἐδήμευσαν,
929 1507 1022 1542 quae
1070 1498 1182 1538 verba

69 1552 110 1591 in
142 1553 265 1593 citatis
295 1556 446 1595 scholiis
486 1558 683 1607 leguntur,
711 1562 761 1600 ita
798 1563 895 1602 inter
920 1576 961 1603 se
983 1577 1178 1617 pugnent,

70 1632 114 1661 ut
147 1625 363 1664 alterutrum
392 1628 526 1665 mutari
555 1639 707 1669 necesse
743 1632 793 1670 sit
820 1635 904 1683 (5).

119 1691 406 1741 Peloponnesiis
443 1707 488 1734 ex
521 1698 647 1737 Attica
688 1701 898 1752 profectis,
942 1706 1101 1747 Pericles
1137 1709 1178 1750 in

69 1760 261 1800 Euboeam
296 1764 427 1814 rediit;
465 1767 600 1815 eique,
648 1782 756 1818 quam
795 1781 909 1812 totam
946 1777 1019 1814 sibi
1051 1781 1177 1829 subJ'e-

65 1839 192 1880 cerat,
219 1832 400 1872 tributum
424 1833 619 1884 imposuit.
648 1838 838 1887 Spectavit
860 1843 933 1882 huc
954 1845 1177 1896 Aristopha-

1106 1928 1172 1956 nes

98 2023 152 2061 (ι)
170 2025 205 2054 In
219 2025 324 2055 Nubb.
340 2028 361 2054 1.
373 2034 402 2056 c.

100 2081 155 2120 (2)
175 2082 212 2111 In
230 2082 331 2112 Dione
349 2092 381 2119 p.
397 2092 446 2121 59.
465 2083 504 2113 D.
526 2084 577 2114 ed.
597 2085 689 2115 Paris.
713 2088 796 2125 1651.

101 2139 154 2176 (3)
175 2138 243 2169 Lib.
260 2141 343 2171 xm.
366 2145 433 2173 106.

99 2194 153 2234 (4)
175 2197 272 2226 Thuc.
293 2199 332 2227 V.
355 2203 402 2230 16.
425 2199 454 2228 in
474 2201 545 2230 fine.

99 2251 155 2290 (⁵)
174 2252 266 2283 Conf.
285 2255 378 2284 strab.
405 2257 456 2286 Vi.
478 2265 510 2293 p.
538 2257 607 2296 264.

528 2332 624 2371 M2
