1507 2876
281 234 330 272 66
495 230 1159 272 CO-MMEN-TATIO

286 351 388 381 runt.
438 329 495 381 Ita
515 351 552 380 et
577 342 835 391 Origenes
858 349 893 379 et
914 340 1294 382 T'errtul'lianus
1319 348 1396 383 non

287 425 432 462 semper
468 414 618 451 eandem
654 414 772 450 secuti
799 422 889 451 sunt
916 412 1132 451 sententiam
1161 413 1246 460 (1).

340 485 412 523 IV.
439 483 624 522 Nonnulli
658 491 854 532 propterea
894 483 1030 535 bellum
1070 484 1242 521 detestati
1279 492 1396 532 sunt,

291 555 393 601 quod
435 552 654 591 militaribus
698 551 829 589 officiis
872 551 1017 599 quidam
1067 552 1257 601 gentilium
1301 553 1398 592 ritus

289 624 479 672 conJuncti
517 630 634 660 erant.
686 622 752 665 Ita*
770 633 836 669 per
867 621 1032 669 gentium
1072 623 1204 670 Deos,
1237 622 1398 672 Jovem‚

294 694 479 738 Martem,
504 693 626 740 jurare
651 690 880 738 cogebantur
905 690 1039 728 milites
1065 691 1154 740 (2).

340 763 405 801 V.v
423 763 458 802 E
482 763 748 803 nonnullorum
789 769 933 809 patrum
971 761 1164 800 sententiis
1192 773 1233 800 ac
1264 761 1402 810 dictis,

291 840 435 871 tanturn
472 833 585 881 huJus
619 831 769 869 illiusve
802 829 1033 878 Christiani,
1077 830 1225 868 minime
1256 831 1403 870 univer-

291 914 352 941 sae
378 901 550 940 ecclesiae
576 900 756 940 sententia
784 899 936 938 derivari
964 908 1105 948 potest.
1143 900 1288 939 Contra
1310 913 1400 940 vero

341 973 415 1011 VI.
457 971 671 1011 testimonia
723 979 896 1018 exstant,
950 982 969 1007 e
1019 969 1156 1017 quibus
1192 982 1240 1008 ne
1276 982 1405 1010 omnes

294 1042 442 1091 quidem
479 1042 719 1081 Christianos
756 1041 895 1078 bellum
930 1039 1161 1093 improbasse
1201 1042 1409 1080 luculenter

293 1122 409 1163 patet.
461 1133 516 1144 —-
565 1113 807 1152 Clemens
847 1111 1220 1150 Alexandrinus
1261 1111 1329 1161 (3)
1371 1121 1410 1151 et

294 1182 532 1232 Scriptor
584 1181 920 1228 constitutionum,
979 1192 1074 1228 quae
1117 1181 1406 1220 Clementis

297 1255 416 1293 Rom
430 1254 513 1291 ani
534 1263 670 1291 nomen
695 1263 782 1300 prae
804 1262 845 1288 se
867 1248 992 1288 ferunt
1013 1250 1118 1300 (4),
1134 1260 1258 1298 neque
1275 1262 1294 1289 a
1317 1262 1409 1300 sup·

297 1323 413 1374 plicio
451 1322 625 1372 capitali,
663 1332 785 1368 neque
822 1332 844 1358 a
883 1319 983 1358 bello
1019 1320 1307 1359 abhorruerunt.
1355 1342 1410 1353 —

299 1392 446 1431 Milites
484 1391 690 1444 antiquitus
719 1403 739 1428 a
779 1390 875 1428 sacri
904 1390 1039 1438 lavacri
1071 1389 1146 1428 ritu
1174 1390 1324 1429 minime
1356 1403 1413 1430 ar-

300 1462 478 1500 cebantur
503 1462 599 1509 (5),
637 1471 760 1511 neque
795 1472 840 1499 ex
875 1460 1028 1498 ecclesia
1055 1460 1296 1509 ejiciebantur
1322 1461 1409 1512 (6).

301 1532 464 1571 Constat
479 1560 492 1578 ,
519 1531 739 1578 imperatore
764 1530 905 1568 Marc
920 1541 943 1566 o
971 1531 1074 1568 Aur
1088 1529 1214 1577 elio,
1232 1531 1416 1571 Christia-

301 1613 374 1641 nos
400 1601 591 1640 militasse.
628 1600 716 1637 Nisi
749 1600 896 1647 quidam
919 1600 1122 1638 Christiani
1146 1601 1217 1638 hoc
1245 1611 1411 1651 tempore

300 1673 361 1719 (a.
392 1671 500 1719 174.)
528 1680 678 1708 munere
697 1668 845 1707 militari
867 1668 988 1707 functi
1014 1668 1200 1718 fuissent,
1228 1680 1305 1709 tum
1326 1685 1415 1721 pro·

300 1741 401 1779 fecto
447 1739 815 1778 Tertullianus
858 1747 894 1777 et
929 1740 1184 1780 Eusebius
1220 1753 1267 1787 ne
1301 1744 1412 1782 ullam

303 1811 453 1860 quidem
488 1810 599 1850 fidem
630 1809 848 1848 habuissent
869 1810 938 1857 iis,
966 1821 1061 1858 quae
1086 1811 1130 1849 de
1152 1814 1257 1862 copia
1274 1814 1416 1862 fulmi·
1436 1846 1438 1849 .

1348 1898 1416 1923 na·

342 1976 395 2014 (ι)
416 1975 465 2005 ef.
489 1971 519 2012 ξ.
541 1983 572 2011 9.
595 1975 632 2003 de
650 1975 757 2003 horum
778 1980 896 2009 patrum
915 1974 1084 2005 sententiis.

342 2033 395 2070 (α)
416 2032 444 2069 §.
465 2040 495 2067 9.
519 2032 600 2060 med.

342 2090 396 2126 (3)
417 2089 483 2117 Lib.
510 2089 577 2116 Vll.
599 2095 627 2115 c.
650 2094 680 2120 3.
701 2101 739 2107 —
760 2086 850 2114 Liber
876 2087 1002 2115 forsitan
1026 2088 1063 2115 ad
1082 2095 1160 2118 saec.
1181 2089 1236 2118 111.
1259 2089 1350 2118 finem
1366 2098 1415 2119 re·

303 2147 449 2175 ferendus
467 2151 524 2173 est.
549 2144 599 2171 Cf.
620 2142 835 2180 ⁴Gieseler,
856 2144 896 2172 K.
922 2144 1029 2172 Gesch.
1051 2144 1079 2173 Ι.
1102 2153 1134 2180 p.
1158 2147 1224 2175 286.
1245 2153 1316 2175 nota
1331 2156 1359 2176 c.

341 2200 392 2238 (4)
415 2202 465 2230 Cf.
488 2201 542 2228 Ille
561 2200 591 2228 in
610 2201 744 2236 Paedng.
768 2200 822 2229 lib.
844 2200 886 2228 ΙΙ.
909 2208 938 2229 e.
961 2210 990 2230 ε.

343 2259 395 2296 (5)
416 2257 487 2286 vid.
509 2265 538 2285 e.
561 2264 591 2291 g.
618 2258 751 2287 constit.
775 2258 886 2293 Apost.
905 2258 986 2288 vm.
1006 2266 1034 2288 c.
1057 2265 1104 2290 32.

348 2315 399 2352 (6)
419 2315 468 2345 Cf.
491 2315 573 2343 Acta
596 2314 735 2350 Apostol.
759 2314 799 2344 X.
824 2324 850 2345 ε.
870 2323 955 2351 seqq.
