1564 2750
23 2299 29 2327 1

414 207 922 250 LITERARIA
998 206 999 209 ¹
1178 207 1225 251 Q

122 320 382 374 prudentiam,
415 330 508 367 quae
530 319 566 356 in
591 317 729 367 privata
759 315 831 354 vita
865 314 1087 353 instituenda
1122 325 1226 361 spec-

120 401 244 440 tatur‚
271 390 594 437 conservandaque
632 387 872 434 auctoritate,
899 396 1006 433 quam
1036 384 1129 422 inter
1160 395 1228 432 po-

124 463 272 512 pulares
303 461 458 509 adeptus
494 459 622 497 fueris.

170 532 300 583 ‘Quum
340 531 495 570 Pericles
535 529 649 567 virilis
687 527 813 565 aetatis
857 535 971 563 annos
1020 524 1230 572 attingens,

122 601 232 640 rebus
265 600 426 649 publicis
465 611 504 637 se
540 598 743 638 immiscere
773 605 970 644 coeperat,
999 595 1130 643 Populi
1155 595 1233 632 ani-

122 668 205 709 mus
224 670 298 719 ipsi
312 680 388 708 non
405 670 611 707 benevolus
635 677 737 715 erat,
766 667 907 714 quippe
933 667 997 713 qui
1022 665 1233 713 suspicaba-

121 749 185 780 tur
208 753 249 779 ac
273 739 460 779 metuebat
480 752 526 777 ne
550 739 776 788 tyrannidem
798 739 911 775 homo
927 736 1125 774 affectaret.
1167 737 1234 774 Fau

124 810 193 848 ciei
208 810 327 849 forma
353 811 573 859 linguaeque
599 809 725 847 suavis
751 807 990 854 volubilitas,
1008 807 1233 844 omnibus-in

123 880 334 918 memoriam
359 880 554 919 revocabat
579 879 867 917 dominationem
899 877 1081 916 Pisistrati
1106 877 1232 924 illius,

123 961 145 987 a
191 951 299 999 cujus
347 950 538 998 tyrannide
585 950 647 987 vix
691 949 834 986 liberati
885 948 1057 994 fuerant,
1111 949 1236 996 cujus·

127 1029 201 1066 que
232 1018 333 1057 filius
367 1019 527 1067 Hippias
548 1046 562 1066 ,
603 1018 761 1056 Athenis
801 1018 1003 1065 expulsus,
1031 1019 1158 1055 Persas
1197 1016 1235 1054 in

126 1085 315 1125 Graeciam
354 1088 524 1126 duxerat.
578 1088 750 1126 Periclem
780 1087 918 1135 igitur,
959 1088 1045 1124 huic
1079 1086 1237 1125 familiae

126 1156 360 1206 cognationis
380 1154 654 1195 necessitudine
687 1157 954 1206 conjunctum,
982 1155 1154 1194 sollicitis
1178 1156 1233 1194 in—

126 1227 300 1275 vidisque
334 1227 453 1265 oculis
490 1228 760 1276 observabant3
789 1237 900 1276 atque
925 1227 962 1264 in
994 1214 1230 1266 Ostracisino

127 1296 276 1336 unicum
313 1307 441 1335 contra
484 1300 562 1346 eJ'us
602 1298 816 1336 molitiones
856 1298 1079 1345 praesidium
1117 1308 1232 1345 pone-

129 1367 233 1406 bant.
311 1368 417 1417 Quae
467 1368 589 1406 onmia
637 1369 754 1416 probe
796 1368 1004 1415 intelligens
1054 1367 1233 1415 Pericles,

128 1449 168 1476 se
197 1438 332 1486 Populi
371 1439 489 1476 oculis
527 1437 740 1485 subtraxit,
783 1439 841 1475 vel
868 1438 906 1475 in
942 1437 1090 1475 bellicas
1125 1448 1235 1485 expe·

127 1506 288 1546 ditiones
318 1507 511 1557 profectus
529 1536 542 1555 ‚
571 1510 630 1547 vel
660 1509 759 1546 domi
787 1508 910 1556 quiete
945 1520 985 1546 se
1022 1507 1245 1549 continens„

128 1576 212 1616 Nec
242 1578 381 1616 ‘tribus
427 1579 498 1617 illis
536 1579 573 1616 in
612 1578 775 1616 Civitate
806 1579 963 1615 multum
1007 1565 1235 1626 pollentibus

130 1647 246 1696 viris,
285 1648 472 1696 Aristidi,
504 1648 750 1686 Themistocli
780 1657 815 1685 et
841 1647 1018 1694 Cimoni,
1046 1648 1161 1695 palam
1198 1659 1237 1685 se

131 1718 342 1767 opposuit3
371 1719 436 1757 sed
465 1720 670 1756 clanculum
702 1719 800 1756 viam
834 1717 905 1756 sibi
943 1717 1124 1764 munivit,
1168 1729 1240 1765 qua

131 1788 355 1837 pedetentim
386 1788 651 1837 progrediens,
707 1789 877 1836 tandem,
907 1797 1021 1835 quum
1059 1788 1242 1826 Aristides

132 1866 329 1905 mortuus,
369 1857 644 1896 Themistocles
681 1860 819 1908 ejectus
855 1860 977 1904 esset,
1031 1867 1068 1895 et
1105 1858 1243 1896 Cimon

131 1928 362 1982 longinquis,
385 1928 490 1966 bellis
539 1937 638 1967 extra
683 1928 835 1976 patriam
886 1928 1135 1974 detineretur,
1196 1928 1240 1964 ad

130 2010 249 2047 remp.
275 1999 447 2038 accessit.
500 1998 758 2037 Dissimulavit
789 2008 909 2036 tamen
944 2006 981 2036 et
1007 2006 1084 2035 tum
1117 2009 1238 2036 veram

132 2076 317 2115 mentem,
368 2080 410 2106 ac
447 2080 562 2116 quum
598 2076 727 2107 natura
765 2069 810 2106 ad
844 2058 1240 2116 Aristocratiam'pro-

130 2138 282 2185 pensior
304 2147 426 2185 esset,
453 2150 656 2187 pauperum
687 2138 880 2186 plebisque
903 2145 1024 2186 partes
1045 2138 1236 2185 amplexus

129 2215 202 2245 est.
263 2207 450 2247 Permovit
486 2220 569 2246 eum
604 2208 760 2246 maxime
798 2207 1000 2256 cogitatio,
1039 2206 1235 2252 Cimonem

132 2276 177 2315 ab
207 2276 460 2326 Optimatibus
497 2279 732 2318 vehementer
769 2278 901 2326 diligi,
942 2277 990 2315 ita
1031 2285 1097 2323 ut,
1124 2277 1158 2315 si
1190 2278 1235 2315 ab

222 2338 232 2352 .
1179 2347 1200 2356 ..

1176 2359 1237 2386 ns·

1241 263 1340 294 sectio
1359 258 1438 300 11.‘§.
1451 254 1481 296 5ss
