1502 2767
406 174 1000 215 THEOLOGICA.
1182 187 1248 223 17¹

145 285 302 324 sacietas
339 284 565 323 firmioribus
591 285 833 324 constituitur
856 283 1129 330 fundamentis,
1158 284 1258 332 ejus-

144 367 217 405 que
237 355 339 393 'fines
365 355 492 403 magis
523 355 715 404 magisque
752 356 1029 401 extenduntur,
1080 354 1170 392 adeo
1214 363 1257 393 ut

141 424 331 463 indivulso
357 425 594 465 contineatur
626 436 723 463 nexu
764 435 800 463 et
835 425 874 462 in
905 437 1047 463 summa
1085 425 1262 473 amplitu-

139 495 252 544 dine,
274 495 477 534 arctissima
501 495 550 532 sit
585 503 622 532 et
653 506 761 542 quam
799 493 954 533 maxime
989 493 1134 531 stabilis
1157 493 1260 543 (03

139 565 240 605 unde
273 577 318 603 ex
351 576 428 613 quo
451 564 664 613 Religionis
691 564 926 603 Christianae
956 563 1167 602 doctrinam
1195 563 1265 600 ho-

139 635 258 679 mines
293 647 531 689 cognovere,
572 645 687 683 genus
723 635 952 681 humanum,
993 645 1086 681 quae
1116 633 1260 672 homini

139 705 284 745 inerant
305 735 319 754 ‚
354 717 423 744 nec
460 714 565 743 antea
596 716 751 753 prorsus
783 705 941 752 ignota,
964 703 1152 742 societatis
1187 714 1268 742 stu·

141 777 199 817 dia
225 777 396 826 suscepit
425 786 461 813 et
499 777 543 814 ad
578 787 688 813 veros
717 775 810 813 fines
836 773 997 822 direxit3
1045 775 1096 812 ita
1135 784 1176 812 ut
1207 775 1264 822 ip-

140 858 181 885 sa
225 847 314 885 haec
365 846 556 892 doctrina,
601 847 705 894 J'usto
741 854 912 892 tempore
946 843 1106 889 tradita,
1155 854 1263 890 quam

141 916 297 956 maxime
335 916 449 955 fuerit
496 924 711 964 opportuna
759 916 804 952 ad
850 915 1029 952 humanae
1076 913 1266 951 societatis

141 987 265 1026 studia
290 987 418 1025 alenda
447 995 483 1023 et
514 985 768 1034 promovenda
793 995 910 1030 eaque
936 984 981 1021 ad
1011 991 1155 1021 tantum
1183 995 1268 1021 eve-

141 1057 261 1094 henda
285 1055 503 1104 fastigium,
533 1065 711 1102 quantum
740 1054 821 1092 sine
858 1054 918 1091 illa
954 1065 1142 1100 nunquam
1183 1054 1268 1091 atti-

139 1125 282 1174 gissent
312 1125 400 1175 (α).
445 1124 677 1174 Conjtmctio
717 1125 946 1172 populorum
982 1124 1028 1161 ab
1073 1136 1117 1160 eo
1151 1125 1266 1163 maxi·

139 1207 199 1234 me
227 1193 395 1244 tempore
420 1195 565 1232 initium
589 1195 718 1241 ducit,
748 1206 825 1242 quo
852 1194 995 1231 barbari
1020 1194 1152 1242 populi
1192 1195 1266 1233 Re-

137 1265 314 1315 ligionem
345 1265 596 1304 Christianam
623 1272 856 1312 acceperunt.
910 1264 993 1302 Dici
1022 1264 1083 1301 vix
1110 1273 1267 1312 potest,

141 1346 315 1384 quantam
345 1336 416 1373 vim
445 1345 481 1372 et
504 1335 754 1373 efficacitatem
790 1333 1001 1382 Religionis
1030 1334 1268 1372 Christianae

140 1406 308 1445 doctrina
341 1406 511 1443 habuerit
543 1406 587 1442 ad
620 1406 691 1442 hos
721 1404 913 1452 populos,
942 1404 1072 1441 hostili
1106 1405 1182 1442 sibi
1209 1405 1266 1442 in-

140 1477 258 1515 vicem
291 1475 414 1513 animo
449 1475 678 1524 oppositos,
722 1475 1005 1522 conjungendos
1051 1483 1087 1512 et
1125 1475 1265 1512 lenien-

142 1549 229 1587 dos.
282 1547 519 1585 Hierarchiae
540 1546 731 1584 Romanae
752 1547 824 1583 hoc
847 1546 995 1582 nomine
1017 1545 1166 1583 meritae
1187 1548 1268 1584 ‚lau-

143 1619 208 1657 des
235 1618 335 1657 haud
377 1616 623 1666 denegandae.
680 1616 849 1661 Romae,
877 1616 968 1653 urbs
1007 1615 1068 1653 illa
1096 1616 1268 1653 sacerdo·

143 1689 250 1735 talis,
278 1697 353 1726 erat
369 1697 535 1726 centrum
551 1716 564 1732 ,
591 1687 688 1724 cirea
711 1687 815 1734 quod
837 1686 965 1723 cuncti
993 1685 1266 1733 movebantur⁹

145 1767 182 1796 et
215 1770 291 1806 quo
319 1758 584 1806 jungebantur.
639 1756 743 1794 Hine
771 1756 997 1794 missionarii
1024 1768 1269 1805 quoquover-

145 1839 228 1866 sum
269 1828 309 1865 in
346 1827 538 1876 Europam
567 1826 895 1875 septentrionalem
931 1835 966 1864 et
1003 1827 1267 1866 occidentale-m
1299 1854 1301 1856 -

145 1896 328 1947 profecti,
366 1908 474 1936 unam
509 1897 745 1944 doctrinam,
797 1908 913 1935 unum
951 1898 1264 1945 cultt11n5unurn

146 1968 340 2016 imperium
364 1968 671 2007 Ecclesiasticum
713 1968 938 2006 condebant.
989 1969 1265 2008 Haecce‘fides

147 2039 343 2078 Catholica
382 2039 514 2077 Gallos
566 2039 688 2089 junxit
733 2050 817 2076 cum
854 2038 1031 2087 Francis,
1071 2039 1264 2088 Hispanos

1180 2121 1262 2149 cum

191 2212 242 2251 (1)
262 2216 326 2244 Cfr.
347 2216 522 2251 Moller,
546 2216 660 2250 Bewijs
694 2225 765 2244 νοῦν
792 2216 847 2243 den
883 2217 1078 2251 Goddelijken
1107 2228 1265 2256 οπερ-ουρ

154 2272 203 2298 uit
228 2271 262 2299 de
282 2273 450 2307 Zedclecr,
472 2273 502 2300 in
518 2274 639 2302 comm.
664 2276 733 2302 Soc.
756 2274 832 2309 flag.
857 2275 891 2302 ad
909 2282 1017 2303 armum
1037 2279 1121 2305 1801.
1145 2272 1174 2312 ξ,
1199 2285 1245 2310 32.

194 2329 246 2366 (α)
269 2329 332 2358 cfr.
358 2330 580 2366 Tittmann,
604 2332 624 2358 l.
647 2332 669 2358 1.
690 2339 719 2365 ρ.
738 2334 785 2359 60.
