1564 2750
71 229 173 260 sectio
184 229 224 260 11.
242 223 271 268 §.
285 237 312 264 s.

327 184 375 221 92
559 172 1219 215 COMMENTATIO

378 281 548 329 Denique
579 291 780 331 postquam
807 295 992 323 summum
1016 284 1204 332 potentiae
1230 292 1342 333 atque
1367 297 1446 324 am—

326 350 522 400 plitudinis
567 351 755 401 fastigium
803 353 957 401 attigit,
1014 365 1053 391 re
1095 361 1322 402 contentus,
1373 365 1441 393 nec

327 421 490 459 nominis
532 421 765 469 splendorem
807 423 958 471 insuper
994 434 1198 471 quaerens,
1237 425 1440 463 Democra-

328 490 399 527 tiae
442 490 716 539 appellatione,
745 491 884 540 regium
919 493 1071 531 omnino
1108 492 1304 541 imperium
1341 504 1444 532 exer-

329 559 423 598 cuit.
492 561 623 608 ltaque
667 563 802 599 nullam
861 563 1182 601 extraordinariam
1228 563 1442 612 dignitatem

329 628 541 678 expetivit3
571 631 635 668 sed
663 631 734 679 ipsi
764 630 940 679 suffecit,
967 632 1000 670 si
1030 633 1125 670 inter
1149 633 1274 670 decem
1300 632 1448 672 ordina-

328 699 405 737 rios
432 701 623 739 Praetores
647 701 858 749 eligeretur.
911 702 991 748 Et,
1027 713 1248 749 quamquam
1272 712 1441 740 summus

328 769 493 808 omnium
534 781 684 817 rerum,
725 779 803 810 tum
840 771 878 809 in
911 771 1043 818 Urbe,
1081 780 1159 808 tum
1191 778 1293 809 extra
1327 771 1444 810 Athe-

330 849 422 886 naS,
448 837 584 878 arbiter
607 849 709 888 erat,
737 841 883 889 Populo
909 841 1023 890 huJ‘us
1057 841 1109 878 rei
1142 851 1288 879 omnem
1325 841 1445 879 hono-

329 919 432 956 rem,
455 911 520 947 sed
548 919 584 948 et
618 910 808 949 cautiones
840 910 1015 958 reliquit:
1043 911 1094 948 ita
1119 918 1192 958 ut,
1217 921 1332 959 quum
1357 910 1446 948 belli

329 979 634 1028 Peloponnesiaci
674 989 842 1028 tempore
885 980 1132 1019 Athenienses
1171 980 1214 1021 ,ei
1251 989 1447 1018 succense-

331 1049 437 1095 rent,
489 1050 592 1097 quod
630 1049 716 1087 belli
764 1048 900 1088 fnisset
936 1058 1091 1096 auctor,
1144 1059 1227 1088 sese
1270 1059 1446 1087 excusare

331 1125 461 1165 posset
499 1118 680 1157 dicendo:
734 1129 790 1157 est
834 1119 911 1165 ita3
969 1118 1080 1157 vobis
1115 1118 1229 1168 hujus
1257 1110 1353 1156 'belli
1385 1117 1444 1156 fui

331 1197 489 1234 suasor,
516 1188 582 1224 sed
603 1199 674 1226 vos
700 1197 818 1226 tamen
838 1188 1104 1235 nihilominus,
1133 1196 1270 1236 sponte
1293 1195 1441 1234 vestra,

332 1256 541 1294 bellandum
582 1268 665 1296 esse
699 1257 931 1295 decrevistis.
1007 1257 1068 1295 Sic
1104 1265 1140 1294 et
1179 1268 1324 1304 semper
1356 1267 1445 1305 pro-

332 1325 456 1363 fessus
489 1335 544 1363 est
560 1354 574 1372 ,
600 1336 643 1363 se
671 1327 793 1364 eadem
820 1327 875 1363 uti
898 1326 992 1363 velle
1017 1326 1168 1364 fortuna
1201 1337 1241 1364 ac
1272 1326 1440 1374 reliquos

332 1394 460 1443 cives;
490 1406 680 1443 quumque
716 1404 967 1444 exspectaret,
993 1395 1075 1434 fore
1107 1404 1148 1434 ut
1183 1396 1307 1445 agris,
1345 1408 1441 1445 quos

331 1463 512 1511 privatam
548 1465 826 1513 possessionen]
856 1465 1041 1513 habebat,
1067 1465 1112 1504 ab
1146 1465 1323 1505 hostibus
1357 1477 1443 1515 par-

330 1543 497 1583 ceretur,
538 1536 623 1573 illos
658 1537 802 1584 Populo
835 1535 964 1582 dedit,
1005 1546 1125 1582 eoque
1154 1546 1283 1574 omnes
1317 1535 1443 1584 suspi-

328 1605 455 1644 ciones
476 1634 488 1653 ,
516 1618 609 1653 quae
634 1606 800 1653 alioquin
827 1618 870 1643 ex
903 1606 983 1654 eJus
1014 1604 1174 1642 amicitia
1198 1616 1283 1643 cum
1309 1605 1443 1644 Archi·

328 1677 435 1713 damo
455 1675 612 1714 fortasse
634 1676 790 1713 fuissent
817 1683 988 1722 exortae,
1015 1685 1170 1722 prorsus
1197 1687 1218 1712 a
1239 1687 1279 1713 se
1291 1675 1439 1715 avertit.

379 1746 461 1784 Nec
496 1754 638 1784 tantum
677 1746 715 1783 in
758 1746 910 1794 publico
947 1745 1007 1782 illa
1045 1744 1246 1792 prudentia
1290 1756 1441 1793 appare-

329 1814 419 1862 bat,
471 1816 537 1853 sed
575 1816 704 1862 domi,
745 1827 860 1864 aeque
895 1826 936 1852 ac
970 1814 1089 1862 foris,
1141 1814 1301 1853 Pericles
1324 1826 1364 1852 se
1399 1826 1442 1853 ea

329 1885 416 1924 duci
452 1886 673 1934 patiebatur.
731 1885 904 1923 Summae
931 1885 971 1922 in
1003 1885 1168 1922 civitate
1204 1884 1438 1922 auctoritatis

328 1954 386 1992 vir
415 1956 654 2003 Anaxagorae
686 1957 893 2003 exemplum
924 1954 1032 2002 sequi
1062 1965 1139 1992 non
1170 1963 1344 2003 poterat,
1373 1954 1439 2002 qui

329 2024 583 2063 enthusiasmo
619 2025 776 2072 quodam
809 2034 921 2072 atque
948 2024 1061 2062 animi
1088 2024 1310 2063 celsitudine
1348 2024 1440 2062 duc·

330 2104 391 2133 tus
412 2095 560 2133 domum
579 2095 805 2142 deseruerat,
819 2106 928 2143 agros
944 2094 1155 2142 relinquens
1174 2094 1336 2132 incultos
1349 2091 1437 2148 (ι).

1340 2163 1438 2202 Nam

370 2245 421 2283 (1)
443 2248 517 2276 plut.
541 2248 570 2275 in
592 2250 657 2277 Per.
683 2256 746 2284 rap2
774 2252 818 2279 16.
844 2256 872 2284 p.
889 2251 952 2279 162.
977 2245 1442 2278 B.-DeV1tand0AereAlie-.

1401 2309 1438 2330 no
