1523 2745
241 184 313 231 184
389 180 1207 227 COMM.L1TERAR1A.

240 291 491 339 Plutarchus,
530 292 754 340 certamina,
809 304 903 340 quae
931 293 1204 334 Panathenaicis
1237 294 1345 334 festis

242 360 288 400 de
311 362 450 400 musica
472 361 566 400 inire
594 363 763 401 solebant
786 364 1034 403 Athenienses
1049 393 1062 412 ,
1086 373 1175 403 tunc
1201 373 1345 414 tempo-

244 429 294 467 ris
324 433 345 468 a
375 430 515 469 Pericle
548 431 706 480 primum
738 431 854 471 fuisse
885 434 1080 481 instituta,
1106 435 1349 484 eumdemque

245 498 421 538 rationem
462 501 728 549 constituisse,
786 495 857 550 qua
906 514 1089 542 certantes
1135 504 1248 552 tibia,
1293 507 1352 544 vel

245 578 341 606 voce
382 579 445 607 aut
484 569 622 609 cithara
674 574 951 611 contenderent.
1034 575 1200 624 Conjicit
1235 586 1351 624 porro

247 638 361 677 Doct.
414 638 649 689 Muellerus,
691 643 787 692 J'acta
831 643 904 692 jam
950 651 1029 681 tum
1065 643 1185 682 fuisse
1234 645 1354 682 Heca-

248 709 411 757 tompedi
446 710 709 758 fundamenta,
746 713 849 760 quod
887 713 1093 751 aedificium
1138 714 1348 753 absolutum

248 788 306 816 est
355 779 510 829 Olymp.
554 780 750 821 LXXXV.
804 795 839 831 3.
893 784 1087 821 Archonte
1132 782 1354 823 Theodoro.

249 847 372 897 Cujus
409 851 562 897 rudera,
586 852 717 899 partim
745 852 863 890 adhuc
897 853 935 890 in
963 854 1073 900 solo,
1101 865 1177 900 quo
1210 853 1357 891 Parthe-

248 929 326 956 non
363 919 574 958 aedificatus
618 930 699 969 est,
742 922 877 970 obvia,
932 923 1064 970 partim
1108 924 1145 960 in
1183 922 1354 970 Angliam

248 989 465 1037 deportata,
493 991 686 1038 antiquum
711 992 810 1029 aedis
838 993 1070 1040 splendorem
1096 992 1270 1030 omnibus
1294 1002 1357 1028 os-

248 1061 417 1097 tendunt.
468 1061 573 1098 Illius
613 1072 734 1099 autem
772 1062 944 1108 delubri3
982 1062 1015 1099 si
1052 1073 1161 1110 quam
1186 1061 1353 1109 descrip-

248 1129 388 1168 tionem
438 1129 498 1167 hic
555 1131 683 1169 addere
729 1133 888 1178 vellem,
940 1131 1089 1169 nimiam
1136 1131 1174 1168 in
1221 1117 1353 1168 molem

249 1199 381 1236 haecce
410 1200 600 1237 annotatio
633 1186 836 1249 cresceret3
875 1210 911 1238 et
938 1201 1030 1238 illud
1055 1212 1195 1248 agerem
1213 1228 1226 1247 ,
1255 1199 1358 1247 quod

250 1269 341 1306 mihi
382 1269 509 1316 potius
555 1270 599 1306 ad
647 1269 847 1307 Historiam
900 1270 1032 1307 artium
1074 1270 1257 1318 pertinere
1307 1269 1360 1306 vi-

250 1339 356 1376 detur
394 1340 478 1389 (1).
532 1339 773 1377 Aedificatum
812 1348 868 1377 est
900 1340 1015 1377 hocce
1045 1339 1238 1391 Minervae
1264 1346 1360 1377 tem.-

250 1409 354 1456 plum
376 1408 598 1447 Architectis
622 1409 742 1447 Ictino
768 1409 836 1458 (2)
863 1417 899 1446 et
919 1408 1129 1447 Callicrate.
1169 1409 1356 1447 Praeterea

250 1478 319 1516 alia
364 1479 539 1527 quaedam
584 1478 748 1516 aedificia
793 1488 1042 1516 memorantur
1077 1478 1225 1516 Periclis
1269 1486 1355 1517 auc-

251 1548 398 1585 toritate
421 1556 632 1596 exstructa,
658 1560 697 1587 v.
727 1559 762 1586 c.
790 1550 880 1590 στάσι
903 1550 1152 1598 ἀλφιτοπῶλις
1176 1549 1212 1586 in
1232 1547 1292 1587 via
1313 1549 1359 1587 ad

251 1617 439 1655 Piraeeum
468 1618 624 1655 ducente
651 1617 747 1667 (3),
787 1629 829 1655 ac
853 1618 1018 1667 Lyceum
1046 1617 1130 1667 (4).
1184 1619 1360 1658 Ceterum

252 1688 403 1725 omnino
442 1699 527 1725 cum
562 1689 748 1727 Muellero
791 1688 997 1727 faciendum
1046 1689 1137 1726 mihi
1181 1689 1356 1735 videtur,

252 1759 521 1795 contendente:
551 1758 712 1797 Phidiam
729 1786 741 1806 ‚
761 1767 959 1807 postquam
983 1758 1175 1797 Minervae
1209 1759 1356 1806 signum

253 1838 296 1865 ex
326 1837 415 1864 auro
449 1836 561 1874 atque
597 1828 707 1865 ebore
738 1826 980 1875 confectum,
1004 1828 1196 1866 Archonte
1230 1827 1359 1866 Theo-

1292 1897 1354 1935 do·

292 1962 342 2001 (1)
361 1965 408 1992 De
433 1966 555 1994 nomine
592 1961 825 2004 ἑκατόμπεδον
868 1967 952 1997 conf.
991 1968 1070 1996 Piut.
1107 1965 1139 1995 in
1173 1968 1241 1996 Cat.
1281 1965 1356 2000 Maj-

253 2027 320 2054 0212·
340 2028 368 2052 5.
389 2030 422 2056 p.
442 2031 508 2058 339·
534 2024 573 2051 Λ.
595 2035 636 2042 --
655 2023 701 2052 De
720 2027 826 2053 solert.
847 2024 977 2054 Animm.
995 2031 1120 2061 cap-13.
1137 2031 1250 2062 ρ.970.
1271 2025 1358 2054 Λ.-

252 2079 296 2105 De
316 2079 400 2107 Glor.
417 2080 531 2108 Athen.
552 2088 618 2114 cap.
637 2089 666 2117 7.
685 2090 718 2116 p.
733 2089 804 2118 349.
823 2083 861 2111 D.

291 2134 341 2171 (α)
360 2135 450 2164 Cons.
467 2136 558 2164 etiam
576 2138 673 2166 Sti-ab.
697 2138 748 2166 IX.
775 2146 807 2173 p.
834 2140 901 2175 396·

290 2191 342 2226 (3)
362 2193 466 2221 Schol.
491 2194 525 2221 ad
543 2193 698 2228 Aristoph.
718 2195 871 2225 Achai-nn.
889 2203 936 2224 vs.
953 2205 1023 2233 547.

290 2247 343 2277 (n
363 2248 485 2277 suid.in
495 2257 572 2278 voce
595 2249 773 2289 Περικλῆς.
799 2268 843 2275 -
865 2252 995 2286 Hesych.
1015 2251 1046 2279 in
1067 2250 1145 2279 voce
1158 2246 1320 2284 >Anne-7011.
