1507 2876
280 212 338 253 32
425 206 585 252 Tn.G.
618 218 722 250 VAN
754 200 935 248 LIDTH
961 216 1027 246 nn
1056 202 1249 248 JEUDE

281 336 471 381 Tandem
501 334 738 394 proximum
766 330 966 376 victoriae
998 330 1207 376 honorem
1235 330 1394 379 offerre

281 412 464 456 decrevit
499 411 620 455 Ordo
652 407 937 452 laudatissimo
968 408 1167 468 scriptori
1197 413 1365 454 tertiae
1378 437 1400 466 ,-

279 504 406 546 quam
435 486 737 539 recensuimus,
768 485 986 542 dictoque:
1016 486 1223 544 Μακάριοι
1253 505 1338 534 κη’.
1349 495 1392 534 λ.

275 571 466 608 ornatam
504 577 593 607 esse
631 562 981 620 significavimus,
1012 564 1389 611 commentationis.

271 640 394 685 Hunc
424 654 512 685 esse
543 639 765 698 apparuit,
797 638 1073 686 confirmante
1109 640 1290 699 legitime
1317 641 1391 688 in-
1447 648 1454 651 “

272 717 414 761 stituta
449 717 727 775 probatione,

440 869 804 916 Guilielmum
847 884 949 916 van
979 871 1200 926 Oorde,

344 973 378 1002 in
400 972 529 1003 Illustri
550 972 718 1003 Athenaeo
742 972 1033 1004 Amstelodamensi
1053 974 1172 1007 Theoi.
1186 973 1304 1013 Stud.,

481 1039 780 1071 Remonstrantium
793 1041 967 1072 Seminarii
980 1043 1154 1073 alumnum.

319 1177 406 1222 Vos
445 1177 572 1235 igitur
610 1177 732 1222 simul
771 1178 960 1224 accedite
975 1212 988 1233 ,
1033 1178 1384 1239 praestantissimi

238 1253 494 1298 ‘Doedes
537 1261 578 1298 et
605 1254 828 1300 Junius!
889 1255 1038 1300 Neutri
1071 1264 1254 1302 vestrum
1286 1257 1384 1317 pri-

258 1332 318 1375 mi
344 1339 440 1376 sunt
461 1331 670 1384 honores,
703 1347 810 1389 quos
841 1347 891 1378 ex
926 1333 1011 1377 hoc
1041 1333 1267 1378 certamine
1292 1334 1381 1392 jam

258 1409 498 1469 reportatis.
602 1409 745 1454 Ambo
791 1409 951 1470 quippe
990 1410 1157 1470 saepius
1200 1411 1286 1469 jam
1333 1411 1380 1456 in

259 1500 428 1531 arenam
462 1486 674 1545 degressi,
705 1486 887 1532 victores
918 1503 968 1532 ex
1001 1487 1073 1532 illa
1109 1488 1374 1535 discessistis.

260 1562 362 1607 Tuis
399 1578 522 1622 ergo,
553 1564 819 1609 ornatissime
858 1565 1101 1610 Doedes!
1150 1574 1274 1610 antea
1301 1580 1377 1612 re-

255 1640 432 1698 portatis
465 1640 701 1686 honoribus
729 1642 813 1686 hoc
845 1657 992 1686 aurum
1026 1658 1181 1688 novum
1219 1644 1375 1703 adjun-

254 1725 324 1775 gat
361 1719 641 1777 splendorem.
701 1719 802 1765 Tibi
830 1734 956 1773 vcro,
989 1721 1253 1766 ornatissime
1281 1721 1311 1766 J
1319 1737 1374 1766 u·-

256 1795 406 1839 nius!
470 1797 536 1840 cui
581 1797 731 1842 iterum
779 1812 873 1843 sors
917 1797 1052 1842 minus
1096 1799 1219 1852 favit,
1263 1799 1374 1846 hanc

257 1872 478 1927 Chartam,
533 1875 623 1918 auri
668 1875 803 1919 instar
838 1875 930 1934 jure
972 1875 1230 1931 habendam,
1276 1893 1373 1925 aere

255 1950 479 2008 perennius
506 1959 822 1996 monumentum
853 1952 991 1997 trado.

311 2027 378 2070 Tu
402 2042 593 2086 quoque,
625 2029 887 2074 ornatissime
916 2043 1015 2075 van
1045 2029 1254 2075 Oorde!
1285 2030 1370 2076 huc

253 2104 466 2149 escendas.
527 2106 758 2160 Audivisti,
790 2107 905 2164 quod
929 2107 1248 2166 >Theologorum
1277 2108 1369 2154 Or-

255 2182 311 2226 do
359 2182 411 2226 de
459 2190 529 2227 tua
579 2185 928 2229 commentatione
975 2184 1096 2238 tulit,
1140 2185 1366 2242 judicium,

252 2267 374 2317 teque
407 2260 452 2303 in
486 2274 536 2305 eo
571 2260 721 2316 fuisse,
751 2268 797 2306 ut
831 2269 1072 2321 reportares
1113 2262 1360 2321 praemium,
