1564 2750
340 149 385 194 58
561 144 1218 186 COMMENTATIO

336 255 443 292 blicis
478 255 557 302 ejus
600 253 768 291 consiliis
812 265 950 292 morem
991 265 1178 304 gererent,
1239 257 1438 305 nullosque

335 323 491 372 amplius
523 324 662 371 legatos
700 323 1008 362 Lacedaemonem
1054 325 1270 374 mittentes,
1314 328 1440 366 alacri—

336 403 390 430 ter
429 393 565 431 bellum
608 401 804 441 pararent3
845 394 910 431 sed
942 394 1078 443 Populi
1112 394 1150 432 in
1188 406 1230 433 se
1275 396 1440 446 indigna-

336 464 473 501 tionem
507 463 667 511 effugere.
701 475 777 501 non
808 465 960 511 potuit,
988 463 1037 502 ita
1070 472 1113 502 ut
1137 464 1330 514 imperium
1358 466 1440 506 aliis

335 533 570 571 Praetoribus
603 533 836 579 deferretur,
864 534 1019 582 ipseque
1051 535 1187 573 mulcta
1218 536 1441 584 plecteretur

336 602 573 650 quindecim,
601 613 642 642 ut
675 604 870 651 nonnulli,
897 603 1190 652 quinquaginta,
1218 613 1260 642 ut
1290 605 1352 643 alii
1373 617 1444 644 vo-

335 674 446 719 lunt,
475 673 723 719 talentorum;
749 673 942 712 Diodorus
971 673 1144 712 Periclem
1172 675 1362 724 octoginta
1385 683 1440 714 ta·

335 743 520 780 lentorum
554 744 726 780 mulctam
755 743 919 782 subiisse
948 752 1103 782 testatur
1132 745 1217 793 (1).

387 812 509 850 Nemo
540 813 611 851 fuit
640 824 801 860 unquam
818 841 831 860 ,
858 813 924 861 qui
951 813 1013 852 tali
1035 812 1243 852 infortunio
1270 822 1343 852 tam
1382 825 1444 852 ve·

337 882 499 920 hementi
534 883 739 921 afficeretur
776 884 933 931 dolore,
972 895 1081 932 quam
1117 883 1303 932 Pericles;
1348 884 1441 933 qui,

337 964 450 1000 quum
475 963 621 991 omnem
644 953 754 991 vitam
775 953 911 991 civium
932 954 1043 991 saluti
1060 953 1442 1002 impendisset,nunc

337 1022 638 1070 septuagenarius
660 1023 761 1060 omni
787 1022 955 1061 laborum
975 1023 1100 1061 fructu
1127 1023 1359 1071 privaretur,
1390 1031 1444 1060 at-

337 1103 411 1138 que
437 1090 601 1138 amicos,
624 1103 722 1140 quos
738 1092 923 1139 adjutores
943 1092 1118 1131 habuerat
1133 1121 1146 1139 ,
1172 1093 1231 1131 vel
1245 1103 1362 1139 nece,
1386 1093 1446 1131 vel

337 1161 470 1199 morbo
508 1161 581 1199 sibi
612 1169 786 1209 ereptos,
810 1163 869 1199 vel
895 1161 933 1199 in
964 1162 1133 1201 exsilium
1156 1171 1259 1201 actos
1285 1162 1444 1201 videret.

337 1231 420 1268 Nec
453 1231 491 1268 in
527 1231 726 1268 domestica
760 1229 935 1269 felicitate
967 1231 1139 1268 solatium
1177 1243 1350 1278 quaerere
1378 1242 1447 1280 po-

339 1309 458 1347 terat,
505 1300 631 1347 ibique
679 1300 860 1347 ingratum
907 1300 1043 1337 ciuium
1087 1300 1249 1339 animum
1291 1301 1448 1340 oblivis-

339 1369 387 1406 ci.
450 1369 676 1417 Aspasiam,
715 1380 823 1416 quam
865 1370 1060 1419 conjugem
1105 1372 1287 1419 duxerat,
1338 1382 1446 1420 aegre

340 1439 563 1477 damnationi
588 1448 744 1486 ereptam
761 1467 774 1486 ,
802 1438 971 1486 quotidie
989 1439 1228 1478 Comicorum
1249 1440 1446 1488 plebisque

340 1509 501 1547 dicteriis
528 1509 677 1557 petitam
694 1537 707 1555 ,
744 1517 855 1556 atque
886 1510 1092 1558 expositam
1123 1511 1290 1548 videbat:
1318 1520 1354 1548 et
1378 1510 1446 1549 filii

339 1579 601 1627 XanthippuS,
628 1579 875 1626 Paralusque,
905 1590 1001 1627 quos
1031 1590 1173 1617 summa
1200 1591 1290 1618 cura
1314 1580 1448 1618 educa-

339 1657 466 1695 verat,
519 1656 655 1695 patrem
700 1649 799 1696 apud
841 1648 931 1686 alios
967 1648 1126 1687 invisum
1170 1660 1210 1686 ac
1248 1649 1444 1687 ridiculum

1367 1721 1448 1759 red-

380 1817 431 1856 (ι)
453 1820 532 1847 Plut.
552 1821 584 1849 in
605 1822 672 1848 Per.
692 1827 758 1853 cap.
780 1827 825 1853 35·
848 1818 901 1848 fin.
924 1827 956 1854 p.
981 1825 1045 1853 171.
1065 1820 1100 1847 F..
1119 1833 1156 1841 —
1174 1820 1205 1847 in
1228 1819 1354 1849 Aristid.
1377 1828 1443 1856 cap.

341 1879 392 1906 26.
411 1876 464 1904 fin.
483 1885 514 1910 p.
531 1882 599 1910 335.
623 1877 656 1905 Β.
676 1890 713 1897 -
731 1876 763 1904 in
783 1875 852 1906 Nic.
874 1883 943 1911 cap.
965 1878 995 1905 6.
1017 1884 1049 1910 p.
1073 1877 1140 1909 526.
1163 1876 1201 1904 D.
1223 1890 1261 1897 —
1292 1877 1444 1907 Orationis

340 1941 355 1960 a
375 1933 493 1961 Pericle
509 1941 580 1961 tunc
599 1932 716 1961 habitae
743 1933 880 1962 meminit
896 1933 989 1968 Reip.
1017 1934 1090 1962 Ger.
1107 1934 1210 1962 Praec.
1237 1941 1302 1969 cap.
1322 1937 1348 1963 6.
1375 1942 1443 1968 pag.

342 1991 599 2023 803.B.-Thuc.
618 1991 656 2020 11.
670 1998 736 2025 cap.
750 1992 873 2027 59—65.
891 1988 1108 2020 init.—Diod.
1123 1988 1249 2018 sic.1.1.
1261 2003 1295 2010 -
1314 1989 1441 2018 Aristid.

342 2047 383 2075 11.
408 2055 471 2082 pag.
503 2050 567 2081 138.
593 2055 638 2081 sq.
661 2057 727 2085 244.
750 2048 829 2082 apud
854 2047 993 2076 Photium
1027 2044 1171 2074 Biblioth.
1197 2053 1263 2081 pag.
1299 2055 1384 2081 1300.
1405 2059 1443 2068 --

341 2103 488 2131 Muietam
504 2102 597 2137 tangit
613 2102 757 2131 Libanius
773 2104 911 2132 Declam.
930 2104 1009 2132 XVI.
1028 2110 1060 2137 p.
1073 2111 1143 2139 452.
1165 2103 1201 2132 B.
1217 2110 1248 2131 et
1263 2104 1357 2133 XVII.
1375 2112 1442 2140 pag.

343 2168 412 2196 473.
435 2162 473 2188 Α.
496 2175 533 2182 -
553 2160 705 2191 Simsonus
721 2160 750 2188 in
767 2160 918 2190 Chronico
936 2161 972 2188 ad
989 2167 1096 2188 annum
1121 2167 1206 2194 3575.
1230 2160 1306 2189 falso
1330 2159 1442 2194 adjecit

345 2217 490 2246 Periclem
510 2225 525 2244 e
548 2216 673 2245 civitate
690 2217 783 2246 fuisse
801 2216 941 2251 ejectum.
959 2216 1054 2246 Conf.
1075 2216 1253 2252 wesseling.
1274 2217 1310 2245 ad
1325 2217 1354 2245 h.
1369 2218 1391 2245 l.
