1507 2876
271 237 387 267 XXII

331 338 522 381 Literas
552 335 799 375 Francicas
856 327 992 371 tradet
1036 326 1088 368 G.
1117 323 1164 368 C.
1193 322 1379 368 VERE-

274 405 416 459 NET,
447 404 590 447 diebus
622 403 741 446 lunae
770 406 808 442 et
836 396 965 449 iovis,
996 395 1103 437 hora
1125 394 1176 437 V.

329 535 522 577 Literas
546 532 773 586 Anglicas
802 526 940 570 tradet
972 523 1377 577 CTHOMPSON,

274 603 419 648 diebus
444 604 564 646 lunae
598 607 637 644 et
667 598 793 650 iovis,
820 597 930 648 hora
958 596 1030 641 IV.

327 735 378 779 L.
392 750 454 778 DE
469 731 698 777 FRANCE
713 763 724 783 ‚
746 732 1054 774 Academicus
1061 730 1376 788 gladiatoriae

271 808 391 850 artis
404 807 663 861 Magister,
695 802 880 859 quotidie
909 808 1054 861 aptum
1083 808 1123 846 et
1152 801 1377 859 elegantem

270 877 395 935 gladii
420 891 539 920 usum
567 873 748 919 docebit.

383 1128 668 1171 Bibliotheca
689 1127 997 1177 Academica,
1025 1124 1184 1165 diebus
1218 1125 1376 1173 lunae,

272 1201 458 1251 martis,
491 1200 601 1240 iovis
635 1205 680 1239 et
706 1199 908 1248 veneris,
941 1197 996 1238 ab
1026 1197 1142 1236 lzora
1167 1196 1209 1240 I.
1226 1195 1272 1234 in
1286 1194 1380 1245 II,-

271 1271 426 1314 diebus
441 1271 661 1312 mercurii
685 1276 728 1310 et
749 1269 934 1310 saturni
959 1268 1014 1308 ab
1035 1268 1150 1307 lzora
1161 1267 1204 1308 I.
1219 1265 1380 1315 inIV5

272 1349 316 1384 et
332 1343 571 1397 feriarum
597 1347 798 1395 tempore
829 1339 1026 1393 singulis
1052 1337 1211 1378 diebus
1239 1336 1378 1385 iovis,

271 1413 327 1454 ab
354 1413 467 1453 hora
492 1413 535 1452 I.
556 1412 602 1452 in
618 1412 692 1454 II.
722 1410 963 1465 unicuique
977 1396 1172 1462 patebit.
1259 1405 1378 1447 Mu-

270 1498 396 1524 seam
424 1498 594 1538 quoque
620 1483 924 1535 zob'logicam,
957 1487 1051 1519 tam
1082 1478 1219 1518 huius
1247 1476 1380 1517 Aca-

271 1556 468 1605 demiae,
496 1569 631 1609 quam
660 1553 906 1607 privatum
945 1552 991 1591 in
1024 1536 1228 1591 aedibas'
1249 1548 1378 1589 Pro-

260 1626 457 1682 fessor-is
471 1625 715 1666 Historiae
727 1624 973 1665 Naturalis
983 1652 995 1674 ‚
1011 1623 1171 1677 cuique
1190 1618 1378 1675 roganti

262 1696 456 1752 patebit.

751 1835 787 1890 ς.
822 1831 892 1875 lv.

329 1958 524 2003 Summos
563 1961 746 2004 honores
784 1960 828 2003 in
860 1959 1028 2018 singulis
1066 1958 1103 2002 F
1106 1958 1376 2014 acultatibus,

269 2035 353 2078 hoe
381 2050 491 2079 anno
516 2037 765 2080 Academico
782 2070 792 2090 ‚
821 2036 918 2080 inde
955 2052 979 2080 a
1009 2036 1075 2079 die
1102 2051 1233 2081 xxw
1258 2039 1380 2083 Mar-

269 2109 314 2153 tii
344 2110 395 2153 A.
430 2100 847 2165 cmmcccxxxffi,
881 2113 934 2156 ad
970 2113 1079 2157 diem
1110 2128 1220 2158 xxv
1255 2115 1379 2160 Mar-

269 2183 316 2227 tii
346 2185 398 2229 A.
432 2199 842 2244 cmmocmxxw,
875 2190 958 2236 hoc
984 2191 1131 2238 ordine
1165 2184 1378 2238 conseouti

270 2267 386 2304 sunt:

1248 2341 1375 2386 Anno
