<?xml version="1.0" encoding="UTF-8"?>
<!DOCTYPE html PUBLIC "-//W3C//DTD XHTML 1.0 Transitional//EN"
    "http://www.w3.org/TR/xhtml1/DTD/xhtml1-transitional.dtd">
<html xmlns="http://www.w3.org/1999/xhtml" xml:lang="en" lang="en">
 <head>
  <title>
</title>
<meta http-equiv="Content-Type" content="text/html;charset=utf-8" />
  <meta name='ocr-system' content='tesseract 3.04.00' />
  <meta name='ocr-capabilities' content='ocr_page ocr_carea ocr_par ocr_line ocrx_word'/>
</head>
<body>
  <div class='ocr_page' id='page_1' title='image "annalesacademiae33rhen_0908.png"; bbox 0 0 1523 2745; ppageno 0'>
   <div class='ocr_carea' id='block_1_1' title="bbox 327 170 1293 215">
    <p class='ocr_par' dir='ltr' id='par_1_1' title="bbox 327 170 1293 215">
     <span class='ocr_line' id='line_1_1' title="bbox 327 170 1293 215; baseline 0.007 -7"><span class='ocrx_word' id='word_1_1' title='bbox 327 174 396 210; x_wconf 84' lang='lat'><strong>208</strong></span> <span class='ocrx_word' id='word_1_2' title='bbox 481 170 735 210; x_wconf 91' lang='lat' dir='ltr'>COMM.</span> <span class='ocrx_word' id='word_1_3' title='bbox 788 170 1293 215; x_wconf 80' lang='lat' dir='ltr'>LITERARIA.</span> 
     </span>
    </p>
   </div>
   <div class='ocr_carea' id='block_1_2' title="bbox 324 280 1426 676">
    <p class='ocr_par' dir='ltr' id='par_1_2' title="bbox 328 280 1419 398">
     <span class='ocr_line' id='line_1_2' title="bbox 329 280 1419 332; baseline 0.005 -13"><span class='ocrx_word' id='word_1_4' title='bbox 329 280 531 319; x_wconf 85' lang='lat' dir='ltr'>Samiorum</span> <span class='ocrx_word' id='word_1_5' title='bbox 559 290 671 318; x_wconf 87' lang='lat' dir='ltr'><strong>naves</strong></span> <span class='ocrx_word' id='word_1_6' title='bbox 702 289 890 328; x_wconf 88' lang='lat' dir='ltr'><strong>superatas</strong></span> <span class='ocrx_word' id='word_1_7' title='bbox 913 280 1059 330; x_wconf 86' lang='lat' dir='ltr'><strong>fuisse,</strong></span> <span class='ocrx_word' id='word_1_8' title='bbox 1084 282 1125 320; x_wconf 74' lang='lat' dir='ltr'><strong>siv</strong></span> <span class='ocrx_word' id='word_1_9' title='bbox 1141 282 1222 332; x_wconf 91' lang='lat' dir='ltr'><strong>ipse</strong></span> <span class='ocrx_word' id='word_1_10' title='bbox 1254 283 1329 322; x_wconf 82' lang='lat' dir='ltr'><strong>iliis</strong></span> <span class='ocrx_word' id='word_1_11' title='bbox 1350 294 1419 324; x_wconf 89' lang='lat' dir='ltr'><strong>nu·</strong></span> 
     </span>
     <span class='ocr_line' id='line_1_3' title="bbox 328 351 892 398; baseline 0.004 -12"><span class='ocrx_word' id='word_1_12' title='bbox 328 362 392 398; x_wconf 88' lang='lat' dir='ltr'><strong>per</strong></span> <span class='ocrx_word' id='word_1_13' title='bbox 425 351 565 398; x_wconf 88' lang='lat' dir='ltr'><strong>primus</strong></span> <span class='ocrx_word' id='word_1_14' title='bbox 591 351 646 387; x_wconf 89' lang='lat' dir='ltr'><strong>uti</strong></span> <span class='ocrx_word' id='word_1_15' title='bbox 678 351 892 398; x_wconf 83' lang='lat' dir='ltr'><strong>incepisset.</strong></span> 
     </span>
    </p>

    <p class='ocr_par' dir='ltr' id='par_1_3' title="bbox 324 419 1426 676">
     <span class='ocr_line' id='line_1_4' title="bbox 380 419 1421 469; baseline 0.002 -12"><span class='ocrx_word' id='word_1_16' title='bbox 380 420 552 458; x_wconf 86' lang='lat' dir='ltr'><strong>Ceterum</strong></span> <span class='ocrx_word' id='word_1_17' title='bbox 599 419 669 456; x_wconf 88' lang='lat' dir='ltr'><strong>hoc</strong></span> <span class='ocrx_word' id='word_1_18' title='bbox 721 431 765 457; x_wconf 83' lang='lat' dir='ltr'><strong>ex</strong></span> <span class='ocrx_word' id='word_1_19' title='bbox 821 420 920 456; x_wconf 84' lang='lat' dir='ltr'><strong>bello</strong></span> <span class='ocrx_word' id='word_1_20' title='bbox 968 420 1163 458; x_wconf 87' lang='lat' dir='ltr'><strong>manifesto</strong></span> <span class='ocrx_word' id='word_1_21' title='bbox 1212 420 1381 469; x_wconf 88' lang='lat' dir='ltr'><strong>apparuit</strong></span> <span class='ocrx_word' id='word_1_22' title='bbox 1405 448 1421 469; x_wconf 87' lang='lat'>‚</span> 
     </span>
     <span class='ocr_line' id='line_1_5' title="bbox 330 489 1426 540; baseline 0.003 -14"><span class='ocrx_word' id='word_1_23' title='bbox 330 500 438 536; x_wconf 87' lang='lat' dir='ltr'><strong>quam</strong></span> <span class='ocrx_word' id='word_1_24' title='bbox 482 500 608 537; x_wconf 87' lang='lat' dir='ltr'><strong>parum</strong></span> <span class='ocrx_word' id='word_1_25' title='bbox 650 489 768 527; x_wconf 82' lang='lat' dir='ltr'><strong>adhuc</strong></span> <span class='ocrx_word' id='word_1_26' title='bbox 815 489 949 527; x_wconf 86' lang='lat' dir='ltr'><strong>Graeci</strong></span> <span class='ocrx_word' id='word_1_27' title='bbox 984 490 1021 527; x_wconf 93' lang='lat' dir='ltr'><strong>in</strong></span> <span class='ocrx_word' id='word_1_28' title='bbox 1068 490 1293 528; x_wconf 87' lang='lat' dir='ltr'>humanitate</span> <span class='ocrx_word' id='word_1_29' title='bbox 1336 501 1426 540; x_wconf 89' lang='lat' dir='ltr'><strong>pro·</strong></span> 
     </span>
     <span class='ocr_line' id='line_1_6' title="bbox 324 558 1426 608; baseline 0.005 -13"><span class='ocrx_word' id='word_1_30' title='bbox 324 558 514 597; x_wconf 89' lang='lat' dir='ltr'><strong>fecissent.</strong></span> <span class='ocrx_word' id='word_1_31' title='bbox 568 558 737 606; x_wconf 84' lang='lat' dir='ltr'><strong>Captivis</strong></span> <span class='ocrx_word' id='word_1_32' title='bbox 773 559 948 607; x_wconf 87' lang='lat' dir='ltr'><strong>utrinque</strong></span> <span class='ocrx_word' id='word_1_33' title='bbox 983 560 1150 607; x_wconf 85' lang='lat' dir='ltr'><strong>stigmata</strong></span> <span class='ocrx_word' id='word_1_34' title='bbox 1176 560 1324 608; x_wconf 86' lang='lat' dir='ltr'><strong>inusta,</strong></span> <span class='ocrx_word' id='word_1_35' title='bbox 1359 560 1426 600; x_wconf 88' lang='lat' dir='ltr'><strong>Sa·</strong></span> 
     </span>
     <span class='ocr_line' id='line_1_7' title="bbox 327 628 1426 676; baseline 0.003 -11"><span class='ocrx_word' id='word_1_36' title='bbox 327 628 412 666; x_wconf 88' lang='lat' dir='ltr'><strong>miis</strong></span> <span class='ocrx_word' id='word_1_37' title='bbox 454 628 699 668; x_wconf 86' lang='lat' dir='ltr'><strong>Athenienses</strong></span> <span class='ocrx_word' id='word_1_38' title='bbox 744 629 843 666; x_wconf 87' lang='lat' dir='ltr'><strong>ulula</strong></span> <span class='ocrx_word' id='word_1_39' title='bbox 895 629 1112 668; x_wconf 90' lang='lat' dir='ltr'><strong>notantibus</strong></span> <span class='ocrx_word' id='word_1_40' title='bbox 1144 657 1157 676; x_wconf 91' lang='lat'>,</span> <span class='ocrx_word' id='word_1_41' title='bbox 1219 630 1426 668; x_wconf 82' lang='lat' dir='ltr'><strong>Athenien·</strong></span> 
     </span>
    </p>
   </div>
   <div class='ocr_carea' id='block_1_3' title="bbox 261 696 1428 748">
    <p class='ocr_par' dir='ltr' id='par_1_4' title="bbox 261 696 1428 748">
     <span class='ocr_line' id='line_1_8' title="bbox 261 696 1428 748; baseline 0.003 -14"><span class='ocrx_word' id='word_1_42' title='bbox 261 709 268 712; x_wconf 85' lang='lat'>·</span> <span class='ocrx_word' id='word_1_43' title='bbox 325 696 431 734; x_wconf 84' lang='lat' dir='ltr'><strong>sibus</strong></span> <span class='ocrx_word' id='word_1_44' title='bbox 469 696 613 735; x_wconf 86' lang='lat' dir='ltr'><strong>Samios</strong></span> <span class='ocrx_word' id='word_1_45' title='bbox 643 697 867 744; x_wconf 86' lang='lat' dir='ltr'><strong>Samaenae,</strong></span> <span class='ocrx_word' id='word_1_46' title='bbox 919 696 1025 736; x_wconf 91' lang='lat' dir='ltr'><strong>navis</strong></span> <span class='ocrx_word' id='word_1_47' title='bbox 1063 698 1282 747; x_wconf 84' lang='lat' dir='ltr'><strong>cujusdam,</strong></span> <span class='ocrx_word' id='word_1_48' title='bbox 1333 698 1428 748; x_wconf 87' lang='lat' dir='ltr'><strong>figu-</strong></span> 
     </span>
    </p>
   </div>
   <div class='ocr_carea' id='block_1_4' title="bbox 325 766 1433 1371">
    <p class='ocr_par' dir='ltr' id='par_1_5' title="bbox 325 766 1433 1371">
     <span class='ocr_line' id='line_1_9' title="bbox 331 766 1424 818; baseline 0.005 -15"><span class='ocrx_word' id='word_1_49' title='bbox 331 778 369 804; x_wconf 90' lang='lat' dir='ltr'><strong>ra</strong></span> <span class='ocrx_word' id='word_1_50' title='bbox 418 767 504 817; x_wconf 84' lang='lat'>(1).</span> <span class='ocrx_word' id='word_1_51' title='bbox 583 766 673 815; x_wconf 89' lang='lat' dir='ltr'><strong>Quo</strong></span> <span class='ocrx_word' id='word_1_52' title='bbox 720 766 841 805; x_wconf 89' lang='lat' dir='ltr'><strong>minus</strong></span> <span class='ocrx_word' id='word_1_53' title='bbox 882 767 1082 805; x_wconf 87' lang='lat' dir='ltr'><strong>Plutarcho</strong></span> <span class='ocrx_word' id='word_1_54' title='bbox 1128 767 1424 818; x_wconf 82' lang='lat' dir='ltr'><strong>adstipulamur,</strong></span> 
     </span>
     <span class='ocr_line' id='line_1_10' title="bbox 328 836 1425 888; baseline 0.003 -14"><span class='ocrx_word' id='word_1_55' title='bbox 328 837 393 875; x_wconf 88' lang='lat' dir='ltr'><strong>ubi</strong></span> <span class='ocrx_word' id='word_1_56' title='bbox 436 837 611 875; x_wconf 85' lang='lat' dir='ltr'><strong>Duridem</strong></span> <span class='ocrx_word' id='word_1_57' title='bbox 649 836 810 874; x_wconf 89' lang='lat' dir='ltr'><strong>Samium</strong></span> <span class='ocrx_word' id='word_1_58' title='bbox 849 837 1029 874; x_wconf 89' lang='lat' dir='ltr'><strong>mendacii</strong></span> <span class='ocrx_word' id='word_1_59' title='bbox 1063 846 1240 886; x_wconf 85' lang='lat' dir='ltr'><strong>accusat,</strong></span> <span class='ocrx_word' id='word_1_60' title='bbox 1265 837 1425 888; x_wconf 86' lang='lat' dir='ltr'><strong>plurima</strong></span> 
     </span>
     <span class='ocr_line' id='line_1_11' title="bbox 327 907 1426 956; baseline 0.002 -12"><span class='ocrx_word' id='word_1_61' title='bbox 327 919 348 944; x_wconf 90' lang='lat' dir='ltr'><strong>a</strong></span> <span class='ocrx_word' id='word_1_62' title='bbox 395 907 533 945; x_wconf 86' lang='lat' dir='ltr'><strong>Pericle</strong></span> <span class='ocrx_word' id='word_1_63' title='bbox 567 907 765 944; x_wconf 88' lang='lat' dir='ltr'><strong>crudeliter</strong></span> <span class='ocrx_word' id='word_1_64' title='bbox 816 916 896 944; x_wconf 88' lang='lat' dir='ltr'><strong>acta</strong></span> <span class='ocrx_word' id='word_1_65' title='bbox 939 914 1214 945; x_wconf 88' lang='lat' dir='ltr'><strong>memorantem.</strong></span> <span class='ocrx_word' id='word_1_66' title='bbox 1291 908 1389 946; x_wconf 85' lang='lat' dir='ltr'><strong>Nam</strong></span> <span class='ocrx_word' id='word_1_67' title='bbox 1410 934 1426 956; x_wconf 88' lang='lat'>‚</span> 
     </span>
     <span class='ocr_line' id='line_1_12' title="bbox 327 976 1428 1025; baseline 0.001 -11"><span class='ocrx_word' id='word_1_68' title='bbox 327 988 549 1024; x_wconf 89' lang='lat' dir='ltr'><strong>quamquam</strong></span> <span class='ocrx_word' id='word_1_69' title='bbox 576 976 728 1015; x_wconf 79' lang='lat' dir='ltr'><strong>Periclis</strong></span> <span class='ocrx_word' id='word_1_70' title='bbox 755 976 897 1014; x_wconf 88' lang='lat' dir='ltr'><strong>indoles</strong></span> <span class='ocrx_word' id='word_1_71' title='bbox 924 976 1049 1014; x_wconf 90' lang='lat' dir='ltr'><strong>mitior</strong></span> <span class='ocrx_word' id='word_1_72' title='bbox 1082 986 1159 1014; x_wconf 87' lang='lat' dir='ltr'><strong>erat</strong></span> <span class='ocrx_word' id='word_1_73' title='bbox 1183 1003 1197 1024; x_wconf 83' lang='lat'><strong>,</strong></span> <span class='ocrx_word' id='word_1_74' title='bbox 1225 987 1335 1024; x_wconf 86' lang='lat' dir='ltr'><strong>quam</strong></span> <span class='ocrx_word' id='word_1_75' title='bbox 1361 976 1428 1025; x_wconf 90' lang='lat' dir='ltr'><strong>qui</strong></span> 
     </span>
     <span class='ocr_line' id='line_1_13' title="bbox 326 1044 1428 1094; baseline 0 -10"><span class='ocrx_word' id='word_1_76' title='bbox 326 1056 462 1094; x_wconf 87' lang='lat' dir='ltr'><strong>sponte</strong></span> <span class='ocrx_word' id='word_1_77' title='bbox 496 1045 580 1083; x_wconf 90' lang='lat' dir='ltr'><strong>talia</strong></span> <span class='ocrx_word' id='word_1_78' title='bbox 623 1046 704 1094; x_wconf 87' lang='lat' dir='ltr'><strong>ipse</strong></span> <span class='ocrx_word' id='word_1_79' title='bbox 745 1045 908 1093; x_wconf 82' lang='lat' dir='ltr'><strong>faceret,</strong></span> <span class='ocrx_word' id='word_1_80' title='bbox 961 1044 1143 1083; x_wconf 86' lang='lat' dir='ltr'><strong>militibus</strong></span> <span class='ocrx_word' id='word_1_81' title='bbox 1193 1053 1314 1083; x_wconf 89' lang='lat' dir='ltr'><strong>tamen</strong></span> <span class='ocrx_word' id='word_1_82' title='bbox 1357 1045 1428 1094; x_wconf 68' lang='grc' dir='ltr'><strong>(α)</strong></span> 
     </span>
     <span class='ocr_line' id='line_1_14' title="bbox 325 1113 1431 1164; baseline 0 -11"><span class='ocrx_word' id='word_1_83' title='bbox 325 1116 587 1164; x_wconf 87' lang='lat' dir='ltr'><strong>indulgendum</strong></span> <span class='ocrx_word' id='word_1_84' title='bbox 605 1114 777 1152; x_wconf 87' lang='lat' dir='ltr'><strong>fortassis</strong></span> <span class='ocrx_word' id='word_1_85' title='bbox 803 1123 894 1154; x_wconf 89' lang='lat' dir='ltr'><strong>erat.</strong></span> <span class='ocrx_word' id='word_1_86' title='bbox 925 1114 1121 1153; x_wconf 89' lang='lat' dir='ltr'><strong>Silentium</strong></span> <span class='ocrx_word' id='word_1_87' title='bbox 1149 1114 1297 1163; x_wconf 90' lang='lat' dir='ltr'><strong>quidem</strong></span> <span class='ocrx_word' id='word_1_88' title='bbox 1323 1113 1431 1154; x_wconf 89' lang='lat' dir='ltr'><strong>Thu-</strong></span> 
     </span>
     <span class='ocr_line' id='line_1_15' title="bbox 328 1183 1433 1233; baseline 0.002 -11"><span class='ocrx_word' id='word_1_89' title='bbox 328 1185 504 1233; x_wconf 84' lang='lat' dir='ltr'><strong>cydidis,</strong></span> <span class='ocrx_word' id='word_1_90' title='bbox 530 1184 674 1232; x_wconf 89' lang='lat' dir='ltr'><strong>Ephori</strong></span> <span class='ocrx_word' id='word_1_91' title='bbox 700 1192 736 1221; x_wconf 89' lang='lat' dir='ltr'><strong>et</strong></span> <span class='ocrx_word' id='word_1_92' title='bbox 767 1184 983 1222; x_wconf 84' lang='lat' dir='ltr'><strong>Aristotelis</strong></span> <span class='ocrx_word' id='word_1_93' title='bbox 1016 1195 1086 1221; x_wconf 92' lang='lat' dir='ltr'><strong>nos</strong></span> <span class='ocrx_word' id='word_1_94' title='bbox 1113 1183 1151 1222; x_wconf 91' lang='lat' dir='ltr'><strong>in</strong></span> <span class='ocrx_word' id='word_1_95' title='bbox 1179 1195 1256 1222; x_wconf 90' lang='lat' dir='ltr'><strong>eam</strong></span> <span class='ocrx_word' id='word_1_96' title='bbox 1289 1185 1433 1224; x_wconf 89' lang='lat' dir='ltr'><strong>ducunt</strong></span> 
     </span>
     <span class='ocr_line' id='line_1_16' title="bbox 327 1251 1433 1303; baseline 0 -11"><span class='ocrx_word' id='word_1_97' title='bbox 327 1255 539 1303; x_wconf 89' lang='lat' dir='ltr'><strong>opinionem</strong></span> <span class='ocrx_word' id='word_1_98' title='bbox 554 1281 567 1300; x_wconf 84' lang='lat'>‚</span> <span class='ocrx_word' id='word_1_99' title='bbox 592 1265 648 1290; x_wconf 87' lang='lat' dir='ltr'><strong>res</strong></span> <span class='ocrx_word' id='word_1_100' title='bbox 662 1265 682 1290; x_wconf 87' lang='lat' dir='ltr'><strong>a</strong></span> <span class='ocrx_word' id='word_1_101' title='bbox 706 1252 849 1290; x_wconf 89' lang='lat' dir='ltr'><strong>Duride</strong></span> <span class='ocrx_word' id='word_1_102' title='bbox 870 1252 908 1289; x_wconf 90' lang='lat' dir='ltr'><strong>in</strong></span> <span class='ocrx_word' id='word_1_103' title='bbox 922 1253 1039 1301; x_wconf 81' lang='lat' dir='ltr'><strong>majus</strong></span> <span class='ocrx_word' id='word_1_104' title='bbox 1059 1251 1177 1290; x_wconf 85' lang='lat' dir='ltr'><strong>fuisse</strong></span> <span class='ocrx_word' id='word_1_105' title='bbox 1198 1260 1324 1290; x_wconf 83' lang='lat' dir='ltr'><strong>auctas</strong></span> <span class='ocrx_word' id='word_1_106' title='bbox 1338 1280 1352 1300; x_wconf 87' lang='lat'>‚</span> <span class='ocrx_word' id='word_1_107' title='bbox 1366 1254 1433 1292; x_wconf 88' lang='lat' dir='ltr'><strong>sed</strong></span> 
     </span>
     <span class='ocr_line' id='line_1_17' title="bbox 330 1320 1401 1371; baseline 0 -10"><span class='ocrx_word' id='word_1_108' title='bbox 330 1323 480 1361; x_wconf 77' lang='lat' dir='ltr'><strong>minIme</strong></span> <span class='ocrx_word' id='word_1_109' title='bbox 507 1322 690 1371; x_wconf 79' lang='lat' dir='ltr'><strong>probant,</strong></span> <span class='ocrx_word' id='word_1_110' title='bbox 714 1321 876 1360; x_wconf 89' lang='lat' dir='ltr'><strong>Samium</strong></span> <span class='ocrx_word' id='word_1_111' title='bbox 901 1320 1023 1358; x_wconf 88' lang='lat' dir='ltr'><strong>omnia</strong></span> <span class='ocrx_word' id='word_1_112' title='bbox 1053 1320 1208 1360; x_wconf 88' lang='lat' dir='ltr'><strong>omnino</strong></span> <span class='ocrx_word' id='word_1_113' title='bbox 1235 1321 1401 1362; x_wconf 82' lang='lat' dir='ltr'><strong>finxisse.</strong></span> 
     </span>
    </p>
   </div>
   <div class='ocr_carea' id='block_1_5' title="bbox 324 1427 1438 2105">
    <p class='ocr_par' dir='ltr' id='par_1_6' title="bbox 324 1427 1436 1764">
     <span class='ocr_line' id='line_1_18' title="bbox 379 1427 1431 1479; baseline 0.004 -13"><span class='ocrx_word' id='word_1_114' title='bbox 379 1428 465 1467; x_wconf 87' lang='lat' dir='ltr'><em>Obs.</em></span> <span class='ocrx_word' id='word_1_115' title='bbox 492 1429 630 1467; x_wconf 91' lang='lat' dir='ltr'><strong>XXIX.</strong></span> <span class='ocrx_word' id='word_1_116' title='bbox 660 1427 738 1465; x_wconf 89' lang='lat' dir='ltr'><strong>Sub</strong></span> <span class='ocrx_word' id='word_1_117' title='bbox 762 1427 912 1467; x_wconf 88' lang='lat' dir='ltr'><strong>Periclis</strong></span> <span class='ocrx_word' id='word_1_118' title='bbox 932 1428 1107 1477; x_wconf 90' lang='lat' dir='ltr'><strong>auspiciis</strong></span> <span class='ocrx_word' id='word_1_119' title='bbox 1130 1428 1351 1479; x_wconf 89' lang='lat' dir='ltr'><strong>Phidiaeque</strong></span> <span class='ocrx_word' id='word_1_120' title='bbox 1368 1430 1431 1470; x_wconf 91' lang='lat' dir='ltr'><strong>ad·</strong></span> 
     </span>
     <span class='ocr_line' id='line_1_19' title="bbox 326 1498 1432 1550; baseline 0.003 -14"><span class='ocrx_word' id='word_1_121' title='bbox 326 1498 618 1545; x_wconf 83' lang='lat' dir='ltr'><strong>ministratione,</strong></span> <span class='ocrx_word' id='word_1_122' title='bbox 654 1499 741 1536; x_wconf 85' lang='lat' dir='ltr'><strong>haec</strong></span> <span class='ocrx_word' id='word_1_123' title='bbox 768 1498 1003 1550; x_wconf 81' lang='lat' dir='ltr'><strong>Propylaea‚</strong></span> <span class='ocrx_word' id='word_1_124' title='bbox 1044 1498 1229 1538; x_wconf 89' lang='lat' dir='ltr'><strong>Mnesicle</strong></span> <span class='ocrx_word' id='word_1_125' title='bbox 1260 1500 1432 1539; x_wconf 89' lang='lat' dir='ltr'><strong>Archite-</strong></span> 
     </span>
     <span class='ocr_line' id='line_1_20' title="bbox 327 1567 1436 1617; baseline 0.002 -10"><span class='ocrx_word' id='word_1_126' title='bbox 327 1577 418 1616; x_wconf 92' lang='lat' dir='ltr'><strong>cto,</strong></span> <span class='ocrx_word' id='word_1_127' title='bbox 449 1567 617 1616; x_wconf 83' lang='lat' dir='ltr'><strong>quinque</strong></span> <span class='ocrx_word' id='word_1_128' title='bbox 654 1579 832 1606; x_wconf 85' lang='lat' dir='ltr'><strong>annorum</strong></span> <span class='ocrx_word' id='word_1_129' title='bbox 868 1569 988 1617; x_wconf 85' lang='lat' dir='ltr'><strong>spatio</strong></span> <span class='ocrx_word' id='word_1_130' title='bbox 1015 1568 1186 1607; x_wconf 89' lang='lat' dir='ltr'><strong>confecta</strong></span> <span class='ocrx_word' id='word_1_131' title='bbox 1217 1577 1321 1609; x_wconf 87' lang='lat' dir='ltr'><strong>sunt.</strong></span> <span class='ocrx_word' id='word_1_132' title='bbox 1349 1569 1436 1609; x_wconf 89' lang='lat' dir='ltr'><strong>Hu-</strong></span> 
     </span>
     <span class='ocr_line' id='line_1_21' title="bbox 324 1637 1434 1689; baseline -0.003 -12"><span class='ocrx_word' id='word_1_133' title='bbox 324 1641 385 1689; x_wconf 68' lang='lat' dir='ltr'><strong>ius</strong></span> <span class='ocrx_word' id='word_1_134' title='bbox 438 1638 612 1677; x_wconf 84' lang='lat' dir='ltr'><strong>vestibuli</strong></span> <span class='ocrx_word' id='word_1_135' title='bbox 638 1666 651 1685; x_wconf 92' lang='lat'>,</span> <span class='ocrx_word' id='word_1_136' title='bbox 691 1650 756 1687; x_wconf 84' lang='lat' dir='ltr'><strong>per</strong></span> <span class='ocrx_word' id='word_1_137' title='bbox 801 1639 903 1686; x_wconf 91' lang='lat' dir='ltr'><strong>quod</strong></span> <span class='ocrx_word' id='word_1_138' title='bbox 940 1637 1072 1676; x_wconf 86' lang='lat' dir='ltr'><strong>unicus</strong></span> <span class='ocrx_word' id='word_1_139' title='bbox 1109 1639 1156 1677; x_wconf 90' lang='lat' dir='ltr'><strong>ad</strong></span> <span class='ocrx_word' id='word_1_140' title='bbox 1205 1650 1324 1678; x_wconf 88' lang='lat' dir='ltr'><strong>arcem</strong></span> <span class='ocrx_word' id='word_1_141' title='bbox 1349 1640 1434 1678; x_wconf 72' lang='lat' dir='ltr'><strong>ad.</strong></span> 
     </span>
     <span class='ocr_line' id='line_1_22' title="bbox 327 1707 1435 1764; baseline 0.002 -17"><span class='ocrx_word' id='word_1_142' title='bbox 327 1711 403 1748; x_wconf 90' lang='lat' dir='ltr'><strong>itus</strong></span> <span class='ocrx_word' id='word_1_143' title='bbox 432 1717 532 1756; x_wconf 81' lang='lat' dir='ltr'><strong>erat,</strong></span> <span class='ocrx_word' id='word_1_144' title='bbox 576 1707 861 1757; x_wconf 88' lang='lat' dir='ltr'><strong>descriptionem</strong></span> <span class='ocrx_word' id='word_1_145' title='bbox 886 1707 987 1747; x_wconf 88' lang='lat' dir='ltr'><strong>dedit</strong></span> <span class='ocrx_word' id='word_1_146' title='bbox 1014 1707 1209 1748; x_wconf 88' lang='lat' dir='ltr'><strong>Pausanias</strong></span> <span class='ocrx_word' id='word_1_147' title='bbox 1235 1708 1327 1764; x_wconf 79' lang='lat'><strong>(3)=</strong></span> <span class='ocrx_word' id='word_1_148' title='bbox 1367 1709 1435 1749; x_wconf 91' lang='lat' dir='ltr'><strong>ubi</strong></span> 
     </span>
    </p>

    <p class='ocr_par' dir='ltr' id='par_1_7' title="bbox 1364 1777 1438 1820">
     <span class='ocr_line' id='line_1_23' title="bbox 1364 1777 1438 1820; baseline 0.014 -1"><span class='ocrx_word' id='word_1_149' title='bbox 1364 1807 1367 1809; x_wconf 92' lang='lat'>-</span> <span class='ocrx_word' id='word_1_150' title='bbox 1395 1777 1438 1820; x_wconf 87' lang='lat' dir='ltr'><strong>&#39;fit</strong></span> 
     </span>
    </p>

    <p class='ocr_par' dir='ltr' id='par_1_8' title="bbox 327 1889 1436 2049">
     <span class='ocr_line' id='line_1_24' title="bbox 367 1889 1436 1928; baseline 0.002 -8"><span class='ocrx_word' id='word_1_151' title='bbox 367 1890 418 1928; x_wconf 86' lang='grc' dir='ltr'><strong>(ι)</strong></span> <span class='ocrx_word' id='word_1_152' title='bbox 439 1891 516 1920; x_wconf 87' lang='lat' dir='ltr'><strong>Plut.</strong></span> <span class='ocrx_word' id='word_1_153' title='bbox 536 1892 557 1918; x_wconf 90' lang='lat'><strong>1.</strong></span> <span class='ocrx_word' id='word_1_154' title='bbox 578 1891 600 1918; x_wconf 88' lang='lat'><strong>1.</strong></span> <span class='ocrx_word' id='word_1_155' title='bbox 616 1905 637 1912; x_wconf 92' lang='lat'>-</span> <span class='ocrx_word' id='word_1_156' title='bbox 654 1889 774 1919; x_wconf 85' lang='lat' dir='ltr'><strong>Aelian.</strong></span> <span class='ocrx_word' id='word_1_157' title='bbox 797 1890 833 1920; x_wconf 88' lang='lat' dir='ltr'><strong>V.</strong></span> <span class='ocrx_word' id='word_1_158' title='bbox 844 1891 883 1919; x_wconf 81' lang='lat' dir='ltr'><strong>H.</strong></span> <span class='ocrx_word' id='word_1_159' title='bbox 892 1890 932 1919; x_wconf 84' lang='lat'><strong>11.</strong></span> <span class='ocrx_word' id='word_1_160' title='bbox 944 1898 973 1927; x_wconf 91' lang='lat'><strong>9.</strong></span> <span class='ocrx_word' id='word_1_161' title='bbox 982 1889 1059 1919; x_wconf 86' lang='lat' dir='ltr'><strong>dicit</strong></span> <span class='ocrx_word' id='word_1_162' title='bbox 1079 1890 1282 1921; x_wconf 83' lang='lat' dir='ltr'><strong>Athenienses</strong></span> <span class='ocrx_word' id='word_1_163' title='bbox 1296 1893 1436 1923; x_wconf 77' lang='lat' dir='ltr'><strong>samaena</strong></span> 
     </span>
     <span class='ocr_line' id='line_1_25' title="bbox 327 1946 1436 1983; baseline 0.002 -8"><span class='ocrx_word' id='word_1_164' title='bbox 327 1947 440 1976; x_wconf 81' lang='lat' dir='ltr'><strong>samios</strong></span> <span class='ocrx_word' id='word_1_165' title='bbox 456 1948 536 1975; x_wconf 86' lang='lat' dir='ltr'><strong>ulula</strong></span> <span class='ocrx_word' id='word_1_166' title='bbox 551 1946 644 1975; x_wconf 86' lang='lat' dir='ltr'><strong>fuisse</strong></span> <span class='ocrx_word' id='word_1_167' title='bbox 653 1954 784 1975; x_wconf 80' lang='lat' dir='ltr'><strong>notatos.</strong></span> <span class='ocrx_word' id='word_1_168' title='bbox 807 1946 916 1976; x_wconf 80' lang='lat' dir='ltr'><strong>Suidas</strong></span> <span class='ocrx_word' id='word_1_169' title='bbox 933 1954 973 1975; x_wconf 89' lang='lat' dir='ltr'><strong>ex</strong></span> <span class='ocrx_word' id='word_1_170' title='bbox 988 1946 1132 1976; x_wconf 82' lang='lat' dir='ltr'><strong>ambobus</strong></span> <span class='ocrx_word' id='word_1_171' title='bbox 1149 1955 1201 1977; x_wconf 76' lang='lat' dir='ltr'><strong>sua</strong></span> <span class='ocrx_word' id='word_1_172' title='bbox 1223 1947 1340 1983; x_wconf 84' lang='lat' dir='ltr'><strong>hausit;</strong></span> <span class='ocrx_word' id='word_1_173' title='bbox 1357 1956 1436 1979; x_wconf 84' lang='lat' dir='ltr'><strong>voce</strong></span> 
     </span>
     <span class='ocr_line' id='line_1_26' title="bbox 330 2005 878 2049; baseline 0 -9"><span class='ocrx_word' id='word_1_174' title='bbox 330 2009 463 2049; x_wconf 66' lang='grc' dir='ltr'>Σαμίων</span> <span class='ocrx_word' id='word_1_175' title='bbox 488 2005 590 2048; x_wconf 68' lang='grc' dir='ltr'><em>δῆμος</em></span> <span class='ocrx_word' id='word_1_176' title='bbox 617 2019 647 2040; x_wconf 86' lang='lat' dir='ltr'><strong>et</strong></span> <span class='ocrx_word' id='word_1_177' title='bbox 666 2009 713 2041; x_wconf 69' lang='grc' dir='ltr'><strong>τᾶ</strong></span> <span class='ocrx_word' id='word_1_178' title='bbox 733 2007 878 2049; x_wconf 65' lang='grc' dir='ltr'>Σαμίων.</span> 
     </span>
    </p>

    <p class='ocr_par' dir='ltr' id='par_1_9' title="bbox 367 2065 1438 2105">
     <span class='ocr_line' id='line_1_27' title="bbox 367 2065 1438 2105; baseline 0.003 -9"><span class='ocrx_word' id='word_1_179' title='bbox 367 2069 418 2105; x_wconf 77' lang='lat'><strong>(2)</strong></span> <span class='ocrx_word' id='word_1_180' title='bbox 441 2071 501 2096; x_wconf 74' lang='lat' dir='ltr'><strong>Hos</strong></span> <span class='ocrx_word' id='word_1_181' title='bbox 526 2067 606 2096; x_wconf 87' lang='lat' dir='ltr'><strong>enim</strong></span> <span class='ocrx_word' id='word_1_182' title='bbox 633 2076 695 2096; x_wconf 89' lang='lat' dir='ltr'><strong>non</strong></span> <span class='ocrx_word' id='word_1_183' title='bbox 724 2067 856 2102; x_wconf 83' lang='lat' dir='ltr'><strong>optimae</strong></span> <span class='ocrx_word' id='word_1_184' title='bbox 872 2065 968 2095; x_wconf 83' lang='lat' dir='ltr'><strong>fuisse</strong></span> <span class='ocrx_word' id='word_1_185' title='bbox 988 2074 1078 2096; x_wconf 82' lang='lat' dir='ltr'><strong>notae</strong></span> <span class='ocrx_word' id='word_1_186' title='bbox 1096 2087 1107 2103; x_wconf 92' lang='lat'><strong>‚</strong></span> <span class='ocrx_word' id='word_1_187' title='bbox 1130 2067 1251 2103; x_wconf 77' lang='lat' dir='ltr'><strong>probari</strong></span> <span class='ocrx_word' id='word_1_188' title='bbox 1266 2075 1369 2104; x_wconf 77' lang='lat' dir='ltr'><strong>potest</strong></span> <span class='ocrx_word' id='word_1_189' title='bbox 1399 2076 1438 2098; x_wconf 83' lang='lat' dir='ltr'><strong>ex</strong></span> 
     </span>
    </p>
   </div>
   <div class='ocr_carea' id='block_1_6' title="bbox 330 2124 1438 2216">
    <p class='ocr_par' dir='ltr' id='par_1_10' title="bbox 330 2124 1438 2216">
     <span class='ocr_line' id='line_1_28' title="bbox 330 2124 1438 2162; baseline 0.001 -8"><span class='ocrx_word' id='word_1_190' title='bbox 330 2127 459 2154; x_wconf 81' lang='lat' dir='ltr'><strong>Alexide</strong></span> <span class='ocrx_word' id='word_1_191' title='bbox 485 2125 607 2160; x_wconf 87' lang='lat' dir='ltr'><strong>Samio,</strong></span> <span class='ocrx_word' id='word_1_192' title='bbox 640 2125 732 2153; x_wconf 87' lang='lat' dir='ltr'><strong>citato</strong></span> <span class='ocrx_word' id='word_1_193' title='bbox 759 2125 794 2153; x_wconf 80' lang='lat' dir='ltr'><strong>ab</strong></span> <span class='ocrx_word' id='word_1_194' title='bbox 824 2125 981 2154; x_wconf 76' lang='lat' dir='ltr'><strong>Athenaeo</strong></span> <span class='ocrx_word' id='word_1_195' title='bbox 1005 2124 1074 2155; x_wconf 83' lang='lat' dir='ltr'><strong>Lib.</strong></span> <span class='ocrx_word' id='word_1_196' title='bbox 1099 2126 1169 2156; x_wconf 75' lang='lat' dir='ltr'><strong>xil.</strong></span> <span class='ocrx_word' id='word_1_197' title='bbox 1191 2134 1224 2162; x_wconf 82' lang='lat' dir='ltr'><strong>p.</strong></span> <span class='ocrx_word' id='word_1_198' title='bbox 1246 2133 1314 2162; x_wconf 82' lang='lat'><strong>572.</strong></span> <span class='ocrx_word' id='word_1_199' title='bbox 1332 2126 1366 2158; x_wconf 79' lang='lat' dir='ltr'><strong>F.</strong></span> <span class='ocrx_word' id='word_1_200' title='bbox 1385 2127 1438 2156; x_wconf 86' lang='lat' dir='ltr'><strong>ubi</strong></span> 
     </span>
     <span class='ocr_line' id='line_1_29' title="bbox 332 2182 599 2216; baseline 0.004 -6"><span class='ocrx_word' id='word_1_201' title='bbox 332 2183 396 2211; x_wconf 73' lang='lat' dir='ltr'><strong>vid.</strong></span> <span class='ocrx_word' id='word_1_202' title='bbox 431 2182 599 2216; x_wconf 75' lang='lat' dir='ltr'><strong>Schweigh-</strong></span> 
     </span>
    </p>
   </div>
   <div class='ocr_carea' id='block_1_7' title="bbox 373 2237 782 2275">
    <p class='ocr_par' dir='ltr' id='par_1_11' title="bbox 373 2237 782 2275">
     <span class='ocr_line' id='line_1_30' title="bbox 373 2237 782 2275; baseline -0.002 -8"><span class='ocrx_word' id='word_1_203' title='bbox 373 2237 426 2274; x_wconf 84' lang='lat'><strong>(3)</strong></span> <span class='ocrx_word' id='word_1_204' title='bbox 448 2238 543 2267; x_wconf 71' lang='grc' dir='ltr'><strong>Λαὶς.</strong></span> <span class='ocrx_word' id='word_1_205' title='bbox 566 2247 615 2268; x_wconf 81' lang='lat'><strong>22.</strong></span> <span class='ocrx_word' id='word_1_206' title='bbox 638 2239 664 2274; x_wconf 83' lang='lat'><strong>§.</strong></span> <span class='ocrx_word' id='word_1_207' title='bbox 683 2246 714 2275; x_wconf 77' lang='lat'><strong>4.</strong></span> <span class='ocrx_word' id='word_1_208' title='bbox 735 2245 782 2272; x_wconf 86' lang='lat' dir='ltr'><strong>sq.</strong></span> 
     </span>
    </p>
   </div>
  </div>
 </body>
</html>
