<?xml version="1.0" encoding="UTF-8"?>
<!DOCTYPE html PUBLIC "-//W3C//DTD XHTML 1.0 Transitional//EN"
    "http://www.w3.org/TR/xhtml1/DTD/xhtml1-transitional.dtd">
<html xmlns="http://www.w3.org/1999/xhtml" xml:lang="en" lang="en">
 <head>
  <title>
</title>
<meta http-equiv="Content-Type" content="text/html;charset=utf-8" />
  <meta name='ocr-system' content='tesseract 3.04.00' />
  <meta name='ocr-capabilities' content='ocr_page ocr_carea ocr_par ocr_line ocrx_word'/>
</head>
<body>
  <div class='ocr_page' id='page_1' title='image "annalesacademiae33rhen_0672.png"; bbox 0 0 1564 2750; ppageno 0'>
   <div class='ocr_carea' id='block_1_1' title="bbox 85 195 318 235">
    <p class='ocr_par' dir='ltr' id='par_1_1' title="bbox 85 195 318 235">
     <span class='ocr_line' id='line_1_1' title="bbox 85 195 318 235; baseline -0.013 -6"><span class='ocrx_word' id='word_1_1' title='bbox 85 198 181 229; x_wconf 81' lang='lat' dir='ltr'>Sectio</span> <span class='ocrx_word' id='word_1_2' title='bbox 199 195 279 235; x_wconf 78' lang='lat'>11.§.</span> <span class='ocrx_word' id='word_1_3' title='bbox 291 204 318 230; x_wconf 81' lang='lat'>3.</span> 
     </span>
    </p>
   </div>
   <div class='ocr_carea' id='block_1_2' title="bbox 331 139 1214 180">
    <p class='ocr_par' dir='ltr' id='par_1_2' title="bbox 331 139 1214 180">
     <span class='ocr_line' id='line_1_2' title="bbox 331 139 1214 180; baseline -0.002 0"><span class='ocrx_word' id='word_1_4' title='bbox 331 146 377 180; x_wconf 88' lang='lat'>80</span> <span class='ocrx_word' id='word_1_5' title='bbox 556 139 1214 180; x_wconf 83' lang='lat' dir='ltr'><strong>COMMENTATIO</strong></span> 
     </span>
    </p>
   </div>
   <div class='ocr_carea' id='block_1_3' title="bbox 332 249 1453 1552">
    <p class='ocr_par' dir='ltr' id='par_1_3' title="bbox 332 249 1453 1552">
     <span class='ocr_line' id='line_1_3' title="bbox 332 249 1427 299; baseline 0.001 -11"><span class='ocrx_word' id='word_1_6' title='bbox 332 252 403 288; x_wconf 89' lang='lat' dir='ltr'>bus</span> <span class='ocrx_word' id='word_1_7' title='bbox 441 250 668 296; x_wconf 80' lang='lat' dir='ltr'>excellebat,</span> <span class='ocrx_word' id='word_1_8' title='bbox 717 249 805 287; x_wconf 84' lang='lat' dir='ltr'>satis</span> <span class='ocrx_word' id='word_1_9' title='bbox 849 249 1006 298; x_wconf 80' lang='lat' dir='ltr'>probare</span> <span class='ocrx_word' id='word_1_10' title='bbox 1047 261 1158 299; x_wconf 89' lang='lat' dir='ltr'>eum,</span> <span class='ocrx_word' id='word_1_11' title='bbox 1197 257 1281 289; x_wconf 86' lang='lat' dir='ltr'>ante</span> <span class='ocrx_word' id='word_1_12' title='bbox 1319 261 1427 299; x_wconf 87' lang='lat' dir='ltr'>quam</span> 
     </span>
     <span class='ocr_line' id='line_1_4' title="bbox 333 319 1435 370; baseline 0.001 -12"><span class='ocrx_word' id='word_1_13' title='bbox 333 329 440 358; x_wconf 86' lang='lat' dir='ltr'>natus</span> <span class='ocrx_word' id='word_1_14' title='bbox 461 330 575 366; x_wconf 81' lang='lat' dir='ltr'>esset,</span> <span class='ocrx_word' id='word_1_15' title='bbox 591 319 685 357; x_wconf 88' lang='lat' dir='ltr'>inter</span> <span class='ocrx_word' id='word_1_16' title='bbox 702 321 790 357; x_wconf 88' lang='lat' dir='ltr'>deos</span> <span class='ocrx_word' id='word_1_17' title='bbox 816 319 960 367; x_wconf 84' lang='lat' dir='ltr'><strong>degisse</strong></span> <span class='ocrx_word' id='word_1_18' title='bbox 979 321 1063 370; x_wconf 80' lang='lat'>(1).</span> <span class='ocrx_word' id='word_1_19' title='bbox 1092 321 1144 359; x_wconf 90' lang='lat' dir='ltr'>Et</span> <span class='ocrx_word' id='word_1_20' title='bbox 1162 320 1330 367; x_wconf 90' lang='lat' dir='ltr'>quamvis</span> <span class='ocrx_word' id='word_1_21' title='bbox 1358 331 1435 359; x_wconf 90' lang='lat' dir='ltr'>non</span> 
     </span>
     <span class='ocr_line' id='line_1_5' title="bbox 335 388 1436 438; baseline 0 -10"><span class='ocrx_word' id='word_1_22' title='bbox 335 401 478 437; x_wconf 77' lang='lat' dir='ltr'>semper</span> <span class='ocrx_word' id='word_1_23' title='bbox 503 390 547 427; x_wconf 87' lang='lat' dir='ltr'>de</span> <span class='ocrx_word' id='word_1_24' title='bbox 566 398 744 437; x_wconf 82' lang='lat' dir='ltr'>suggestu</span> <span class='ocrx_word' id='word_1_25' title='bbox 767 388 997 436; x_wconf 87' lang='lat' dir='ltr'>discederet,</span> <span class='ocrx_word' id='word_1_26' title='bbox 1013 390 1073 427; x_wconf 89' lang='lat' dir='ltr'>illa</span> <span class='ocrx_word' id='word_1_27' title='bbox 1087 398 1314 436; x_wconf 88' lang='lat' dir='ltr'>consecutus</span> <span class='ocrx_word' id='word_1_28' title='bbox 1342 401 1436 438; x_wconf 85' lang='lat' dir='ltr'>quae</span> 
     </span>
     <span class='ocr_line' id='line_1_6' title="bbox 334 458 1437 515; baseline 0.001 -18"><span class='ocrx_word' id='word_1_29' title='bbox 334 468 517 508; x_wconf 86' lang='lat' dir='ltr'>sperasset</span> <span class='ocrx_word' id='word_1_30' title='bbox 544 458 638 508; x_wconf 76' lang='lat'><strong>(2),</strong></span> <span class='ocrx_word' id='word_1_31' title='bbox 679 458 900 497; x_wconf 86' lang='lat' dir='ltr'>admirabilis</span> <span class='ocrx_word' id='word_1_32' title='bbox 933 469 1052 497; x_wconf 85' lang='lat' dir='ltr'>tamen</span> <span class='ocrx_word' id='word_1_33' title='bbox 1077 459 1318 515; x_wconf 82' lang='lat' dir='ltr'>persuadendi</span> <span class='ocrx_word' id='word_1_34' title='bbox 1350 460 1437 509; x_wconf 88' lang='lat' dir='ltr'>vis,</span> 
     </span>
     <span class='ocr_line' id='line_1_7' title="bbox 335 529 1439 577; baseline 0.002 -10"><span class='ocrx_word' id='word_1_35' title='bbox 335 541 407 577; x_wconf 68' lang='lat' dir='ltr'>qua</span> <span class='ocrx_word' id='word_1_36' title='bbox 433 529 601 576; x_wconf 83' lang='lat' dir='ltr'>valebat,</span> <span class='ocrx_word' id='word_1_37' title='bbox 641 529 855 577; x_wconf 86' lang='lat' dir='ltr'>saepissime</span> <span class='ocrx_word' id='word_1_38' title='bbox 893 529 1039 577; x_wconf 86' lang='lat' dir='ltr'>effecit,</span> <span class='ocrx_word' id='word_1_39' title='bbox 1069 539 1134 577; x_wconf 88' lang='lat' dir='ltr'>ut,</span> <span class='ocrx_word' id='word_1_40' title='bbox 1174 529 1260 568; x_wconf 92' lang='lat' dir='ltr'>licet</span> <span class='ocrx_word' id='word_1_41' title='bbox 1291 529 1439 577; x_wconf 81' lang='lat' dir='ltr'>victus,</span> 
     </span>
     <span class='ocr_line' id='line_1_8' title="bbox 336 598 1437 649; baseline 0.004 -14"><span class='ocrx_word' id='word_1_42' title='bbox 336 609 464 637; x_wconf 84' lang='lat' dir='ltr'>omnes</span> <span class='ocrx_word' id='word_1_43' title='bbox 486 607 606 636; x_wconf 89' lang='lat' dir='ltr'>tamen</span> <span class='ocrx_word' id='word_1_44' title='bbox 629 598 667 636; x_wconf 89' lang='lat' dir='ltr'>in</span> <span class='ocrx_word' id='word_1_45' title='bbox 687 598 902 646; x_wconf 86' lang='lat' dir='ltr'>opinionem</span> <span class='ocrx_word' id='word_1_46' title='bbox 928 599 1076 637; x_wconf 87' lang='lat' dir='ltr'>duceret</span> <span class='ocrx_word' id='word_1_47' title='bbox 1100 611 1140 638; x_wconf 88' lang='lat' dir='ltr'>se</span> <span class='ocrx_word' id='word_1_48' title='bbox 1166 600 1330 639; x_wconf 82' lang='lat' dir='ltr'>vicisse:</span> <span class='ocrx_word' id='word_1_49' title='bbox 1359 611 1437 649; x_wconf 92' lang='lat' dir='ltr'>quo</span> 
     </span>
     <span class='ocr_line' id='line_1_9' title="bbox 335 667 1300 719; baseline 0.003 -14"><span class='ocrx_word' id='word_1_50' title='bbox 335 668 496 716; x_wconf 83' lang='lat' dir='ltr'>pertinet</span> <span class='ocrx_word' id='word_1_51' title='bbox 537 667 772 716; x_wconf 85' lang='lat' dir='ltr'>Thucydidis</span> <span class='ocrx_word' id='word_1_52' title='bbox 799 668 970 706; x_wconf 85' lang='lat' dir='ltr'>Milesiae</span> <span class='ocrx_word' id='word_1_53' title='bbox 996 669 1062 706; x_wconf 88' lang='lat' dir='ltr'>filii</span> <span class='ocrx_word' id='word_1_54' title='bbox 1079 670 1189 718; x_wconf 77' lang='lat' dir='ltr'>Jocus</span> <span class='ocrx_word' id='word_1_55' title='bbox 1211 668 1300 719; x_wconf 83' lang='lat'><strong>(3).</strong></span> 
     </span>
     <span class='ocr_line' id='line_1_10' title="bbox 388 737 1440 787; baseline 0.001 -11"><span class='ocrx_word' id='word_1_56' title='bbox 388 738 590 776; x_wconf 83' lang='lat' dir='ltr'>Dubitatur</span> <span class='ocrx_word' id='word_1_57' title='bbox 627 748 918 786; x_wconf 85' lang='lat' dir='ltr'>nonnunquam,</span> <span class='ocrx_word' id='word_1_58' title='bbox 946 747 1069 777; x_wconf 90' lang='lat' dir='ltr'>utrum</span> <span class='ocrx_word' id='word_1_59' title='bbox 1109 739 1265 777; x_wconf 86' lang='lat' dir='ltr'>Pericles</span> <span class='ocrx_word' id='word_1_60' title='bbox 1297 737 1440 787; x_wconf 86' lang='lat' dir='ltr'>aliquid</span> 
     </span>
     <span class='ocr_line' id='line_1_11' title="bbox 338 807 1446 856; baseline 0.003 -12"><span class='ocrx_word' id='word_1_61' title='bbox 338 807 468 855; x_wconf 87' lang='lat' dir='ltr'>scripti</span> <span class='ocrx_word' id='word_1_62' title='bbox 505 808 707 856; x_wconf 84' lang='lat' dir='ltr'>reliquerit.</span> <span class='ocrx_word' id='word_1_63' title='bbox 750 808 811 846; x_wconf 87' lang='lat' dir='ltr'>Ad</span> <span class='ocrx_word' id='word_1_64' title='bbox 834 819 941 855; x_wconf 90' lang='lat' dir='ltr'>quam</span> <span class='ocrx_word' id='word_1_65' title='bbox 978 808 1232 855; x_wconf 86' lang='lat' dir='ltr'>quaestionem</span> <span class='ocrx_word' id='word_1_66' title='bbox 1273 808 1446 847; x_wconf 83' lang='lat' dir='ltr'>dirimen-</span> 
     </span>
     <span class='ocr_line' id='line_1_12' title="bbox 338 876 1444 925; baseline 0.001 -10"><span class='ocrx_word' id='word_1_67' title='bbox 338 878 418 915; x_wconf 88' lang='lat' dir='ltr'>dam</span> <span class='ocrx_word' id='word_1_68' title='bbox 445 887 521 914; x_wconf 88' lang='lat' dir='ltr'>non</span> <span class='ocrx_word' id='word_1_69' title='bbox 555 877 669 914; x_wconf 86' lang='lat' dir='ltr'>multa</span> <span class='ocrx_word' id='word_1_70' title='bbox 705 876 815 914; x_wconf 89' lang='lat' dir='ltr'>nobis</span> <span class='ocrx_word' id='word_1_71' title='bbox 844 889 889 914; x_wconf 84' lang='lat' dir='ltr'>ex</span> <span class='ocrx_word' id='word_1_72' title='bbox 915 877 1133 925; x_wconf 86' lang='lat' dir='ltr'>antiquitate</span> <span class='ocrx_word' id='word_1_73' title='bbox 1172 878 1309 916; x_wconf 91' lang='lat' dir='ltr'>adsunt</span> <span class='ocrx_word' id='word_1_74' title='bbox 1340 879 1444 917; x_wconf 85' lang='lat' dir='ltr'>testi-</span> 
     </span>
     <span class='ocr_line' id='line_1_13' title="bbox 341 946 1445 996; baseline 0.004 -13"><span class='ocrx_word' id='word_1_75' title='bbox 341 946 486 993; x_wconf 84' lang='lat' dir='ltr'>monia,</span> <span class='ocrx_word' id='word_1_76' title='bbox 512 946 729 984; x_wconf 82' lang='lat' dir='ltr'>sufficientia</span> <span class='ocrx_word' id='word_1_77' title='bbox 745 954 890 994; x_wconf 84' lang='lat' dir='ltr'>tamen,</span> <span class='ocrx_word' id='word_1_78' title='bbox 915 956 957 984; x_wconf 90' lang='lat' dir='ltr'>ut</span> <span class='ocrx_word' id='word_1_79' title='bbox 983 956 1091 996; x_wconf 90' lang='lat' dir='ltr'>puto.</span> <span class='ocrx_word' id='word_1_80' title='bbox 1147 948 1313 987; x_wconf 88' lang='lat' dir='ltr'>Fuerunt</span> <span class='ocrx_word' id='word_1_81' title='bbox 1346 948 1445 987; x_wconf 87' lang='lat' dir='ltr'>enim</span> 
     </span>
     <span class='ocr_line' id='line_1_14' title="bbox 340 1015 1444 1064; baseline 0.003 -10"><span class='ocrx_word' id='word_1_82' title='bbox 340 1015 405 1063; x_wconf 89' lang='lat' dir='ltr'>qui</span> <span class='ocrx_word' id='word_1_83' title='bbox 455 1025 627 1064; x_wconf 86' lang='lat' dir='ltr'>putarent</span> <span class='ocrx_word' id='word_1_84' title='bbox 652 1044 665 1063; x_wconf 88' lang='lat'>‚</span> <span class='ocrx_word' id='word_1_85' title='bbox 729 1017 923 1055; x_wconf 86' lang='lat' dir='ltr'>Ciceronis</span> <span class='ocrx_word' id='word_1_86' title='bbox 962 1026 1062 1055; x_wconf 90' lang='lat' dir='ltr'>certe</span> <span class='ocrx_word' id='word_1_87' title='bbox 1108 1027 1226 1056; x_wconf 90' lang='lat' dir='ltr'>aetate</span> <span class='ocrx_word' id='word_1_88' title='bbox 1265 1019 1444 1057; x_wconf 84' lang='lat' dir='ltr'>nonnulla</span> 
     </span>
     <span class='ocr_line' id='line_1_15' title="bbox 340 1085 1445 1135; baseline 0.001 -12"><span class='ocrx_word' id='word_1_89' title='bbox 340 1085 458 1124; x_wconf 86' lang='lat' dir='ltr'>fuisse</span> <span class='ocrx_word' id='word_1_90' title='bbox 492 1086 656 1134; x_wconf 86' lang='lat' dir='ltr'>scripta,</span> <span class='ocrx_word' id='word_1_91' title='bbox 686 1087 814 1125; x_wconf 82' lang='lat' dir='ltr'>Pericli</span> <span class='ocrx_word' id='word_1_92' title='bbox 841 1086 924 1135; x_wconf 85' lang='lat' dir='ltr'>jure</span> <span class='ocrx_word' id='word_1_93' title='bbox 937 1087 1090 1125; x_wconf 88' lang='lat' dir='ltr'>tributa.</span> <span class='ocrx_word' id='word_1_94' title='bbox 1144 1087 1283 1125; x_wconf 81' lang='lat' dir='ltr'>Verum</span> <span class='ocrx_word' id='word_1_95' title='bbox 1310 1098 1357 1126; x_wconf 89' lang='lat' dir='ltr'>ne</span> <span class='ocrx_word' id='word_1_96' title='bbox 1389 1086 1445 1125; x_wconf 89' lang='lat' dir='ltr'>di-</span> 
     </span>
     <span class='ocr_line' id='line_1_16' title="bbox 341 1156 1447 1206; baseline 0.002 -13"><span class='ocrx_word' id='word_1_97' title='bbox 341 1167 418 1193; x_wconf 89' lang='lat' dir='ltr'>cam</span> <span class='ocrx_word' id='word_1_98' title='bbox 436 1183 449 1202; x_wconf 83' lang='lat'><strong>,</strong></span> <span class='ocrx_word' id='word_1_99' title='bbox 494 1156 714 1194; x_wconf 89' lang='lat' dir='ltr'>Ciceronem</span> <span class='ocrx_word' id='word_1_100' title='bbox 743 1156 856 1193; x_wconf 84' lang='lat' dir='ltr'>altero</span> <span class='ocrx_word' id='word_1_101' title='bbox 895 1157 978 1193; x_wconf 92' lang='lat' dir='ltr'>loco</span> <span class='ocrx_word' id='word_1_102' title='bbox 1001 1156 1074 1206; x_wconf 87' lang='lat'>(4)</span> <span class='ocrx_word' id='word_1_103' title='bbox 1098 1156 1198 1194; x_wconf 90' lang='lat' dir='ltr'>aliud</span> <span class='ocrx_word' id='word_1_104' title='bbox 1229 1156 1320 1205; x_wconf 90' lang='lat' dir='ltr'>quid</span> <span class='ocrx_word' id='word_1_105' title='bbox 1351 1166 1447 1196; x_wconf 77' lang='lat' dir='ltr'>trac—-</span> 
     </span>
     <span class='ocr_line' id='line_1_17' title="bbox 343 1226 1443 1275; baseline 0.003 -13"><span class='ocrx_word' id='word_1_106' title='bbox 343 1235 446 1272; x_wconf 85' lang='lat' dir='ltr'>tare,</span> <span class='ocrx_word' id='word_1_107' title='bbox 472 1235 540 1262; x_wconf 90' lang='lat' dir='ltr'>nec</span> <span class='ocrx_word' id='word_1_108' title='bbox 571 1236 698 1262; x_wconf 88' lang='lat' dir='ltr'>vocem</span> <span class='ocrx_word' id='word_1_109' title='bbox 730 1234 892 1263; x_wconf 78' lang='lat' dir='ltr'>constent</span> <span class='ocrx_word' id='word_1_110' title='bbox 917 1226 1005 1263; x_wconf 86' lang='lat' dir='ltr'>adeo</span> <span class='ocrx_word' id='word_1_111' title='bbox 1034 1227 1229 1274; x_wconf 87' lang='lat' dir='ltr'>urgendam</span> <span class='ocrx_word' id='word_1_112' title='bbox 1263 1237 1371 1275; x_wconf 86' lang='lat' dir='ltr'>esse,</span> <span class='ocrx_word' id='word_1_113' title='bbox 1400 1237 1443 1265; x_wconf 90' lang='lat' dir='ltr'>ut</span> 
     </span>
     <span class='ocr_line' id='line_1_18' title="bbox 345 1294 1450 1343; baseline 0.002 -11"><span class='ocrx_word' id='word_1_114' title='bbox 345 1294 480 1333; x_wconf 90' lang='lat' dir='ltr'>Cicero</span> <span class='ocrx_word' id='word_1_115' title='bbox 512 1306 553 1332; x_wconf 90' lang='lat' dir='ltr'>ea</span> <span class='ocrx_word' id='word_1_116' title='bbox 591 1295 751 1332; x_wconf 81' lang='lat' dir='ltr'>indicare</span> <span class='ocrx_word' id='word_1_117' title='bbox 793 1294 982 1342; x_wconf 89' lang='lat' dir='ltr'>voluerit,</span> <span class='ocrx_word' id='word_1_118' title='bbox 1021 1305 1102 1332; x_wconf 90' lang='lat' dir='ltr'>sese</span> <span class='ocrx_word' id='word_1_119' title='bbox 1145 1305 1211 1341; x_wconf 86' lang='lat' dir='ltr'>ea,</span> <span class='ocrx_word' id='word_1_120' title='bbox 1251 1307 1346 1343; x_wconf 90' lang='lat' dir='ltr'>quae</span> <span class='ocrx_word' id='word_1_121' title='bbox 1383 1296 1450 1334; x_wconf 79' lang='lat' dir='ltr'>Pe-</span> 
     </span>
     <span class='ocr_line' id='line_1_19' title="bbox 345 1362 1453 1414; baseline 0.003 -13"><span class='ocrx_word' id='word_1_122' title='bbox 345 1364 446 1403; x_wconf 86' lang='lat' dir='ltr'>riclis</span> <span class='ocrx_word' id='word_1_123' title='bbox 488 1363 637 1402; x_wconf 89' lang='lat' dir='ltr'>nomine</span> <span class='ocrx_word' id='word_1_124' title='bbox 684 1362 891 1410; x_wconf 82' lang='lat' dir='ltr'>ferrentur,</span> <span class='ocrx_word' id='word_1_125' title='bbox 945 1374 1136 1412; x_wconf 87' lang='lat' dir='ltr'>germanos</span> <span class='ocrx_word' id='word_1_126' title='bbox 1190 1365 1270 1414; x_wconf 79' lang='lat' dir='ltr'>ejtis</span> <span class='ocrx_word' id='word_1_127' title='bbox 1314 1365 1453 1414; x_wconf 86' lang='lat' dir='ltr'>ingenii</span> 
     </span>
     <span class='ocr_line' id='line_1_20' title="bbox 344 1432 1449 1483; baseline 0.001 -10"><span class='ocrx_word' id='word_1_128' title='bbox 344 1435 469 1473; x_wconf 84' lang='lat' dir='ltr'>foetus</span> <span class='ocrx_word' id='word_1_129' title='bbox 507 1433 664 1480; x_wconf 84' lang='lat' dir='ltr'>habere,</span> <span class='ocrx_word' id='word_1_130' title='bbox 717 1432 805 1472; x_wconf 87' lang='lat' dir='ltr'>satis</span> <span class='ocrx_word' id='word_1_131' title='bbox 853 1445 1038 1481; x_wconf 84' lang='lat' dir='ltr'>superque</span> <span class='ocrx_word' id='word_1_132' title='bbox 1074 1434 1154 1483; x_wconf 89' lang='lat' dir='ltr'>ipse</span> <span class='ocrx_word' id='word_1_133' title='bbox 1184 1435 1359 1483; x_wconf 87' lang='lat' dir='ltr'>probavit</span> <span class='ocrx_word' id='word_1_134' title='bbox 1391 1447 1449 1474; x_wconf 91' lang='lat' dir='ltr'>se-</span> 
     </span>
     <span class='ocr_line' id='line_1_21' title="bbox 347 1502 1449 1552; baseline 0.004 -10"><span class='ocrx_word' id='word_1_135' title='bbox 347 1504 455 1542; x_wconf 86' lang='lat' dir='ltr'>etiam</span> <span class='ocrx_word' id='word_1_136' title='bbox 488 1504 533 1542; x_wconf 87' lang='lat' dir='ltr'>de</span> <span class='ocrx_word' id='word_1_137' title='bbox 577 1504 634 1542; x_wconf 87' lang='lat' dir='ltr'>his</span> <span class='ocrx_word' id='word_1_138' title='bbox 684 1502 834 1551; x_wconf 88' lang='lat' dir='ltr'>scriptis</span> <span class='ocrx_word' id='word_1_139' title='bbox 872 1502 1063 1552; x_wconf 81' lang='lat' dir='ltr'>dubitare3</span> <span class='ocrx_word' id='word_1_140' title='bbox 1116 1503 1241 1543; x_wconf 87' lang='lat' dir='ltr'>dicens</span> <span class='ocrx_word' id='word_1_141' title='bbox 1269 1529 1449 1545; x_wconf 72' lang='lat'>.....</span> 
     </span>
    </p>
   </div>
   <div class='ocr_carea' id='block_1_4' title="bbox 1388 1576 1456 1613">
    <p class='ocr_par' dir='ltr' id='par_1_4' title="bbox 1388 1576 1456 1613">
     <span class='ocr_line' id='line_1_22' title="bbox 1388 1576 1456 1613; baseline 0 0"><span class='ocrx_word' id='word_1_142' title='bbox 1388 1576 1456 1613; x_wconf 65' lang='lat' dir='ltr'>an-&#39;</span> 
     </span>
    </p>
   </div>
   <div class='ocr_carea' id='block_1_5' title="bbox 353 1693 1461 2252">
    <p class='ocr_par' dir='ltr' id='par_1_5' title="bbox 353 1693 1452 1852">
     <span class='ocr_line' id='line_1_23' title="bbox 353 1693 1452 1737; baseline -0.001 -8"><span class='ocrx_word' id='word_1_143' title='bbox 353 1711 385 1737; x_wconf 85' lang='lat' dir='ltr'>p.</span> <span class='ocrx_word' id='word_1_144' title='bbox 414 1703 477 1735; x_wconf 82' lang='lat'>156.</span> <span class='ocrx_word' id='word_1_145' title='bbox 510 1702 545 1729; x_wconf 83' lang='lat' dir='ltr'>B.</span> <span class='ocrx_word' id='word_1_146' title='bbox 572 1714 608 1721; x_wconf 97' lang='lat'><strong>—</strong></span> <span class='ocrx_word' id='word_1_147' title='bbox 635 1698 726 1728; x_wconf 87' lang='lat' dir='ltr'>Diod.</span> <span class='ocrx_word' id='word_1_148' title='bbox 754 1697 812 1728; x_wconf 85' lang='lat' dir='ltr'>sic.</span> <span class='ocrx_word' id='word_1_149' title='bbox 834 1698 900 1727; x_wconf 82' lang='lat' dir='ltr'>XH.</span> <span class='ocrx_word' id='word_1_150' title='bbox 927 1705 994 1732; x_wconf 82' lang='lat' dir='ltr'>cap.</span> <span class='ocrx_word' id='word_1_151' title='bbox 1019 1705 1067 1735; x_wconf 80' lang='lat'>40.</span> <span class='ocrx_word' id='word_1_152' title='bbox 1102 1696 1228 1726; x_wconf 80' lang='lat' dir='ltr'>Aristid.</span> <span class='ocrx_word' id='word_1_153' title='bbox 1257 1693 1298 1727; x_wconf 84' lang='grc' dir='ltr'>Π.</span> <span class='ocrx_word' id='word_1_154' title='bbox 1326 1705 1358 1733; x_wconf 80' lang='lat' dir='ltr'>p.</span> <span class='ocrx_word' id='word_1_155' title='bbox 1387 1704 1452 1732; x_wconf 76' lang='lat'>13¹·</span> 
     </span>
     <span class='ocr_line' id='line_1_24' title="bbox 353 1754 1451 1796; baseline -0.005 -9"><span class='ocrx_word' id='word_1_156' title='bbox 353 1759 442 1796; x_wconf 70' lang='lat' dir='ltr'><strong>Jcbb.</strong></span> <span class='ocrx_word' id='word_1_157' title='bbox 469 1771 505 1778; x_wconf 90' lang='lat'>—</span> <span class='ocrx_word' id='word_1_158' title='bbox 525 1757 625 1786; x_wconf 84' lang='lat' dir='ltr'>schol.</span> <span class='ocrx_word' id='word_1_159' title='bbox 644 1756 770 1784; x_wconf 84' lang='lat' dir='ltr'>Aristid.</span> <span class='ocrx_word' id='word_1_160' title='bbox 797 1763 827 1790; x_wconf 86' lang='lat' dir='ltr'>p.</span> <span class='ocrx_word' id='word_1_161' title='bbox 851 1763 914 1791; x_wconf 87' lang='lat'><strong>195.</strong></span> <span class='ocrx_word' id='word_1_162' title='bbox 939 1754 1071 1783; x_wconf 83' lang='lat' dir='ltr'>Fromm.</span> <span class='ocrx_word' id='word_1_163' title='bbox 1089 1764 1136 1778; x_wconf 84' lang='lat'>—</span> <span class='ocrx_word' id='word_1_164' title='bbox 1153 1754 1273 1784; x_wconf 86' lang='lat' dir='ltr'>Theon.</span> <span class='ocrx_word' id='word_1_165' title='bbox 1293 1757 1451 1790; x_wconf 76' lang='lat' dir='ltr'>Progymm</span> 
     </span>
     <span class='ocr_line' id='line_1_25' title="bbox 356 1814 600 1852; baseline -0.012 -7"><span class='ocrx_word' id='word_1_166' title='bbox 356 1824 387 1850; x_wconf 88' lang='lat' dir='ltr'>p.</span> <span class='ocrx_word' id='word_1_167' title='bbox 412 1825 465 1852; x_wconf 77' lang='lat'>¹04</span> <span class='ocrx_word' id='word_1_168' title='bbox 495 1814 600 1843; x_wconf 81' lang='lat' dir='ltr'>Heius.</span> 
     </span>
    </p>

    <p class='ocr_par' dir='ltr' id='par_1_6' title="bbox 357 1869 1461 2079">
     <span class='ocr_line' id='line_1_26' title="bbox 394 1869 1453 1909; baseline -0.003 -8"><span class='ocrx_word' id='word_1_169' title='bbox 394 1873 446 1909; x_wconf 77' lang='grc' dir='ltr'>(ι)</span> <span class='ocrx_word' id='word_1_170' title='bbox 467 1874 547 1900; x_wconf 84' lang='lat' dir='ltr'>Plut.</span> <span class='ocrx_word' id='word_1_171' title='bbox 565 1870 595 1898; x_wconf 90' lang='lat' dir='ltr'>in</span> <span class='ocrx_word' id='word_1_172' title='bbox 611 1872 678 1899; x_wconf 85' lang='lat' dir='ltr'>Per.</span> <span class='ocrx_word' id='word_1_173' title='bbox 705 1878 771 1905; x_wconf 81' lang='lat' dir='ltr'>cap.</span> <span class='ocrx_word' id='word_1_174' title='bbox 793 1879 840 1906; x_wconf 80' lang='lat'>39.</span> <span class='ocrx_word' id='word_1_175' title='bbox 863 1878 894 1905; x_wconf 84' lang='lat' dir='ltr'>p.</span> <span class='ocrx_word' id='word_1_176' title='bbox 920 1878 983 1904; x_wconf 81' lang='lat'>173.</span> <span class='ocrx_word' id='word_1_177' title='bbox 1006 1869 1087 1897; x_wconf 89' lang='lat' dir='ltr'><strong>C.-—</strong></span> <span class='ocrx_word' id='word_1_178' title='bbox 1107 1870 1232 1898; x_wconf 87' lang='lat' dir='ltr'>Consol.</span> <span class='ocrx_word' id='word_1_179' title='bbox 1253 1869 1289 1897; x_wconf 85' lang='lat' dir='ltr'>ad</span> <span class='ocrx_word' id='word_1_180' title='bbox 1307 1870 1453 1904; x_wconf 68' lang='lat' dir='ltr'>Apollon-</span> 
     </span>
     <span class='ocr_line' id='line_1_27' title="bbox 357 1925 1456 1965; baseline -0.005 -7"><span class='ocrx_word' id='word_1_181' title='bbox 357 1938 425 1965; x_wconf 86' lang='lat' dir='ltr'>cap.</span> <span class='ocrx_word' id='word_1_182' title='bbox 440 1928 696 1964; x_wconf 71' lang='lat' dir='ltr'><strong>33.p.118.D.-</strong></span> <span class='ocrx_word' id='word_1_183' title='bbox 708 1928 803 1955; x_wconf 82' lang='lat' dir='ltr'>Valer.</span> <span class='ocrx_word' id='word_1_184' title='bbox 817 1928 896 1955; x_wconf 65' lang='lat' dir='ltr'>Max.</span> <span class='ocrx_word' id='word_1_185' title='bbox 908 1928 943 1955; x_wconf 85' lang='lat' dir='ltr'>V.</span> <span class='ocrx_word' id='word_1_186' title='bbox 961 1934 1027 1960; x_wconf 83' lang='lat' dir='ltr'>cap.</span> <span class='ocrx_word' id='word_1_187' title='bbox 1058 1935 1105 1955; x_wconf 87' lang='lat'>10.</span> <span class='ocrx_word' id='word_1_188' title='bbox 1123 1926 1247 1955; x_wconf 83' lang='lat' dir='ltr'>Extern.</span> <span class='ocrx_word' id='word_1_189' title='bbox 1267 1933 1337 1955; x_wconf 87' lang='lat'>1.—</span> <span class='ocrx_word' id='word_1_190' title='bbox 1353 1925 1456 1960; x_wconf 84' lang='lat' dir='ltr'>Scrip-</span> 
     </span>
     <span class='ocr_line' id='line_1_28' title="bbox 358 1981 1461 2019; baseline -0.004 -5"><span class='ocrx_word' id='word_1_191' title='bbox 358 1994 456 2015; x_wconf 86' lang='lat' dir='ltr'>torum</span> <span class='ocrx_word' id='word_1_192' title='bbox 475 1987 561 2019; x_wconf 85' lang='lat' dir='ltr'>loca,</span> <span class='ocrx_word' id='word_1_193' title='bbox 590 1984 642 2011; x_wconf 86' lang='lat' dir='ltr'>ubi</span> <span class='ocrx_word' id='word_1_194' title='bbox 656 1990 768 2011; x_wconf 85' lang='lat' dir='ltr'>tantum</span> <span class='ocrx_word' id='word_1_195' title='bbox 785 1982 942 2017; x_wconf 83' lang='lat' dir='ltr'>Olympius</span> <span class='ocrx_word' id='word_1_196' title='bbox 958 1990 1102 2019; x_wconf 82' lang='lat' dir='ltr'>vocatur,</span> <span class='ocrx_word' id='word_1_197' title='bbox 1123 1983 1204 2011; x_wconf 87' lang='lat' dir='ltr'>nulla</span> <span class='ocrx_word' id='word_1_198' title='bbox 1227 1981 1315 2017; x_wconf 87' lang='lat' dir='ltr'>hujus</span> <span class='ocrx_word' id='word_1_199' title='bbox 1340 1981 1386 2011; x_wconf 85' lang='lat' dir='ltr'>rei</span> <span class='ocrx_word' id='word_1_200' title='bbox 1407 1989 1461 2011; x_wconf 62' lang='lat' dir='ltr'>ex-¹</span> 
     </span>
     <span class='ocr_line' id='line_1_29' title="bbox 359 2040 980 2079; baseline -0.002 -8"><span class='ocrx_word' id='word_1_201' title='bbox 359 2042 521 2079; x_wconf 85' lang='lat' dir='ltr'>p·icatione</span> <span class='ocrx_word' id='word_1_202' title='bbox 539 2041 654 2075; x_wconf 87' lang='lat' dir='ltr'>addita,</span> <span class='ocrx_word' id='word_1_203' title='bbox 673 2040 765 2068; x_wconf 80' lang='lat' dir='ltr'>citare</span> <span class='ocrx_word' id='word_1_204' title='bbox 784 2041 980 2075; x_wconf 81' lang='lat' dir='ltr'>supersedeo.</span> 
     </span>
    </p>

    <p class='ocr_par' dir='ltr' id='par_1_7' title="bbox 396 2097 830 2137">
     <span class='ocr_line' id='line_1_30' title="bbox 396 2097 830 2137; baseline -0.007 -9"><span class='ocrx_word' id='word_1_205' title='bbox 396 2101 446 2137; x_wconf 73' lang='grc' dir='ltr'>(ε)</span> <span class='ocrx_word' id='word_1_206' title='bbox 469 2097 649 2127; x_wconf 84' lang='lat' dir='ltr'>Themistius</span> <span class='ocrx_word' id='word_1_207' title='bbox 670 2097 712 2125; x_wconf 91' lang='lat'>11.</span> <span class='ocrx_word' id='word_1_208' title='bbox 730 2105 760 2131; x_wconf 92' lang='lat' dir='ltr'>p.</span> <span class='ocrx_word' id='word_1_209' title='bbox 783 2105 830 2132; x_wconf 66' lang='lat'>37«</span> 
     </span>
    </p>

    <p class='ocr_par' dir='ltr' id='par_1_8' title="bbox 396 2155 761 2194">
     <span class='ocr_line' id='line_1_31' title="bbox 396 2155 761 2194; baseline -0.003 -9"><span class='ocrx_word' id='word_1_210' title='bbox 396 2160 447 2194; x_wconf 79' lang='lat'>(3)</span> <span class='ocrx_word' id='word_1_211' title='bbox 468 2156 557 2184; x_wconf 79' lang='lat' dir='ltr'>Conf-</span> <span class='ocrx_word' id='word_1_212' title='bbox 579 2156 636 2183; x_wconf 76' lang='lat' dir='ltr'>obs</span> <span class='ocrx_word' id='word_1_213' title='bbox 653 2155 761 2184; x_wconf 82' lang='lat' dir='ltr'><em>XXII.</em></span> 
     </span>
    </p>

    <p class='ocr_par' dir='ltr' id='par_1_9' title="bbox 400 2213 852 2252">
     <span class='ocr_line' id='line_1_32' title="bbox 400 2213 852 2252; baseline -0.002 -10"><span class='ocrx_word' id='word_1_214' title='bbox 400 2214 450 2252; x_wconf 71' lang='lat'>(4)</span> <span class='ocrx_word' id='word_1_215' title='bbox 473 2215 516 2242; x_wconf 86' lang='lat' dir='ltr'>De</span> <span class='ocrx_word' id='word_1_216' title='bbox 539 2215 624 2242; x_wconf 87' lang='lat' dir='ltr'>Orat.</span> <span class='ocrx_word' id='word_1_217' title='bbox 646 2213 682 2241; x_wconf 85' lang='lat'>11.</span> <span class='ocrx_word' id='word_1_218' title='bbox 708 2220 773 2247; x_wconf 81' lang='lat' dir='ltr'>cap.</span> <span class='ocrx_word' id='word_1_219' title='bbox 805 2215 852 2241; x_wconf 67' lang='lat'>22.</span> 
     </span>
    </p>
   </div>
  </div>
 </body>
</html>
