1523 2745
229 183 278 222 54
435 165 1100 217 οοΜΜΕΝΊχΑΤιο

229 281 307 328 ris,
334 280 380 318 ab
411 279 608 317 immodico
643 288 772 318 sumtu
799 287 840 317 ut
871 279 938 326 qui
973 279 1129 317 maxime
1166 279 1334 327 alienus;

233 351 336 398 quod
369 350 486 388 sensit
518 350 597 398 ejus
628 349 726 387 filius
750 350 1015 398 Xanthippus,
1044 351 1108 397 qui
1132 362 1246 398 quum
1273 363 1338 400 pe·

231 420 406 466 cuniam,
446 419 560 467 patris
598 419 748 456 nomine
773 431 880 466 quam
915 427 1080 458 mutuam
1120 430 1339 469 acceperat,

232 490 383 527 reddere
411 500 487 527 non
513 498 669 537 posset,
706 489 751 527 ab
786 490 872 539 ipso
900 500 1096 539 propterea
1117 491 1156 528 in
1180 491 1244 540 jus
1271 502 1342 530 vo-

233 569 338 599 catus
363 570 419 597 est
437 560 521 608 (1).

285 631 339 669 Et
361 641 407 668 ne
441 629 600 668 fortasse
635 638 870 678 putaremus,
899 641 919 667 e
953 631 1140 669 contrario
1165 643 1249 670 eum
1286 632 1344 670 ni-

235 699 330 738 miae
359 700 606 748 parcimoniae
640 699 733 737 vitio
767 700 978 747 laborasse,
1006 710 1130 739 vetant
1156 713 1222 748 ea,
1251 713 1346 749 quae

235 779 427 807 narrantur
438 770 483 807 de
493 771 571 819 ejus
591 770 807 808 liberalitate
820 798 833 818 ,
848 770 1015 819 profecta
1024 782 1101 809 non
1116 771 1161 809 ab
1186 780 1347 810 ostenta-

239 840 364 887 tione,
393 841 459 878 sed
485 852 529 877 ex
556 840 686 877 intimo
706 840 814 878 animi
842 852 969 881 sensu.
1009 841 1158 890 Opibus
1175 841 1236 879 ille
1268 840 1348 880 suis

237 910 479 948 succurrebat
501 911 704 948 multorum
737 911 913 960 inopiae3
943 919 978 949 et
1010 923 1123 959 quum
1149 911 1347 960 aliquando

239 979 403 1027 optimus
443 979 614 1027 magister
654 981 922 1029 Anaxagoras,
977 990 1018 1020 ut
1050 983 1187 1020 nimius
1227 993 1347 1020 rerum

238 1049 477 1086 humanarum
509 1057 745 1098 contemptor
768 1050 841 1100 (α)
868 1060 903 1088 et
918 1052 1117 1100 superbior
1150 1064 1257 1100 quam
1286 1053 1350 1100 qui

240 1118 397 1155 aliorum
425 1130 532 1166 opem
566 1120 780 1167 invocaret,
808 1121 913 1158 senio
949 1130 984 1158 et
1021 1122 1163 1160 miseria
1201 1122 1353 1160 confec·

239 1195 333 1233 tus,
360 1188 478 1225 inedia
512 1188 623 1227 vitam
651 1189 754 1227 finire
793 1199 994 1238 statuerat,
1030 1202 1154 1240 gratus
1189 1193 1355 1242 discipu-

239 1257 324 1304 lus,
365 1257 435 1295 etsi
474 1267 679 1306 occupatus
705 1260 863 1308 negotiis
889 1262 1115 1308 gravissimis
1131 1290 1144 1310 ‚
1171 1264 1351 1302 continuo

242 1339 326 1366 eum
360 1327 474 1376 adiit,
505 1339 551 1365 ne
574 1328 611 1366 in
635 1330 795 1367 consilio
816 1338 993 1378 suscepto
1016 1341 1201 1380 maneret,
1229 1345 1356 1381 preca-

243 1405 333 1435 tus:
364 1399 423 1436 cui
451 1407 540 1436 tunc
564 1399 701 1447 opibus
722 1399 801 1437 suis
825 1411 902 1438 non
926 1400 1090 1440 defuisse
1106 1430 1119 1449 ,
1146 1403 1215 1440 etsi
1240 1403 1355 1442 diser-

244 1469 293 1507 tis
323 1468 446 1507 verbis
467 1479 486 1506 a
506 1471 704 1508 Plutarcho
733 1481 810 1509 non
836 1470 1006 1519 dicatur,
1033 1481 1166 1510 nostro
1195 1474 1353 1522 quodam

241 1542 324 1597 J'ure
347 1540 622 1583 contendimus·

742 1694 781 1740 §·
811 1705 846 1741 3.

301 1831 392 1870 Non
407 1832 552 1871 difficile
566 1832 664 1871 foret
681 1861 695 1880 ,
718 1832 866 1871 aliunde
884 1833 992 1871 etiam
1017 1834 1181 1882 exempla
1202 1843 1363 1872 arcesse·

249 1914 288 1940 re
330 1904 427 1952 (3),
478 1914 571 1950 quae
618 1897 773 1950 reliquis
812 1903 1070 1942 deficientibus
1110 1903 1364 1953 testimoniis,

248 1972 428 2028 jtistitiam
462 1972 508 2011 ab
538 1984 584 2011 eo
622 1974 757 2011 cultam
792 1973 939 2021 fuisse,
977 1973 1065 2013 satis
1104 1974 1361 2013 ostenderent:

1261 2055 1363 2085 nunc

293 2124 345 2161 (1)
366 2127 448 2156 Plut.
468 2127 535 2157 Per.
555 2129 604 2163 36.

294 2182 346 2220 (ο)
363 2184 442 2213 Plut.
461 2185 529 2213 Per.
555 2189 599 2215 16.
619 2186 702 2215 Plato
721 2186 813 2223 Hipp.
834 2187 907 2221 Mai.
927 2195 960 2222 p.
986 2189 1053 2222 283.
1076 2189 1115 2216 A.

295 2240 348 2278 (g)
369 2241 407 2269 V.
430 2249 458 2268 c.
480 2241 584 2275 Lysiae
602 2251 628 2272 c.
646 2244 767 2274 Andoc.
793 2254 822 2280 2·
840 2251 870 2274 et
887 2253 913 2277 c.
929 2243 1064 2274 Nicostr.
1083 2255 1111 2280 7.
