1502 2767
331 172 935 214 -THEOLOG10A.
1151 186 1196 223 77

102 283 256 323 maxime
291 283 366 332 agit
408 292 449 321 ut
488 283 654 322 homines
691 285 845 322 morales
886 283 983 321 vires
1022 284 1201 334 explicare

99 354 259 392 discant.
326 353 468 401 Scripta
502 353 606 391 Novi
638 354 812 392 Foederis
848 361 1040 402 praecepta
1079 354 1201 391 conti-

107 433 220 470 nent‘,
244 424 318 461 huc
345 422 578 471 pertinentia.
608 423 708 461 Haec
740 433 858 462 autem
879 423 1113 473 proverbiis,
1134 425 1203 473 hy-

100 493 288 542 perbolica
314 493 480 540 ratione,
515 504 623 541 saepe
649 494 788 542 prolata
812 502 913 532 sunt.
938 517 988 524 —
1007 493 1200 542 Jamvero

101 564 296 611 homines,
319 563 450 602 misere
478 575 585 611 saepe
609 563 797 614 instituti,
823 574 930 602 verae
963 573 1061 601 certe
1091 564 1204 601 inter-

97 633 264 681 pretandi
294 633 446 671 rationis
479 634 623 682 ignari,
662 634 786 672 indole
818 634 863 671 ad
896 633 1142 672 austeritatem
1166 641 1202 670 et

100 714 243 741 morum
274 703 504 741 severitatem
531 706 649 752 prona
674 705 874 750 instructi,
901 714 1105 751 temporum
1136 720 1200 744 πε-

99 775 300 823 ριστάσεσιν
333 774 531 822 oppressi,
569 775 613 811 ad
642 774 730 812 haec
765 774 900 822 scripta
927 775 1075 822 legenda
1101 783 1207 812 acce-

102 843 222 891 dunt,
264 852 306 881 ut
332 844 437 891 inde,
478 843 570 891 quid
591 843 672 880 *sibi
707 844 884 892 agendum
913 843 1204 881 omittendumve

98 912 174 959 sit,
213 921 455 960 cognoscant.
508 913 568 950 An
601 913 730 949 mirum
749 940 762 958 ,
799 913 971 959 inquam,
999 914 1098 959 hos,
1129 913 1203 950 sibi

101 981 209 1020 unice
242 981 470 1029 spiritualem
504 981 615 1018 vitam
652 982 842 1019 vivendam
871 992 951 1018 esse
976 981 1203 1029 credidisse,

100 1059 136 1088 et
168 1061 252 1087 sese
280 1061 301 1087 a
330 1050 442 1087 rebus
466 1050 687 1097 mundanis,
715 1058 753 1088 et
781 1050 984 1097 omnibus,
1012 1062 1108 1099 quae
1138 1053 1204 1090 tali

99 1120 197 1157 vitae
241 1119 425 1168 spirituali
476 1131 553 1157 non
601 1119 845 1157 convenirent
868 1148 883 1168 ,
934 1120 1158 1160 abstinuisse
1180 1121 1203 1161 :2

98 1189 247 1240 Quodsi
271 1189 434 1238 primarii
467 1190 640 1228 doctores
669 1189 707 1227 in
740 1190 805 1227 tali
829 1198 967 1228 starent
998 1191 1203 1240 opinione,

97 1270 206 1297 nemo
233 1268 320 1297 sane
345 1259 566 1307 mirabitur,
595 1259 764 1298 homines
800 1260 1063 1308 Christianos,
1088 1262 1206 1300 maxi-

97 1341 190 1368 mam
215 1337 353 1377 partem
388 1328 599 1377 simplices,
626 1330 774 1368 illorum
801 1330 967 1379 vestigiis
993 1331 1201 1380 institisse,

96 1409 133 1438 et
166 1399 304 1437 bellum
331 1410 455 1447 gerere
476 1399 548 1436 sibi
574 1399 743 1437 illicitum
771 1400 969 1439 censuisse.

106 1486 108 1491 ⁸
149 1469 225 1508 Has
257 1481 342 1506 suas
372 1469 416 1506 de
439 1480 553 1517 regno
580 1470 772 1507 Messiano
803 1470 957 1518 ejusque
980 1470 1116 1509 civium
1144 1469 1202 1509 of-

97 1538 193 1577 ficiis
226 1547 392 1577 veterum
425 1539 562 1576 Vatum
593 1540 752 1577 oraculis
776 1539 985 1578 confirmari
1004 1540 1201 1589 putabant.

100 1609 211 1648 Fama
231 1609 304 1647 huc
326 1608 520 1647 accedebat
536 1637 548 1656 ,
564 1617 739 1647 terrarum
769 1609 1020 1659 orbem,Jesu
1046 1611 1201 1649 Christo

98 1687 298 1725 nascente,
335 1687 528 1727 pacatum,
560 1687 597 1716 et
636 1688 832 1727 propterea
865 1680 1035 1727 Romae,
1090 1692 1204 1729 penes

99 1759 207 1794 quam
241 1747 327 1786 belli
351 1759 392 1786 ac
417 1749 517 1796 pacis
541 1748 730 1788 arbitrium
756 1758 858 1797 erat,
882 1750 954 1799 J‘am
980 1749 1080 1789 fores
1103 1752 1204 1790 clau-

99 1827 158 1855 sas
189 1814 310 1855 fuisse
335 1817 420 1866 (1).

1099 1890 1202 1930 Iiaec

132 2004 187 2043 (ι)
207 2005 398 2041 Orosius,
427 2006 573 2035 adversas
601 2001 760 2044 Paganos,
787 2007 876 2039 Libr.
897 2010 962 2038 vn.
988 2010 1063 2045 Cap.
1085 2020 1112 2040 2.
1131 2018 1202 2046 pag.

97 2064 168 2099 4⁵⁶·
189 2064 239 2094 ed.
258 2065 298 2091 A.
322 2064 487 2093 Havete.
501 2083 512 2098 ,
534 2065 571 2093 de
587 2073 666 2093 anno
682 2066 754 2103 Jesu
771 2065 883 2103 C‘hristi
899 2066 988 2095 natali
1004 2075 1110 2102 agens,
1127 2068 1204 2096 haec

98 2118 204 2147 habet:
226 2139 250 2155 „
269 2120 325 2156 que·
338 2129 456 2157 annus,
478 2122 625 2158 quunn's,
649 2131 736 2158 quam
756 2124 1020 2160 novis,quamqu
1036 2124 1203 2152 inusitatis

95 2192 121 2210 ,‚
140 2176 223 2204 bonis
241 2177 468 2214 abundaverit,
488 2179 590 2213 satis,
610 2188 653 2206 me
669 2180 764 2206 oetam
782 2189 838 2207 non
851 2180 1051 2216 proferente,
1071 2165 1203 2216 compn-

96 2248 124 2266 „
143 2236 206 2260 nn
222 2231 331 2262 haberi
347 2235 513 2270 σοφίη-ης
536 2241 598 2264 ron
621 2241 780 2264 terrarum
801 2238 871 2265 orbe
893 2239 1032 2276 iana-,pax
1052 2238 1202 2272 omniun,

1144 2305 1199 2323 non
