1502 2767
213 141 262 208 72
421 156 1080 200 COMMENTATIO

211 278 329 308 omncs
362 264 530 305 homines
567 267 674 305 nulla
710 266 750 305 in
777 277 818 305 re
849 267 895 305 ab
924 266 1067 317 justitia
1090 278 1131 307 ac
1165 268 1316 308 caritate

213 337 423 379 discedant:
478 336 564 384 quis
593 336 761 384 dubitet,
797 337 888 384 quin
919 336 1018 375 illam
1047 348 1319 388 consequamur

214 418 338 455 pacem
367 405 463 457 (1)!

698 586 734 632 ς.
789 596 849 633 13.

291 746 368 798 Qui
385 756 516 800 pacem
541 757 693 801 sperant
717 758 913 790 aeternam
930 778 944 801 ‚
959 750 1072 801 finem
1098 754 1246 795 minime

592 821 761 870 consequi
778 831 946 874 possunt.

266 977 334 1016 Illa
357 976 538 1024 consilia,
566 975 704 1024 quibus
731 987 802 1024 pax
827 983 1037 1015 nasceretur
1060 985 1226 1026 aeterna,
1253 978 1325 1017 uti-

217 1059 301 1087 nam
334 1047 461 1096 perfici
501 1054 656 1096 possent
682 1045 776 1095 (2)!
808 1046 1071 1085 Henricus
1107 1048 1176 1086 IV.
1204 1059 1328 1098 spera-

217 1117 274 1156 vit
301 1116 412 1164 fore,
440 1124 482 1155 ut
522 1117 583 1154 illa
609 1117 866 1155 tantummodo
897 1129 962 1165 per
996 1118 1142 1168 longum
1178 1126 1327 1167 tempus

218 1188 348 1226 multis
374 1188 412 1224 in
435 1186 650 1234 regionibus
673 1185 937 1226 dominaretur.
990 1187 1141 1225 Kanti
1157 1199 1179 1225 u
1194 1198 1211 1225 s
1234 1187 1325 1236 ille,

221 1256 391 1305 quamvis
426 1264 530 1294 antea
564 1255 665 1303 pacis
708 1264 873 1294 aeternae
911 1265 1085 1295 strenuus
1121 1255 1322 1305 defensor,

219 1326 393 1374 deinceps
442 1336 566 1373 pacem
604 1326 710 1363 talem
745 1325 924 1364 constitui
956 1336 1034 1364 non
1066 1338 1178 1376 posse
1217 1329 1328 1366 aesti-

220 1396 334 1434 mavit
371 1395 456 1446 (3).
534 1395 710 1434 Gentium
752 1395 922 1444 Foedus,
968 1407 1045 1445 quo
1082 1405 1190 1445 pacto
1229 1409 1328 1436 sem-

221 1478 287 1514 per
316 1474 353 1504 et
392 1465 533 1513 ubique
565 1477 636 1514 pax
659 1465 827 1514 floreret,
855 1465 965 1504 habet
1006 1466 1099 1505 Kru
1110 1466 1219 1514 gius
1255 1467 1323 1519 (4)

1268 1538 1324 1579 in·

260 1659 311 1695 (ι)
333 1659 398 1688 Hos
424 1665 484 1688 tres
507 1658 590 1694 pacis
619 1659 849 1694 consequendae
879 1665 1017 1688 aeternae
1050 1662 1158 1690 modos
1180 1662 1326 1698 exposuit

224 1715 492 1750 Tzschirner,
513 1716 589 1742 iiber
610 1715 665 1742 den
686 1715 804 1750 Krieg,
823 1722 857 1750 p·
880 1721 928 1751 59.
955 1723 1021 1750 seq.
1045 1722 1075 1745 et
1099 1716 1196 1746 minus
1217 1719 1327 1753 proha-

223 1773 268 1801 νὴ
297 1771 343 1808 (p.
367 1775 417 1802 60.
440 1771 575 1806 innota)
613 1771 700 1799 aliam
723 1779 776 1799 eos
796 1771 970 1806 exponendi
988 1772 1151 1808 rationem,
1175 1782 1262 1810 quam
1280 1784 1328 1805 se-

223 1836 311 1859 cutus
335 1836 381 1857 est
405 1828 620 1857 Zachariae
650 1827 682 1855 in
707 1829 830 1867 Janus,
857 1828 962 1864 Leipz.
991 1832 1075 1860 1802.
1099 1839 1132 1866 p.
1155 1840 1202 1860 21·
1225 1841 1276 1866 25·

261 1886 314 1922 (2)
335 1885 514 1920 Embser,
550 1885 744 1920 (Abgb‘thery
786 1893 907 1915 anseres
933 1887 1194 1923 philosophischen
1228 1891 1327 1928 Jahr-

224 1943 384 1971 hunderts.
419 1959 466 1964 -—
509 1941 625 1970 Eruet·
650 1943 782 1978 Abgott.
812 1943 936 1979 Em‘ger
967 1942 1096 1981 Fn‘ede)
1115 1953 1219 1980 pacem
1243 1947 1326 1977 illam

225 1999 371 2028 constitui
396 2007 457 2027 non
482 2006 572 2033 posse
597 1998 710 2027 habuit.

263 2057 313 2093 (3)
336 2056 385 2084 ef.
405 2056 648 2091 Metaphysn‘sche
672 2056 932 2092 Anfangsgrunde
961 2058 1016 2085 der
1044 2059 1264 2098 Rechtslehn,
1291 2071 1323 2099 p.

228 2122 301 2148 251,
322 2118 392 2146 257.
415 2100 507 2141 altera
530 2112 578 2141 ed.

268 2171 321 2208 (4)
341 2169 412 2199 Vid.
441 2169 641 2206 Aphom‘smen
667 2178 726 2198 zur
756 2170 949 2208 Philosophia·
971 2172 1021 2201 dot
1043 2174 1174 2212 Rechts,
1197 2179 1227 2207 Β.
1244 2179 1267 2208 1.
1293 2187 1326 2216 p.

231 2229 297 2260 166.
