1564 2750
353 171 425 210 106
577 162 1244 207 COMMENTATIO

99 229 199 264 sectio
208 230 247 260 11.
264 226 295 269 §.
307 234 336 262 8.

347 287 487 325 torem,
536 277 634 325 qui,
675 285 763 325 post
799 284 937 325 partam
967 275 1187 323 victoriam,
1237 275 1462 325 publiceque

345 350 512 388 laudatos
540 347 789 396 periculorum
827 345 951 384 socios
988 346 1135 395 praeliis
1169 346 1354 393 amissos,
1383 356 1463 383 om-

345 418 448 457 nium
491 417 659 456 certatim
709 416 908 463 laudibus,
945 416 1094 455 coronis
1130 415 1312 463 vittisque
1355 426 1462 453 orne-

344 497 434 536 tur;
474 499 602 527 verum
631 487 768 525 interea
802 486 846 524 ab
878 485 1055 534 inimico,
1082 486 1176 524 hanc
1208 485 1281 534 ipsi
1307 485 1460 532 gloriam

345 559 561 605 invidente,
613 555 966 605 exprobrationibus
999 564 1114 604 atque
1155 553 1460 593 insultationibus

343 627 525 666 irritetur.
576 626 750 677 Quodsi,
778 635 820 665 ut
850 627 941 664 alter
974 625 1180 674 Horatius,
1207 636 1253 663 ne
1272 637 1292 664 a
1316 624 1460 663 sororis

345 697 492 745 quidem
533 697 642 735 caede
687 696 892 743 abstineat,
935 696 1019 743 quis
1059 696 1128 734 erit
1165 695 1232 743 qui
1271 694 1456 734 miretur?

343 767 406 805 Eo
443 776 565 805 autem
603 766 854 806 admirabilior
898 766 1014 805 nobis
1054 764 1244 815 apparebit
1273 765 1460 812 Pericles,

343 835 410 874 ubi
447 836 643 885 Elpinicen
683 836 757 875 levi
785 836 1101 875 animadversione
1135 835 1181 873 ab
1208 846 1253 872 eo
1281 834 1458 873 monitam

343 908 625 954 comperimus,
679 906 919 955 paucissimis
970 905 1095 946 verbis
1146 906 1247 944 nulla
1298 902 1460 953 graviori

339 976 585 1024 castigatione
639 976 776 1015 addita.
864 977 957 1016 Non
1004 977 1137 1025 loquar
1185 976 1230 1014 de
1289 985 1460 1013 mansue-

340 1046 494 1093 tudine,
546 1057 620 1094 qua
651 1046 897 1085 Comicorum
932 1046 1150 1093 maledicta,
1203 1044 1457 1083 inimicorum-

340 1127 414 1163 que
441 1115 640 1154 calumnias
677 1116 853 1164 pertulit;
910 1116 1098 1164 pertinent
1132 1115 1228 1153 enim
1260 1115 1349 1152 haec
1381 1124 1458 1151 ma·

339 1184 396 1234 gis
425 1186 471 1223 ad
493 1185 604 1224 vitam
642 1186 852 1234 publicam,
883 1185 921 1224 in
954 1197 1026 1234 qua
1060 1185 1316 1236 dijudicanda,
1343 1183 1458 1222 multa

340 1255 569 1294 observanda
596 1265 715 1302 sunt,
764 1257 809 1294 de
844 1256 1011 1303 quibus,
1048 1256 1080 1293 si
1113 1255 1225 1293 rebus
1255 1253 1348 1303 ipsis
1379 1262 1458 1291 non

336 1324 579 1373 interfueris,
605 1325 782 1363 affirmare
813 1335 890 1362 non
922 1324 1076 1373 possis,
1104 1332 1228 1362 utrum
1257 1334 1304 1361 ex
1327 1321 1457 1360 intima

335 1396 529 1434 hominum
577 1404 726 1443 mente,
777 1405 824 1432 an
863 1406 911 1433 ex
947 1393 1028 1433 aliis
1070 1393 1293 1442 quibusdam
1328 1392 1455 1431 causis.

334 1465 411 1504 sint
446 1465 675 1515 explicanda.

383 1536 556 1575 Humana
596 1535 750 1574 minoris
794 1535 959 1582 ducens,
1012 1545 1123 1583 quam
1160 1544 1254 1581 quae
1290 1531 1453 1581 animum¹

332 1607 408 1644 ulla
461 1606 741 1656 perturbatione
793 1605 980 1652 afficiant,
1032 1613 1143 1653 atque
1193 1605 1448 1652 Anaxagoram

332 1677 400 1716 hac
445 1681 484 1715 in
515 1689 554 1715 re
590 1685 766 1724 tanquam
816 1676 1025 1723 exemplum
1070 1674 1219 1712 intuens
1261 1671 1356 1722 (1),
1409 1671 1449 1709 in

331 1746 447 1784 risum
485 1758 554 1785 nec
584 1745 753 1784 lacrimas
799 1756 991 1794 erumpere
1036 1744 1201 1791 solebat3
1245 1743 1311 1781 sed
1345 1753 1443 1780 sem-

331 1829 399 1865 per
442 1818 572 1855 eodem
621 1817 766 1865 placido
809 1816 988 1865 gravique
1036 1815 1145 1854 vultu
1193 1811 1448 1862 conspicieba-

331 1896 394 1925 tur
429 1888 522 1937 (2);
575 1895 689 1935 atque
733 1887 788 1924 uti
838 1886 878 1924 in
934 1885 1066 1923 ceteris
1117 1883 1293 1924 Periclem
1349 1883 1450 1921 inter>

1371 1953 1449 1991 cla-

368 2077 426 2116 (1)
447 2078 567 2108 Aelian.
587 2080 628 2107 V.
649 2078 688 2105 H·
709 2077 779 2105 Lib.
789 2076 864 2105 vm.
885 2082 951 2110 cap.
967 2082 1015 2111 13.
1034 2083 1075 2093 —
1094 2071 1188 2108 Diog.
1202 2073 1303 2101 Laert.
1319 2070 1391 2100 Lib.
1408 2070 1448 2100 11.
1489 2112 1493 2115 1

329 2143 423 2170 segm.
448 2144 493 2173 14.
516 2150 554 2157 —
573 2135 667 2164 Conf.
689 2134 800 2163 Valck.
822 2132 951 2161 Diatrib.
971 2139 1005 2167 p.
1028 2139 1079 2165 25.

366 2193 419 2229 (α)
440 2193 520 2221 Plut.
547 2192 579 2220 in
609 2194 677 2222 Per.
707 2198 776 2226 cap.
798 2198 827 2224 5.
852 2197 884 2225 p.
906 2196 970 2227 ¹⁵4·
992 2188 1029 2222 E.
1057 2199 1097 2210 —
1124 2186 1249 2217 Aristid.
1269 2193 1326 2223 pro
1347 2186 1441 2223 Quat.

325 2250 370 2280 11.
391 2258 411 2294 p
440 2253 511 2280 118.
533 2249 611 2285 apud
629 2248 718 2279 Phot.
743 2255 777 2284 p.
800 2252 888 2280 1272.

1544 2415 1553 2562 ω-πῳ
