1502 2767
249 175 321 221 164
471 170 1135 211 COMMENTATIO

247 283 409 329 honori,
463 281 607 326 dicam,
672 279 933 318 dilectissimus
986 288 1115 318 noster
1171 279 1362 328 princeps.

247 355 292 392 In
325 363 483 401 quorum
522 350 708 399 plerisque
744 350 858 388 multa
896 349 1044 398 quidem
1082 349 1363 394 desiderantur,

204 457 206 459 .
249 433 285 461 et
313 424 358 460 de
380 433 540 469 quorum
570 420 669 458 haud
699 419 831 468 paucis
856 419 1012 458 historia
1048 420 1254 466 nonnulla,
1293 419 1362 456 ho-

247 494 346 531 mine
376 491 591 532 Christiano
617 491 791 539 indigna,
822 501 976 538 quoque
999 489 1149 537 retulit3
1178 496 1217 531 at
1240 498 1357 534 νει-ο,

251 565 390 600 sicum
422 561 603 610 optimis,
645 572 743 609 quos
775 559 967 606 antiquum
1008 571 1137 598 aevum
1171 558 1359 607 protulit,

245 630 438 678 conferas,
479 632 588 679 quale
622 640 878 679 quantumque
905 630 1099 678 hosjnter
1127 638 1164 668 et
1192 619 1277 667 illos
1304 628 1361 665 in-

246 702 399 740 tercedit
425 700 646 740 discrimen!

296 772 366 811 Uti
415 773 503 809 haec
555 773 680 810 valent
724 773 769 809 de
816 770 1075 820 principibus,
1126 768 1202 815 iis,
1245 777 1358 816 penes

245 853 364 888 quos,
411 852 578 890 magnam
616 851 755 890 partem
791 849 919 888 certe,
959 848 1017 878 est
1052 839 1191 878 bellum
1226 837 1357 888 jubere

244 912 302 948 vel
336 910 566 960 prohibere3
614 910 664 948 ita
698 912 744 949 ad
775 910 1017 949 moralitatem
1057 909 1161 957 quod
1198 908 1358 956 attinet,

243 981 440 1019 discrimen
474 981 563 1018 illud
606 981 768 1019 cernitur
807 981 847 1019 in
894 980 1055 1019 ducibus
1094 987 1132 1017 et
1174 977 1356 1017 militibus

245 1050 427 1098 reliquis,
455 1051 521 1099 qui
558 1062 642 1088 suas
678 1051 841 1100 quisque
869 1051 908 1088 in
939 1051 1041 1090 bello
1073 1058 1197 1099 partes
1225 1056 1355 1096 agunt.

285 1120 405 1170 Jactet
444 1121 665 1169 Antiquitas
697 1132 788 1159 suos
821 1120 933 1159 duces
971 1129 1008 1158 et
1039 1121 1200 1168 heroes;
1244 1119 1356 1168 Jactet

241 1191 398 1230 Graecia
432 1202 522 1229 suos
560 1190 773 1238 Leonidas,
802 1190 1022 1238 Miltiades,
1050 1189 1357 1234 Themistocles,

239 1261 448 1308 Aristides,
474 1261 699 1307 Pausanias,
744 1260 922 1299 Cimones
940 1288 954 1307 ,
980 1259 1219 1306 Alcibiades,
1255 1258 1358 1306 Epa·

238 1331 464 1376 minondas,
514 1330 735 1378 Agesilaos,
785 1329 1027 1376 Phociones,
1080 1327 1354 1377 Archidam053

237 1401 358 1439 Roma
396 1411 485 1437 suos
536 1400 749 1444 Camillos,
803 1398 1021 1444 Fabricios,
1078 1397 1354 1446 Cincinnatos,

236 1470 403 1518 Regulos
420 1497 434 1517 ,
462 1470 650 1518 Catulos,
678 1469 900 1517 Scipiones,
937 1468 1086 1509 Atticos
1103 1496 1116 1514 ,
1145 1469 1353 1517 Caesares,

235 1541 462 1589 Pompejos,
497 1540 616 1578 alios!
667 1539 807 1579 Patriae
838 1551 998 1578 amorem
1027 1549 1066 1578 et
1096 1538 1354 1578 fortitudinem

235 1609 334 1648 haud
367 1608 474 1648 facile
503 1611 586 1657 quis
625 1609 683 1648 his
711 1609 969 1658 denegaverit3
1009 1617 1047 1646 at
1083 1620 1203 1656 vero,
1241 1608 1354 1648 simul

235 1690 363 1717 omnes
389 1688 592 1718 occurrunt
617 1680 857 1718 immoderata
879 1679 1082 1717 ambitione
1108 1681 1242 1728 ducti,
1267 1692 1353 1718 cru-

234 1751 363 1796 deles,
406 1752 529 1797 avari,
556 1752 693 1788 nullam
724 1750 801 1788 fere
834 1751 1012 1788 humanae
1047 1757 1198 1788 naturae
1232 1750 1353 1797 digni·

233 1819 318 1858 tatis
349 1820 526 1858 rationem
564 1819 769 1867 habentes3
823 1831 865 1857 ac
907 1828 1062 1866 metuo,
1114 1830 1191 1867 ne,
1240 1818 1273 1857 si
1311 1819 1350 1857 in

231 1889 440 1939 principia,
493 1888 630 1936 quibus
670 1890 916 1936 ducerentur,
961 1889 1153 1937 inquiras,
1194 1889 1351 1937 ipsaque

231 1971 362 1999 eorum
387 1947 487 1997 'facta
511 1960 556 1997 ad
579 1959 744 2009 justitiae
780 1968 816 1996 et
842 1959 1037 2006 aequitatis
1066 1961 1166 2007 leges
1195 1959 1345 2008 exigas,

230 2030 314 2067 talis
353 2028 565 2076 disquisitio
605 2040 731 2076 parum
768 2029 813 2066 iis
849 2028 1054 2067 honorifica
1101 2029 1245 2066 evadat.
1295 2050 1348 2059 -

229 2098 343 2138 Orbis
378 2097 619 2138 Christianus
663 2109 854 2147 opponere
894 2098 964 2136 scit
1006 2099 1107 2136 viros
1145 2109 1222 2136 non
1261 2098 1346 2146 qui-

225 2169 306 2206 dem
344 2168 562 2217 perfectos,
587 2177 623 2206 at
662 2177 781 2207 tamen
823 2170 933 2216 longe
965 2168 1023 2205 iis·
1048 2169 1253 2207 nobiliores
1291 2178 1346 2207 at-

226 2250 298 2285 que
337 2237 635 2287 praestantiores.
711 2239 927 2276 Memineris
961 2239 1021 2275 hic
1060 2248 1115 2276 tot
1144 2239 1342 2278 Belisarios

1308 2317 1342 2345 et

1476 2294 1480 2362 l

1475 2366 1480 2403 εἴ

1475 2419 1479 2437 ι

1474 2446 1478 2504 l

1474 2512 1477 2538 Ι

1472 2669 1475 2689 Ι
