1523 2745
249 167 295 202 7²
460 148 1125 190 COMMENTATIO

252 260 379 299 aetatis
413 271 546 298 annum
580 258 802 308 attigerant,
830 258 1029 306 quotannis
1056 260 1156 297 6000
1183 258 1357 307 eligeren-

254 340 338 377 tur,
366 330 410 368 ad
437 341 533 377 quos
550 357 563 376 ‚
591 329 836 367 Heliastarum
856 328 1006 366 nomine
1030 328 1256 376 insignitos,
1283 330 1360 376 ple-

257 411 392 446 raeque
427 410 556 437 causae
578 397 806 436 deferrentur
829 399 918 448 (1).
946 399 1060 449 Quod
1085 410 1175 437 vero
1209 398 1268 435 ille
1292 408 1360 446 op-

257 469 348 507 timo
376 469 532 506 consilio
557 468 825 514 constituerat,
852 469 897 506 ad
921 467 1204 506 confirmandam
1235 467 1362 504 demo-

260 538 407 576 cratiam
424 567 437 586 ‚
464 547 598 576 eventu
626 538 744 575 caruit
768 546 928 586 sperato.
982 538 1117 586 Inopes
1140 537 1235 575 enirn
1262 537 1362 574 cives

260 620 342 646 raro
374 607 521 657 Judiciis
554 607 778 655 intererant,
830 607 895 645 ubi
927 608 1070 646 nullum
1110 607 1183 645 illis
1220 608 1365 645 lucrum

261 678 562 726 proponebatur,
590 677 676 714 dum
711 676 848 715 interea
873 677 945 716 alio
979 677 1114 724 quovis
1143 677 1253 715 mocio
1281 676 1367 714 ·vic·

264 754 342 784 tum
373 746 443 784 sibi
465 758 637 794 quaerere
668 755 852 794 poterant.
907 746 1005 785 Hinc
1037 747 1174 797 judicia
1198 754 1278 784 tota
1303 756 1368 794 pe·

264 827 331 855 nes
361 816 492 855 divites
532 826 567 854 et
608 815 765 855 civitatis
793 816 910 854 forma
944 816 1130 865 paullatim
1157 819 1201 854 ad
1236 815 1370 864 oligar-

265 885 384 924 chiam
431 897 612 933 vergens:
666 886 727 923 cui
778 887 874 924 malo
913 895 955 924 ut
998 886 1198 925 remedium
1233 885 1371 933 ferret,

267 955 420 994 Pericles
447 955 591 994 induxit
612 957 682 1006 (2)
709 956 889 994 modicam
917 957 1026 994 unius
1053 955 1156 993 oboli
1184 942 1253 1006 (3)
1279 965 1372 993 mer·

266 1025 390 1063 cedem
408 1053 420 1072 ‚
447 1025 674 1074 pauperibus
701 1025 847 1065 civibus
869 1026 1080 1064 solvendam
1097 1053 1111 1073 .,
1138 1026 1171 1063 si
1205 1023 1371 1075 Judicum

268 1106 404 1134 munus
438 1095 600 1136 obirent.
637 1096 715 1134 Res
736 1105 823 1133 sane
852 1107 918 1143 per
944 1107 983 1133 se
1005 1107 1082 1133 non
1103 1094 1373 1144 improbanda,

270 1166 344 1210 qua
391 1173 510 1202 tamen
546 1164 610 1202 vix
640 1164 708 1203 alia
744 1164 858 1213 magis
895 1166 1054 1204 Athenis
1089 1166 1234 1205 nocuit.
1305 1165 1372 1204 Illa

269 1235 366 1274 enim
393 1234 549 1281 civitas,
577 1246 652 1282 quo
685 1235 799 1283 tnagis
818 1235 953 1272 socios
983 1235 1056 1272 sibi
1083 1235 1269 1273 obnoxios
1293 1235 1374 1273 red-

269 1305 400 1351 deret,
427 1314 554 1342 omnes
592 1305 738 1341 illorum
771 1315 898 1341 causas
921 1316 1043 1342 coram
1078 1304 1156 1342 suis
1181 1304 1376 1342 tribunali-

268 1373 339 1410 bus
375 1372 484 1410 traxit
517 1373 612 1420 (4),
662 1373 759 1409 unde
793 1382 892 1410 tanta
933 1373 1053 1410 litium
1087 1373 1194 1421 copia
1227 1384 1373 1421 semper

269 1442 419 1487 aderat,
471 1449 512 1479 ut
542 1441 647 1479 tertia
676 1441 752 1479 fere
789 1441 926 1479 civium
963 1453 1045 1490 pars
1079 1443 1252 1492 maJ‘orem
1287 1443 1374 1480 anni

269 1519 407 1559 partem
448 1511 484 1548 in
518 1510 666 1560 Judiciis
701 1520 934 1558 versaretur,
972 1510 1113 1550 facilem
1153 1520 1190 1550 et
1224 1512 1262 1550 in
1294 1514 1374 1551 otio

268 1581 464 1629 parabilem
486 1589 678 1628 quaestum
711 1579 831 1618 cuivis
868 1580 1024 1619 artificio
1057 1592 1092 1618 et
1125 1582 1242 1619 labori
1274 1591 1376 1620 ante-

268 1661 427 1698 ponens.
480 1650 586 1699 Quae
619 1652 801 1699 Φιλοδικίκ
843 1650 1155 1698 Atheniensium,
1191 1651 1236 1690 ab
1271 1653 1378 1690 Aris-

267 1720 428 1768 tophane
451 1719 666 1767 saepissime
690 1719 870 1767 exagitata
897 1720 992 1768 (5),
1019 1721 1198 1770 insignem
1232 1721 1270 1759 in
1298 1733 1379 1760 mo-

1292 1793 1380 1830 dum

305 1886 356 1922 (ι)
378 1886 533 1921 Aristoph.
553 1887 648 1922 Vesp.
671 1894 704 1915 v.
726 1887 794 1916 662.
818 1887 922 1923 ibique
939 1888 1039 1916 schol,
1054 1895 1084 1915 et
1099 1888 1134 1916 ad
1150 1888 1232 1918 Plut.
1255 1895 1288 1917 v.
1313 1895 1378 1924 277.

307 1942 360 1979 (ἰ)
381 1942 509 1970 Aristot.
532 1944 595 1971 Pol.
615 1942 653 1971 11.
675 1950 721 1972 122

309 1998 361 2036 (3)
382 1998 536 2034 Aristoph.
558 1999 639 2028 Nub.
664 2008 694 2028 v.
715 2000 785 2029 861.

307 2063 359 2098 (4)
380 2064 500 2091 Pollux.
525 2062 606 2091 Vm.
638 2065 688 2096 63.
712 2062 843 2096 Hesych.
870 2056 938 2091 ἀπὶ
965 2057 1144 2099 συμβόλων
1171 2057 1373 2102 δικαζέσθω.

268 2120 440 2154 Xenophon
458 2121 495 2146 de
514 2120 595 2154 Rep.
619 2119 695 2147 Ath.
718 2120 741 2147 Ι.
767 2122 891 2148 16—18.
912 2116 965 2147 111.
990 2126 1072 2155 1—9.

308 2173 358 2210 (5)
382 2176 412 2202 ln
430 2177 522 2209 Pace,
551 2183 581 2203 v.
608 2182 674 2208 505.
700 2175 762 2204 Av.
785 2185 850 2212 109.
870 2176 952 2203 Nub.
979 2184 1047 2212 209.
1068 2176 1147 2211 qu.
1173 2184 1254 2212 1517.
1294 2180 1377 2208 Hanc

270 2232 398 2268 civitatis
417 2240 531 2268 pestem
550 2232 580 2267 in
599 2233 689 2268 Vesp-
708 2232 897 2268 potissimum
922 2232 1110 2270 perstrinxit.
