1502 2767
425 154 1025 195 THEOLOGICA.
1247 170 1292 207 39

176 265 324 313 imperii
359 262 503 311 forma,
544 264 777 312 diversisque
802 265 972 314 legibus,
1014 265 1136 312 iisque
1160 265 1290 306 iterum

177 345 250 384 pro
274 342 414 373 mutata
437 334 570 383 populi
599 334 813 373 conditione
840 335 1025 373 mutandis
1043 363 1057 382 ,
1083 348 1291 375 accommo-

175 405 291 444 datam
309 404 399 455 (1).
438 404 577 452 Neque
602 405 735 443 mirum
758 405 850 443 adeo
875 406 972 444 Eum
995 416 1157 452 unquam
1173 435 1186 452 .,
1203 417 1291 453 gen·

175 474 226 513 tis
248 473 422 523 Judaicae
436 502 449 521 ‚
479 475 602 521 quoad
623 474 874 513 conditionem
897 475 1044 513 civilem
1060 503 1072 522 ‚
1099 476 1288 514 mentione

173 543 271 582 facta
286 571 300 591 ‚
322 543 559 592 magistratus
588 543 844 593 vituperasse,
869 546 928 583 vel
944 545 1140 593 Apostolis
1166 557 1287 584 rerum

174 613 408 663 publicarum
445 613 699 652 tractationem
734 614 970 663 permisisse3
1024 614 1115 663 quin
1159 617 1288 664 potius

172 684 392 733 sapientiam
420 685 526 734 ejus,
554 693 597 722 ut
627 684 665 722 in
691 683 844 732 reliquis
877 684 1080 732 omnibus,
1101 685 1153 723 sic
1177 685 1284 724 etiam

172 754 245 793 hoc
279 755 431 793 nomine
468 765 689 802 magnopere
723 754 968 792 admirandam
985 782 998 802 ,
1049 755 1134 802 quis
1151 782 1164 802 ‚
1216 755 1289 793 nisi

174 825 303 863 hostili
324 819 446 863 animo
465 825 504 862 in
530 824 725 863 Christum
749 822 905 861 affectus
922 851 934 870 ‚
956 823 1067 862 nobis
1096 835 1172 862 non
1199 836 1290 863 con·

173 894 278 933 cedat
307 893 376 942 (2)
392 893 412 932 ‘3

223 964 291 1002 Ner
309 963 393 1010 quis
409 971 530 1000 tamen
547 961 738 1000 existimet
766 973 830 999 eos
845 989 857 1007 ‚
887 961 954 1009 qui
971 961 1129 1005 Christo
1151 973 1287 1001 nomen

174 1035 372 1080 dederunt,
385 1031 549 1079 nescire,
564 1042 739 1078 quaenam
752 1031 797 1069 iis
810 1042 894 1080 erga
908 1032 1124 1070 societatem
1136 1033 1284 1072 civilem

175 1102 390 1142 incumbant
404 1101 537 1140 officia.
554 1102 650 1140 Nam
664 1130 676 1148 ‚
692 1102 850 1149 primum
866 1102 1019 1149 quidum
1031 1103 1142 1152 Jesus
1157 1105 1291 1143 Chris-

1226 1182 1288 1211 tus

208 1269 266 1308 (ι)
287 1270 355 1298 Hoc
370 1266 514 1302 religioni
530 1266 715 1296 Christianae
733 1266 812 1296 vitio
829 1267 909 1295 verti
927 1267 1046 1302 nequir.
1067 1268 1119 1296 Est
1136 1267 1217 1297 enim
1233 1276 1288 1296 ne·

176 1328 339 1357 cessarium
352 1325 544 1361 postulatum
557 1332 588 1359 q.
601 1325 633 1352 d.
651 1324 682 1352 in
701 1324 849 1358 religione
862 1323 1000 1352 omnibus
1017 1331 1094 1359 apta.
1116 1325 1198 1353 Cfrr.
1211 1331 1288 1360 quae

177 1385 299 1421 scripsit
316 1385 421 1413 Clarus
438 1381 519 1410 inter
536 1384 699 1409 Germanos
719 1381 893 1414 Theologus
916 1381 951 1409 Κ.
971 1381 1008 1409 G.
1028 1381 1049 1408 B
1061 1387 1101 1408 re
1113 1380 1287 1408 tschnei-

174 1444 263 1477 der,
284 1441 315 1470 in
334 1441 464 1475 libello,
485 1446 575 1475 quem
591 1437 708 1472 belgice
725 1436 820 1465 vertit
838 1437 1032 1464 venerandus
1059 1437 1111 1465 Te
1130 1439 1289 1471 Gempt,

172 1502 246 1529 Wat
269 1501 351 1527 [εει-ν
375 1499 410 1525 tle
435 1498 559 1532 Heilr'go
587 1495 709 1530 Sobrift
730 1500 780 1521 ten
804 1495 938 1521 aanzn’en
965 1503 1026 1522 van
1054 1495 1107 1520 het
1131 1493 1290 1529 goddclr‘jk

174 1561 245 1592 regt
263 1555 318 1582 der
337 1556 479 1582 Vorsten.
501 1553 585 1587 Quae
603 1550 704 1579 versio
724 1549 813 1578 etiam
828 1550 955 1578 habetur
978 1549 1009 1577 in
1030 1549 1193 1584 Diario,
1215 1549 1290 1577 Let-

177 1610 345 1645 rerkundr'g
372 1609 560 1644 MagariJn,
589 1606 659 1634 anni
681 1610 764 1640 ¹83³·
786 1607 846 1634 ΝΟ.
875 1615 904 1639 5.
933 1613 1004 1641 pag.
1027 1613 1094 1634 «ιιι.
1122 1605 1289 1642 [Conjicio

174 1666 314 1711 pluribus
338 1666 376 1694 de
407 1666 467 1694 hoc
492 1670 667 1699 argumento
699 1663 795 1697 egisse
830 1662 931 1690 vitum
957 1662 1121 1697 plurimum
1146 1670 1296 1690 veneran-

178 1724 249 1752 «lum
270 1725 297 1760 J.
317 1723 348 1761 J.
372 1723 425 1750 Le
453 1722 539 1756 Roy
566 1721 596 1749 in
616 1719 816 1754 responsione
840 1719 877 1747 ad
904 1719 1133 1753 quaestionem,
1154 1737 1179 1754 „
1200 1726 1292 1753 quum

173 1767 268 1809 hodie
292 1779 377 1814 gravi
403 1779 592 1808 dissensione
626 1777 754 1812 agitetur
790 1775 999 1805 controversia
1028 1777 1066 1804 de
1091 1776 1291 1804 fundamento

177 1835 252 1870 iuris
276 1835 442 1870 majestatis
460 1836 560 1871 deque
587 1834 761 1869 Principum
787 1841 816 1861 et
842 1833 1030 1861 subditorum
1051 1832 1178 1866 officiis3
1200 1838 1292 1866 quae.-

179 1893 272 1922 titur:
295 1901 371 1928 quae
397 1893 508 1928 placita
530 1900 560 1921 et
577 1898 738 1928 praecepta
760 1892 798 1918 de
821 1897 954 1925 utroque
979 1897 1154 1924 argumento
1180 1896 1291 1924 posue-

179 1950 241 1979 rint
269 1949 405 1979 Christus
442 1949 572 1985 ejusque
602 1947 768 1984 Apostoli,
788 1954 819 1976 et
847 1947 1004 1981 quomodo
1041 1945 1111 1973 inde
1146 1944 1292 1973 hodierna

181 2007 393 2036 controversia
407 2006 509 2035 dirimi
524 2013 677 2042 oporteat.
698 2012 815 2040 praem.
829 2005 900 2032 Orn.
910 2012 925 2031 a
941 2005 1050 2034 curat.
1073 2004 1150 2037 Leg.
1170 2004 1188 2030 S
1200 2010 1211 2030 t
1222 2002 1290 2039 ol.]

220 2063 274 2100 (2)
294 2064 361 2093 Cfr.
385 2063 507 2098 Hess,
540 2064 615 2090 “u'laer
644 2061 694 2090 dte
720 2061 862 2096 Lehreo,
888 2060 1007 2087 Thana
1041 2059 1104 2086 und
1132 2059 1291 2087 Sclu‘ksale

177 2128 285 2148 aaran
297 2121 402 2148 Herm
411 2118 557 2156 ,Tom.1.
575 2119 605 2148 R
613 2126 631 2147 e
640 2117 650 2146 i
659 2126 678 2146 n
687 2119 707 2146 h
715 2124 732 2146 a
740 2125 755 2146 r
764 2118 783 2146 d
791 2137 801 2152 ‚
812 2113 887 2145 chr.
899 2116 1011 2145 Zedek.
1024 2135 1035 2152 ,
1045 2116 1082 2145 V.
1093 2124 1125 2151 p-
1138 2119 1287 2152 259-266.

183 2178 214 2204 M
224 2184 291 2209 unt
301 2177 339 2205 in
347 2178 394 2212 gh
405 2184 421 2206 e
434 2197 445 2213 ,
466 2183 538 2205 nvn
561 2175 827 2211 Verbandelingen
853 2183 926 2203 over
950 2173 1006 2202 den
1024 2172 1148 2203 fnvlood
1165 2181 1224 2204 van
1241 2175 1295 2202 herr

189 2232 397 2262 Chr-isumus
420 2239 452 2270 op
477 2234 531 2261 lue-
554 2232 730 2269 volngoluk
742 2251 753 2266 ,
774 2240 806 2267 p-
832 2239 901 2269 124·
922 2237 988 2259 not.
1009 2231 1032 2259 1.
