1502 2767
189 177 240 223 46
441 173 1112 213 COMMENTATro

190 285 302 324 condi
351 295 507 333 coepere
523 310 537 330 ,
589 283 766 321 rationem
817 282 972 330 habeat3
1019 281 1222 330 nimirum,
1268 291 1311 322 ut

193 357 319 406 plures
345 355 541 400 homines,
567 352 743 391 civilibus
764 352 885 402 juncti
916 351 1147 399 rationibus,
1173 351 1309 390 auxilio

197 426 269 463 sibi
295 426 450 462 invicem
477 423 728 470 praestando,
765 423 931 461 difficiles
954 422 1049 460 vitae
1075 422 1219 460 labores
1259 423 1313 460 al-

195 499 384 541 levamur,
424 494 598 540 vitaeque
624 492 753 540 gaudia
786 502 988 541 augerent3
1027 493 1138 541 jura,
1166 491 1310 539 quibus

196 567 332 616 singuli
351 565 556 614 gaudeant,
580 562 836 610 vindicarent,
864 571 900 600 et
926 575 1003 600 eam
1027 561 1306 608 conditionem,

196 641 271 685 (lust
301 646 385 674 tuto
422 644 458 673 et
486 645 665 683 prospere
688 633 892 683 maJ'oribus
926 641 1117 670 uterentur
1144 642 1313 669 commo-

195 707 278 755 dis,
306 717 415 754 quam
454 705 488 743 si
522 705 661 752 singuli
692 703 848 742 seorsim
879 702 992 740 vitam
1033 703 1229 750 degerent,
1256 701 1314 739 in·

195 777 308 815 tentis
346 775 457 814 animi
496 775 742 823 corporisque
785 773 929 811 viribus
967 772 1175 820 efficerent3
1225 771 1312 811 huie

197 846 385 886 societatis
409 845 531 884 civilis
564 844 754 891 consilio,
793 854 1010 891 quemque,
1053 843 1315 892 cujuscunque

194 917 334 967 patriae
370 916 490 954 civem
517 926 559 952 se
589 913 837 963 profiteatur,
876 911 1089 951 satisfacere
1112 923 1179 961 par
1200 922 1312 960 esse,

198 999 308 1026 nemo
336 997 414 1024 non
446 985 642 1023 nobiscum
663 983 790 1023 faciet.

247 1057 396 1107 Quodsi
413 1057 501 1095 haec
516 1085 528 1103 ‚
558 1066 653 1103 quae
665 1063 794 1092 natura
812 1061 849 1091 et
875 1053 968 1091 ratio
982 1064 1053 1091 nos
1073 1053 1306 1102 disputantes

197 1128 317 1167 fecere
331 1155 343 1174 ‚
358 1128 402 1166 ad
414 1125 603 1175 religionis
618 1125 851 1163 Christianae
871 1121 978 1162 effata
997 1124 1119 1172 exigas
1134 1151 1147 1171 ‚
1162 1131 1200 1161 et
1220 1132 1314 1160 con·

1264 1202 1315 1231 sl-

201 1317 355 1353 opinionis
378 1325 444 1346 esse
462 1316 612 1352 videtur).
632 1331 666 1337 -
690 1315 788 1349 Hujus
812 1315 988 1352 philosophi
1011 1315 1148 1350 vestigiis
1173 1314 1315 1344 insistunt

201 1377 264 1404 Mo
277 1376 350 1403 nbo
362 1376 434 1403 ddo
446 1395 456 1410 ,
477 1376 547 1402 va
569 1376 728 1410 Ursprung
745 1373 814 1409 und,
831 1374 986 1410 Fortgang
1006 1373 1062 1401 der
1085 1373 1238 1408 sprache,
1257 1373 1316 1403 Th.

200 1439 224 1465 Ι.
240 1435 321 1464 [Ml.
341 1442 407 1469 pag.
431 1437 504 1466 1813
527 1433 600 1461 item
618 1430 968 1466 Wendebornius‚
992 1432 1108 1464 Bony
1136 1431 1183 1459 de
1203 1429 1316 1460 saint

201 1493 402 1526 vincent,
423 1490 486 1518 alii.

240 1552 424 1584 Argumenta
450 1547 480 1575 in
506 1545 686 1575 contrariam
710 1552 827 1580 partem
851 1543 951 1572 valida
977 1551 1100 1578 prorsus
1129 1545 1316 1578 attulerunt,

160 1615 163 1617 ·
204 1607 328 1636 Puffe
342 1604 551 1637 ndoffius,
572 1606 605 1632 de
624 1603 703 1636 Jnre
723 1609 856 1629 naturae
882 1608 914 1629 et
943 1602 1105 1637 gentium,
1128 1602 1216 1629 Tom.
1235 1602 1261 1630 1.
1289 1601 1314 1630 L

204 1665 246 1692 ll.
269 1665 308 1693 C.
330 1672 358 1697 3.
385 1664 414 1697 §.
437 1671 482 1697 14.
505 1668 573 1695 sqq.
615 1659 769 1693 Penei,
797 1658 1005 1685 Fundamenta
1031 1658 1314 1695 Jurisprudenet‘aa

203 1721 280 1750 Nat.
303 1721 372 1748 Vol.
393 1720 420 1747 Ι.
443 1727 475 1753 p.
503 1725 528 1746 x.
548 1721 626 1746 sect.
649 1717 702 1744 IV.
724 1712 754 1752 §.
787 1723 851 1745 120.
880 1722 947 1749 sqq.
978 1714 1031 1749 qui
1058 1714 1128 1743 satis
1157 1714 1319 1743 evidenter

204 1777 422 1808 ostenderunt,
441 1774 557 1803 homini
577 1773 732 1802 societatis
751 1772 850 1800 studia
877 1772 996 1805 inesse;
1018 1773 1094 1800 hane
1117 1779 1220 1800 natura
1248 1779 1316 1801 esse

205 1837 412 1863 voluntatem:
434 1832 607 1865 hominem,
629 1830 680 1865 qui
697 1830 830 1859 omnium
853 1829 1024 1857 animalium
1043 1829 1174 1859 nascitur
1191 1829 1320 1859 maxime

206 1890 387 1923 imbecillis,
424 1888 552 1917 aliorum
585 1887 770 1915 commercio
799 1886 953 1920 indigere:
977 1886 1129 1914 hominem
1163 1886 1228 1914 sine
1260 1887 1321 1915 hoc

205 1957 262 1977 nec
281 1948 395 1976 vicium
417 1945 475 1974 sibi
496 1952 660 1979 quaerere,
681 1952 738 1971 nec
757 1946 858 1971 locum
878 1943 935 1978 ipsi
960 1944 990 1971 in
1016 1952 1116 1972 rerum
1140 1951 1261 1972 naturae
1276 1952 1322 1973 as·

207 2005 355 2040 signatum
382 2010 531 2037 occupare
553 2008 663 2036 posse,
685 2008 789 2028 sensus
806 2008 866 2028 non
883 2000 942 2028 nisi
961 2000 991 2028 in
1019 2001 1175 2029 hominum
1192 1999 1323 2029 societa-

207 2070 238 2090 te
272 2063 420 2096 explere,
450 2067 507 2087 nec
532 2057 743 2093 facultatibus,
773 2057 881 2092 quibus
907 2059 1035 2092 gaudet,
1064 2057 1109 2086 uti
1131 2065 1232 2093 posse.
1255 2058 1322 2088 efr.

208 2121 238 2158 J.
260 2120 296 2148 F.
316 2126 391 2146 van
415 2116 560 2146 Oordt,
587 2115 618 2143 in
634 2115 711 2150 disp.
728 2115 842 2143 Theoi.
863 2115 897 2142 de
924 2116 1075 2151 ret-'igione
1098 2116 1171 2144 clzr.
1189 2115 1230 2143 ad
1254 2124 1324 2144 con-

206 2177 382 2211 junctionis
399 2182 429 2202 et
446 2175 608 2201 societatis
627 2173 732 2200 studia
751 2172 861 2199 alenda
871 2179 902 2199 et
920 2172 1212 2208 promovenda,cum
1225 2173 1325 2210 θροῦ·

214 2235 310 2268 sima,
341 2239 402 2258 tum
423 2230 643 2266 efficacissima.
667 2228 748 2263 Trij.
767 2230 802 2256 ad
822 2230 971 2257 Rhenum.
995 2232 1086 2264 1321,
1107 2237 1138 2264 p.
1162 2239 1248 2266 4—7.
