1502 2767
237 187 285 232 ⁸4
504 177 1097 221 COMENTATlo

297 293 360 342 3.)
387 292 444 331 Et
466 290 629 329 aderunt
658 288 783 339 populi
819 287 931 325 multi
968 296 1004 324 ct
1037 286 1185 326 dicent:
1223 290 1350 340 agite,

246 362 508 403 adscendamus
534 359 589 398 ad
618 367 770 398 montem
804 357 996 406 Jchovae‚
1024 356 1078 395 ad
1104 355 1248 395 domum
1279 358 1356 396 Dei

249 432 413 482 Jacobi,
458 440 500 469 ut
537 429 665 468 doceat
701 440 765 466 nos
802 429 882 467 vias
917 439 1003 465 snas
1051 435 1087 464 ct
1132 427 1359 466 ambulemus

248 508 290 542 in
322 503 461 542 semitis
496 501 600 549 ejus,
641 511 728 537 nam
773 510 792 535 c
832 496 940 535 Sione
983 499 1058 535 crit
1097 498 1285 536 institutio
1322 505 1360 536 et

249 573 402 611 verbum
445 571 615 621 Jchovae
640 581 687 606 ex
714 567 992 616 Hierosolymis.

299 645 364 690 4.)
393 640 595 690 Judicabit
626 641 729 677 inter
755 645 881 687 gentes
910 645 946 675 ct
979 645 1115 687 arguet
1139 637 1242 675 inter
1268 636 1368 674 mul-

250 722 304 751 tos
339 713 491 764 populos
507 738 522 758 ‚
549 718 584 748 ct
608 707 818 759 conflabunt
835 705 981 757 gladios
1007 718 1085 744 suos
1103 707 1145 743 in
1173 717 1363 752 vomeres,

250 792 287 822 et
320 783 469 822 lanceas
496 792 582 820 suas
618 782 660 816 in
686 778 835 825 falces,
871 789 936 815 nec
972 776 1076 814 tollet
1111 776 1238 814 altera
1272 788 1364 827 gens

251 863 384 892 contra
404 852 567 890 alteram
597 861 713 888 ensem
728 876 742 895 ‚
770 860 835 885 nec
864 847 971 885 ultra
993 845 1084 884 bello
1109 844 1338 885 adsuescent.

293 923 434 972 Jesaias
457 921 597 959 hancce
621 918 836 957 Orationem
853 945 867 964 ‚
891 917 977 954 inde
1003 927 1024 954 a
1045 916 1144 965 Cap.
1166 916 1225 954 ΙΙΒ
1243 927 1367 966 usque

251 993 297 1030 ad
333 992 364 1029 C
369 1003 430 1039 ap.
458 990 529 1029 IV.
566 989 603 1027 in
638 989 733 1035 fine,
770 987 944 1026 habuisse
975 987 1124 1025 videtur
1147 986 1218 1025 sub
1245 987 1369 1026 Uzzia

253 1062 314 1099 vel
338 1061 544 1111 Jothamog.
585 1058 656 1096 sub
696 1069 856 1105 quorum
895 1056 1053 1105 imperio
1084 1056 1203 1105 Judae
1234 1056 1366 1105 cives,

253 1129 445 1178 prosperis
496 1128 611 1166 rebus
656 1136 826 1174 utentes,
868 1126 1009 1173 simul,
1063 1135 1106 1164 ut
1143 1128 1259 1176 vulgo
1298 1127 1369 1174 fit,

252 1200 420 1239 luxuriae
445 1207 482 1237 et
507 1196 701 1236 dissolutis
724 1197 892 1234 moribus
913 1206 1043 1234 manus
1066 1195 1254 1235 dederant.
1282 1196 1370 1236 Hoc

253 1279 421 1318 ternpore
450 1268 569 1306 fuisse
595 1268 798 1312 videntur,
827 1267 891 1314 qui
919 1267 1012 1304 laete
1040 1265 1205 1304 Messiae
1224 1275 1374 1316 ternpo-

254 1352 293 1378 ra
336 1339 507 1389 proxime
544 1338 681 1376 instare
718 1337 974 1385 opinarentur.
996 1361 1053 1372 -—
1087 1336 1187 1374 Hinc
1206 1336 1368 1386 jeseias,

254 1408 356 1457 regni
383 1407 591 1454 Messiani,
629 1417 705 1454 quo
735 1416 846 1443 verus
880 1405 951 1443 Dei
987 1406 1112 1443 cultus
1146 1416 1214 1455 per
1246 1415 1370 1445 totum

254 1487 430 1516 terrarum
465 1476 592 1514 orbem
620 1476 814 1524 dispersus
844 1474 972 1520 foret,
999 1484 1035 1513 et
1068 1475 1222 1522 quaevis
1272 1475 1373 1516 bona

254 1547 446 1585 hominurn
476 1546 599 1597 generi
635 1545 880 1584 redundatura
930 1553 1085 1595 essent,
1120 1545 1371 1594 descriptione

255 1616 483 1664 praemissa,
525 1626 734 1663 perversam
769 1625 895 1652 eorum
940 1613 1069 1662 agendi
1109 1613 1287 1652 rationem
1322 1614 1372 1654 iis

255 1684 410 1734 objicit,
450 1683 488 1721 in
524 1683 826 1732 superstitionem
874 1682 1015 1730 quippe
1053 1690 1089 1719 et
1121 1682 1368 1722 idololatriam

252 1755 367 1804 lapsis
404 1763 440 1791 et
465 1753 636 1792 lasciviae
668 1752 837 1800 deditis;
862 1752 1112 1799 admonetque
1145 1752 1199 1790 sic
1233 1753 1369 1802 procul

253 1823 373 1861 adhuc
416 1823 545 1860 abesse
577 1833 729 1870 regnum
770 1821 862 1858 illud
885 1821 1146 1869 hiessianum,
1174 1833 1242 1860 nec
1274 1821 1371 1862 falsa

255 1904 322 1941 spe
359 1892 464 1930 illudi
504 1903 568 1929 eos
608 1900 808 1938 oportere,
851 1902 966 1937 quum
997 1891 1171 1938 Jehova‚
1198 1903 1281 1930 acer
1306 1893 1369 1932 sui

253 1963 381 2001 cultus
420 1971 456 1999 et
483 1973 588 1999 verae
622 1960 774 1999 virtutis
817 1960 952 1998 vindex
972 1989 985 2008 ‚
1011 1972 1089 2000 non
1126 1973 1259 2011 posset
1290 1975 1369 2004 non

256 2033 409 2081 quaevis
441 2032 486 2069 iis
526 2032 617 2069 mala
645 2039 681 2068 et
720 2031 944 2068 calamitates
970 2031 1020 2068 ob
1057 2042 1207 2080 peccata
1232 2033 1370 2072 immit-

250 2113 342 2140 tere.
395 2101 513 2139 Simul
549 2110 669 2138 tamen
707 2100 930 2148 Prophetico
968 2112 1096 2147 more,
1150 2110 1238 2149 post
1274 2105 1368 2142 mala

253 2164 499 2218 annunciata,
548 2170 740 2208 meliorum
781 2182 900 2208 rerum
942 2182 1010 2218 spe
1056 2170 1199 2209 animos
1231 2173 1363 2223 erigit3

254 2241 504 2290 praedicitque
541 2239 691 2277 laetiora
725 2248 891 2288 tempora
930 2239 1002 2278 sub
1044 2241 1139 2279 duce
1177 2243 1367 2291 quodam,

1254 2324 1365 2360 quem
