1538 2689
558 110 901 152 MEDICA.
1237 128 1283 164 39

174 203 297 276 soluta
332 218 396 257 sit.
452 217 617 258 Tandem
657 219 810 267 ligatura
855 220 1122 269 suppuratione
1169 223 1284 262 solvi·

172 297 249 327 tur.
302 288 373 326 Pro
414 290 550 339 maJ'ore
574 299 675 337 parte
709 289 930 328 absorbetur
956 292 1150 338 coagulum
1181 294 1279 340 plas-

172 344 288 396 ticum
323 367 534 410 externum,
585 359 717 407 partim
759 368 921 398 mutatur
957 360 995 398 in
1036 361 1279 399 substantiam

166 426 340 466 fibrosam
368 430 580 467 cellulosam
597 457 610 475 ,
641 441 762 476 quae,
802 430 835 467 si
862 430 962 468 filum
1002 418 1276 480 suppuratione

166 499 361 546 expulsum
401 487 476 545 sit,
510 498 704 547 coniungit
734 507 855 546 partes
888 498 1100 538 obliteratas
1128 508 1164 538 et
1183 511 1277 539 con-

163 566 246 606 fluit
265 578 349 605 cum
371 567 489 605 vicina
504 569 572 605 tela
584 569 758 606 cellulosa
773 568 855 617 (ι).
884 568 965 607 Ubi
987 569 1140 618 ligatura
1155 571 1277 620 soluta

165 626 235 674 est*
250 638 543 686 suppuratione,
572 646 764 684 antequam
788 637 917 675 arteria
939 649 1095 685 prorsus
1109 648 1275 686 separata

165 707 244 753 sit,
272 706 324 744 ibi
356 706 445 744 fines
476 709 628 744 arteriae
660 705 783 744 tunica
808 707 984 745 cellulosa
1007 707 1274 746 cohaerescunt

164 785 201 814 et
246 778 443 824 coagulum
500 775 693 824 plasticum
743 784 934 814 externum
982 776 1140 814 confluit
1189 788 1274 815 cum

161 844 302 893 reliqua
338 853 440 893 parte
475 846 622 883 tunicae
657 845 869 883 cellulosae.
936 845 1048 883 Fines
1091 846 1273 894 arteriae,

162 915 249 953 dum
281 914 476 963 coagulum
514 914 708 962 plasticum
737 922 925 951 externum
953 915 1206 963 absorbetur,
1234 927 1274 954 se

163 984 414 1022 contrahunt:
468 983 666 1021 cohaerent
693 991 812 1020 tamen
842 994 985 1030 semper
1018 995 1136 1022 massa
1161 985 1274 1033 maj0-

161 1064 211 1093 re,
236 1054 293 1091 vel
322 1052 491 1097 minore,
520 1052 700 1090 crassiore
730 1053 790 1090 vel
816 1052 983 1090 tenuiore
1012 1053 1269 1101 ligamentosa.

210 1122 492 1169 Nonnunquam
514 1133 598 1170 pars
624 1121 768 1159 tunicae
803 1122 1000 1160 cellulosae
1027 1109 1193 1161 involuta
1212 1131 1273 1161 est

156 1192 315 1241 coagulo
340 1190 495 1240 plastico
524 1200 690 1230 externo.
744 1192 855 1229 Actio
888 1191 941 1229 fili
974 1192 1012 1231 in
1049 1193 1174 1231 tunica
1197 1193 1271 1231 cel-

156 1263 303 1309 lulosa‚
330 1261 387 1299 uti
427 1260 616 1308 vidimus,
642 1260 747 1298 aliter
783 1273 864 1299 sese
904 1261 1041 1309 habet,
1069 1274 1109 1300 ac
1140 1262 1179 1300 in
1211 1264 1270 1300 tu-

155 1329 251 1369 nicis
279 1329 457 1376 internis,
481 1341 592 1377 «quae
632 1329 934 1367 transcinduntur
960 1330 1043 1379 (2).
1110 1331 1195 1369 Hoc
1230 1331 1269 1369 in

157 1409 290 1449 genere
328 1400 450 1439 locum
483 1394 621 1445 habet,
674 1400 739 1437 sed
775 1401 938 1448 exempla
972 1409 1143 1448 prostant
1175 1392 1270 1439 non·

155 1469 268 1515 nullis
300 1468 339 1507 in
366 1468 458 1506 locis
485 1469 696 1517 systematis
727 1480 900 1507 vasorum
934 1470 1142 1508 animalium
1167 1458 1265 1509 illam

157 1537 565 1578 tunicam'transcindi.
618 1538 760 1576 Mirum
795 1547 878 1583 est,
906 1539 944 1576 id
978 1539 1056 1577 fieri
1080 1541 1118 1578 in
1143 1528 1266 1580 tunica

154 1605 334 1646 cellulosa
385 1617 507 1660 aortae
557 1607 760 1645 thoracicae
801 1608 913 1663 bovis
951 1608 990 1646 in
1025 1606 1107 1657 qua'
1138 1612 1264 1650 tunica

155 1677 330 1726 cellulosa
367 1676 634 1716 transcinditur
671 1677 819 1715 minime
860 1689 978 1716 autem
1019 1680 1143 1719 tunica
1175 1681 1261 1719 inti-

154 1740 226 1784 ma.
267 1743 320 1786 vIn
351 1746 467 1784 Aorta
490 1746 711 1785 abdominali
736 1747 850 1785 hocce
884 1749 1165 1796 phaenomenon
1184 1763 1259 1789 non

155 1811 389 1867 observatur'
412 1815 495 1864 (3).
1168 1821 1171 1826 ·

173 1932 177 1935 ,
201 1884 375 1924 Materies
397 1883 552 1937 plastica
573 1893 720 1923 externa
739 1894 776 1923 et
797 1885 938 1925 interna
957 1888 1134 1928 Chemice
1155 1889 1259 1929 inda-

1179 1969 1260 2010 gata

193 2071 245 2108 (ι)
266 2081 299 2103 v.
322 2074 446 2104 Grife
466 2075 527 2103 und
547 2083 578 2105 v.
596 2078 796 2110 walther,
821 2080 890 2108 1.1.
915 2080 971 2108 Bd.
994 2089 1024 2116 4.
1046 2083 1074 2110 S.
1092 2090 1162 2118 473·

192 2129 246 2167 (2)
265 2129 472 2166 nogdson,
493 2133 517 2161 1.
539 2133 563 2161 ι.
590 2141 623 2168 p.
646 2140 715 2166 252.

193 2185 245 2223 (³)
264 2195 296 2216 v.
314 2187 434 2216 Grafe
456 2189 517 2217 und
536 2197 567 2218 v.
593 2189 784 2227 Walthen
807 2192 827 2220 1.
846 2193 869 2221 h
893 2193 973 2221 nand
997 2196 1045 2223 16.
1067 2196 1095 2223 S·
1120 2199 1186 2230 383.
