1564 2750
411 178 922 221 LITERARIA.
1161 194 1234 234 109

1252 246 1353 280 sectio
1368 244 1408 276 11.
1425 239 1457 282 ἓ.
1466 247 1497 281 3.

130 292 223 332 dens
252 289 371 329 amico
403 289 499 328 illud
534 289 726 337 ostendit,
777 289 867 328 satis
898 290 1106 339 indicabat,
1146 303 1242 340 quae

134 373 202 401 sua
229 361 298 400 hac
321 360 367 399 de
388 372 427 399 re
448 369 546 398 esset
573 359 753 399 sententia
777 360 860 411 (1).
899 359 1040 399 Letalis
1064 361 1126 400 ille
1146 372 1246 399 mor-

131 431 231 480 bus,
258 430 455 480 quamvis,
476 431 588 468 simul
607 442 692 469 curn
721 441 901 480 corpore,
927 430 1039 469 animi
1062 431 1169 470 etiam
1191 431 1248 470 vi-

131 513 192 541 res
219 500 448 548 attrivisset,
476 500 626 539 minime
651 508 772 538 tamen
796 500 900 539 illum
923 501 1014 538 adeo
1036 511 1157 548 usque
1183 512 1248 539 su-

134 570 300 621 peravit,
327 578 370 608 ut
396 569 435 607 in
465 569 574 608 istam
599 578 672 609 tam
690 571 862 619 putidam
899 571 1047 609 consilii
1083 555 1249 621 inopiam

137 652 222 680 eum
236 640 487 690 protruderet.
507 639 608 687 ¹Erat
630 640 750 679 adhuc
769 640 865 679 idem
887 640 951 679 ille
973 641 1156 690 Pericles,
1184 642 1252 690 qui

138 710 399 759 omnia,quae
409 711 546 759 vulgus
573 710 743 749 admirari
766 712 889 758 solet,
917 712 1148 760 potentiam,
1174 720 1256 751 tro·

139 791 261 831 paea,
300 779 458 829 gloriam
499 779 655 819 minoris
691 781 825 830 duxit,
864 793 974 830 quam
1010 793 1105 830 quae
1139 783 1253 822 tantis

140 850 316 889 laudibus
340 849 580 889 efferrentur:
609 850 675 889 sed
699 862 908 901 supremam
927 851 1067 891 ducens
1095 852 1253 892 animam

141 920 184 959 in
215 931 261 959 eo
294 919 440 959 felicem
471 931 513 959 se
545 921 800 970 praedicavit,
837 923 941 971 quod
975 923 1102 962 nullus
1137 922 1257 962 Athe-

142 989 330 1031 niensium
349 1001 418 1029 sua
449 991 559 1040 culpa
585 992 727 1040 pullam
759 992 946 1033 induisset
978 1001 1120 1034 vestem
1146 993 1234 1045 (2).

180 1147 238 1186 (ι)
255 1148 335 1183 Plut-
352 1149 386 1182 in
404 1152 473 1184 Per.
494 1159 563 1191 cap.
585 1156 635 1191 38.
655 1162 689 1191 p.
709 1161 776 1192 ¹72·
798 1156 839 1186 A.

179 1204 235 1246 (2)
253 1207 334 1240 Ibid-
673 1214 679 1222 ¹

1166 2323 1282 2365 SEC-
