1502 2767
161 196 286 231 *216
430 188 1092 230 COMMENTATIO

220 301 285 339 ubi
314 302 463 338 hostem
496 301 753 346 vulneratum,
781 308 950 337 vexatum
975 299 1035 337 vel
1058 309 1204 337 caesum
1231 307 1321 335 con·

219 372 406 418 spiciunt,
434 369 673 407 cadaveribus
699 379 775 406 non
808 370 995 416 illudunt,
1021 379 1087 406 nec
1127 377 1228 406 extra
1261 378 1325 404 ne·

222 440 428 478 cessitatem
472 449 624 487 rapere,
664 439 805 476 saevire
857 440 915 477 vel
961 438 1143 476 trucidare
1191 438 1326 476 hones-

224 520 301 548 tum
349 516 494 557 putant.
562 507 650 547 D'ux
697 509 878 547 militibus
914 519 991 547 non
1028 509 1207 557 imperat,
1255 506 1330 544 nisi

227 579 331 628 quod
358 580 504 617 valeant
538 578 709 626 humeri,
749 589 846 625 nec,
884 589 1038 616 suorum
1079 578 1237 616 militum
1273 575 1333 614 vi·

225 661 297 687 tam
343 649 465 698 magni
505 648 642 687 faciens
665 677 678 696 ,
731 657 865 686 temere
906 649 943 686 in
989 647 1152 696 pericula
1202 645 1328 690 mittit,

229 719 401 767 Milites,
429 719 583 768 gregarii
609 727 796 766 quoque,‘
818 717 883 754 ubi
906 717 1035 754 hostes
1061 716 1193 753 misere
1221 713 1333 753 afflic-

229 799 289 826 tos
327 791 386 826 vel
421 790 634 827 vulneratos
670 788 826 834 vident,
880 786 1128 824 misericordia
1170 784 1334 823 afficiun-

227 868 315 904 tur,
366 869 425 904 et,
487 858 520 896 si
562 867 750 907 possunt,
803 857 963 896 officium
1014 864 1197 905 praestare
1256 864 1332 892 non

227 928 464 966 recusabunt.
528 928 639 966 Haud
677 939 790 976 pauca
827 935 916 965 sunt
951 927 1116 965 hostium
1140 924 1330 973 exempla,

228 999 293 1045 qui
330 998 506 1036 hostibus
540 999 797 1047 pepercerint,
851 1008 911 1044 et,
966 997 1029 1034 ubi
1061 996 1099 1033 in
1132 995 1227 1033 vitae
1273 1005 1337 1042 pe·

226 1069 344 1105 riculo
391 1077 653 1114 versarentur,
706 1079 809 1105 suam
849 1068 1017 1115 ipsorum
1048 1067 1160 1105 vitam
1188 1065 1336 1103 illorum

227 1138 337 1176 saluti
363 1138 662 1186 postposuerint.
692 1159 744 1167 —

279 1209 374 1246 Post
397 1208 486 1246 haec
520 1209 692 1246 alterutra
716 1219 801 1256 pars
839 1206 1051 1246 succumbit
1090 1215 1126 1243 et
1157 1204 1195 1243 in
1218 1215 1338 1242 arcem

229 1280 288 1316 vel
328 1277 453 1315 urbem
495 1278 672 1326 cogitur,
714 1277 843 1325 ibique
885 1289 925 1314 se
966 1275 1159 1314 defendere
1196 1274 1336 1312 studet.

226 1349 305 1398 Jam
342 1349 481 1385 Interea
506 1348 684 1385 militibus
717 1348 824 1395 quies
852 1347 984 1392 datur,
1010 1354 1095 1382 ante
1134 1355 1243 1392 quam
1280 1353 1342 1380 ur·

232 1418 314 1454 bem
360 1427 574 1464 expugnare
607 1416 820 1454 moliantur.
887 1415 999 1453 Haud
1031 1413 1140 1464 pauci
1186 1413 1341 1459 dolent,

232 1486 336 1534 quod
373 1486 482 1524 nimis
521 1485 716 1524 affectibus
751 1498 791 1523 se
824 1485 944 1534 abripi
980 1485 1108 1533 passi,
1137 1482 1253 1522 furori
1284 1482 1342 1520 in-

233 1556 443 1603 dulserint,
470 1565 507 1593 et
532 1567 674 1604 praeter
702 1556 958 1593 necessitatem
991 1554 1083 1592 alios
1115 1552 1340 1598 cruciarint‚

233 1629 293 1666 vel
323 1628 423 1665 clade
453 1626 656 1668 affecerint.
708 1626 816 1674 Alii,
844 1627 966 1664 animo
999 1626 1044 1667 ad
1078 1623 1341 1663 humanitatem

234 1697 411 1743 duriore,
451 1697 633 1734 continuo
671 1707 753 1737 sese
786 1708 960 1735 excusare
1000 1697 1150 1742 solent,
1190 1704 1227 1732 et
1261 1694 1342 1732 aliis

234 1768 369 1806 atrocia
399 1776 608 1805 enarrantes
641 1768 881 1805 erubescunt.
935 1766 1014 1804 Vae
1046 1766 1129 1813 illi,
1157 1764 1223 1813 qui
1262 1775 1347 1802 cru-

235 1839 419 1876 delitatem
446 1846 481 1875 et
504 1836 766 1885 immanitatem
787 1836 1110 1886 Jactans,1audem
1138 1834 1212 1873 sibi
1237 1845 1348 1882 expe·

235 1913 295 1946 tit.
325 1907 431 1946 Talia
457 1907 523 1955 qui
556 1907 761 1953 sustineat,
787 1906 952 1944 omnium
983 1905 1170 1953 vituperio
1197 1914 1233 1942 et
1259 1914 1350 1942 con·

238 1988 354 2018 temtu
390 1979 471 2016 sive
500 1978 697 2016 maniFesto
734 1977 814 2014 sive
839 1976 979 2023 tacito,
1007 1975 1214 2023 excipitur3
1245 1973 1347 2022 quod

238 2050 269 2085 si
300 2059 428 2086 causas
452 2056 630 2095 quaerat,
659 2057 880 2095 responsum
908 2047 947 2083 in
972 2054 1180 2095 promptu:
1206 2043 1348 2081 Suntne

239 2121 396 2157 homines
435 2128 476 2158 ut
509 2121 602 2157 nos?
641 2127 753 2156 extra
785 2118 958 2168 culpam,
999 2128 1069 2153 non
1105 2113 1216 2153 aliud
1241 2113 1350 2165 quid-

240 2201 350 2238 quam
373 2198 520 2237 agentes
546 2200 656 2236 quam
682 2200 743 2225 nos
773 2189 873 2238 ipsi,
906 2187 1070 2238 principi
1101 2186 1351 2235 obsequuntur

240 2269 274 2296 et
309 2261 476 2309 patriam
511 2257 737 2307 desc71dmzt,·
771 2247 873 2295 'haud
904 2256 966 2294 uni
1000 2263 1217 2304 succurret,
1253 2253 1354 2306 quod

1302 2325 1355 2362 ti.
