1477 2725
193 171 264 220 156
329 166 1159 211 COMM.L1TERAR1A.

186 278 385 328 Ephialtes
411 277 598 326 Populum
624 286 753 316 contra
778 277 1062 328 Oligarchorum
1080 280 1295 329 oppressio-

186 360 268 387 nem
285 347 474 394 defendit3
490 358 587 394 quos
601 374 613 393 ‚
630 347 839 394 praesertim
855 348 1063 387 rationibus
1087 349 1293 398 exigendis,

182 416 338 456 maxime
372 415 542 453 inimicos
569 414 642 453 sibi
676 417 874 466 reddebat3
903 418 994 456 adeo
1030 429 1072 457 ut
1103 419 1290 459 Aristodi-

181 498 268 525 cum
291 486 485 534 quemdam
502 485 753 535 Tanagraeum
779 488 980 527 excitarent
1012 491 1058 528 ad
1080 489 1292 539 Ephialtem

180 555 490 596 interficiendum.
546 555 609 593 Sic
636 568 710 594 reru
735 557 930 596 memoriae
952 559 1114 607 prodidit
1139 560 1288 598 Aristo-

179 628 298 674 teles‚
324 625 386 664 cui
422 625 593 673 majorem
629 625 736 663 fidem
765 627 897 665 tribuit
937 629 1154 667 Plutarchus
1177 640 1290 678 quam

175 698 403 743 Idomeneo,
454 695 628 734 Periclem
670 697 743 734 hoc
787 698 939 736 crimine
979 698 1167 737 accusanti
1203 700 1288 748 (1).

119 762 126 767 ’
173 767 284 806 Diem
328 766 423 803 obiit
465 776 679 814 supremum
715 767 874 816 Olymp.
913 768 1073 808 LXXX.
1124 781 1159 809 1.
1194 777 1292 808 teste

172 837 345 877 Diodoro
378 834 474 884 (2),
502 835 568 883 qui
601 836 709 874 etiam
739 837 779 877 h.
802 838 830 876 1.
858 837 1047 887 Areopagi
1069 837 1293 878 deminutio-

171 918 255 946 nem
289 906 417 944 eodem
454 915 551 943 anno
583 907 775 954 narravit,
816 919 893 955 quo
928 909 1043 958 hujus
1080 908 1134 946 rei
1158 916 1292 948 auctor

170 985 341 1015 mortuus
383 985 454 1016 est.
529 974 622 1023 Ejus
659 977 871 1025 sepulcrum
904 976 1017 1015 situm
1045 982 1122 1015 erat
1146 977 1186 1015 in
1214 977 1290 1015 Ce-

166 1047 332 1094 ramico,
370 1049 437 1087 ubi
458 1049 657 1088 Pausaniae
681 1048 751 1098 (3)
778 1047 896 1086 adhuc
933 1057 1051 1086 aetate
1070 1047 1284 1087 invenieba-

170 1124 247 1156 tur.
301 1118 364 1156 Ab
392 1119 549 1157 Aeliano
585 1119 680 1156 inter
702 1129 768 1155 eos
798 1127 1055 1164 enumeratur,
1077 1118 1141 1165 qui
1165 1118 1290 1166 philo·

171 1186 328 1235 sophiae
377 1189 542 1226 studium
596 1188 768 1236 politicae
812 1187 879 1224 arti
923 1187 1139 1225 adhiberent
1187 1188 1282 1236 (4);

173 1256 272 1293 unde
317 1255 447 1295 didicit
480 1265 732 1305 paupertatem
765 1266 886 1304 aequo
928 1255 1051 1293 animo
1092 1255 1286 1306 perferre,

169 1325 222 1364 ita
261 1334 303 1364 ut
341 1337 388 1364 ne
415 1326 461 1365 ab
500 1326 629 1365 amicis
668 1325 815 1374 quidem
842 1336 991 1362 munera
1017 1326 1183 1374 accipere
1207 1327 1287 1364 vel·

173 1397 250 1444 let,
277 1407 347 1444 ne,
377 1406 442 1435 aut
463 1396 650 1435 videretur
675 1396 839 1443 ingratus
867 1406 974 1442 esse,
1011 1405 1075 1433 aut
1095 1405 1288 1444 cogeretur

167 1464 215 1505 iis
242 1465 280 1504 in
313 1467 435 1514 aliqua
459 1479 497 1505 re
521 1475 664 1515 praeter
691 1465 746 1503 fas
771 1465 966 1514 gratificari
992 1467 1076 1513 (5).
1130 1466 1279 1516 Quanta

166 1535 281 1575 fuerit
319 1536 554 1585 integritate,
608 1536 693 1574 inde
731 1535 945 1584 colligitur,
998 1537 1102 1584 quod
1141 1537 1281 1575 Cimon

177 1618 198 1644 e
236 1606 370 1645 ceteris
411 1606 655 1655 popularibus
681 1633 694 1653 ‚
748 1617 844 1653 quos
891 1604 1039 1643 videbat
1088 1616 1217 1644 omnes
1261 1618 1282 1644 e

169 1676 320 1730 publica
372 1676 528 1724 pecunia
587 1684 779 1723 quaestum
828 1675 901 1714 sibi
962 1674 1111 1722 facere,
1180 1677 1279 1715 hunc

166 1759 251 1786 curn
285 1746 455 1786 Aristide
489 1747 673 1795 exceperit
698 1745 783 1794 (6).
838 1745 981 1784 Merito
1017 1745 1130 1795 igitur
1171 1746 1279 1786 Prae·

1217 1824 1280 1855 to·

206 1913 261 1949 (ι)
282 1913 361 1941 Plut.
396 1911 428 1940 in
451 1915 518 1943 Per.
547 1920 615 1949 cap.
640 1919 687 1942 ιο.
717 1920 750 1949 p.
771 1916 834 1944 185.
855 1912 954 1949 A.j—
973 1910 1100 1948 Antiph.
1128 1911 1166 1941 de
1185 1911 1278 1941 caede

164 1971 280 2000 Herod.
302 1970 331 2005 §.
352 1976 403 1999 12.

201 2028 254 2066 (2)
275 2028 368 2057 Diod.
390 2026 448 2056 sic.
468 2028 492 2056 1.
514 2028 536 2057 l.

202 2084 258 2123 (3)
277 2087 367 2115 Paus-
387 2086 411 2114 l.
433 2086 455 2113 l.

203 2142 258 2181 (4)
277 2142 400 2172 Aelian.
423 2143 462 2170 V.
479 2141 519 2170 H.
539 2141 596 2170 111.
628 2150 674 2177 ¹7·

201 2201 256 2238 (5)
275 2199 394 2229 Aelian.
415 2200 452 2228 V.
473 2199 512 2227 H.
535 2198 583 2228 XI.
603 2205 635 2234 9.

203 2256 256 2294 (6)
276 2258 357 2287 Plut.
379 2254 410 2285 iu
430 2254 510 2285 cim.
530 2257 600 2291 ‘cap-
624 2263 672 2285 ιο.
689 2262 720 2290 p.
737 2256 804 2292 485.
829 2254 859 2282 B.
