1502 2767
223 192 295 227 ως)
453 173 1119 222 ΟΟΜΜΕΝΤΑΤῙΟ

224 302 302 330 rare
328 288 412 339 (1).
440 286 550 333 Alii,
570 285 689 334 sylvis
717 284 991 334 paludibusque
1012 283 1180 333 relictis,
1206 295 1338 335 magna

224 369 409 399 armorum
425 357 463 395 vi
481 355 654 403 regiones
677 354 801 393 affines
822 353 989 393 invasere
1002 383 1014 402 ,
1032 363 1092 402 et,
1109 354 1233 393 ubivis
1256 366 1341 393 cae-

228 432 273 469 de
317 426 572 473 incendiis-que
613 424 752 471 factis,
783 435 909 463 secum
944 425 1133 464 duxerunt
1171 435 1339 473 magnam

229 498 464 549 captivorum
499 495 726 544 praedaeque
761 494 923 542 copiam.
1003 495 1159 544 Saepius
1194 503 1341 533 tantum

231 552 295 606 isti
319 565 494 615 rapiendo
518 565 658 604 victum
686 564 923 612 quaesivere,
948 573 985 603 et
1012 565 1052 602 in
1079 565 1247 614 regiones
1280 566 1344 603 de·

234 645 393 676 vastatas
414 634 617 674 habitatum
640 635 854 682 decessere,
882 647 902 672 e
924 635 1063 683 quibus
1085 635 1231 674 facilius
1253 636 1344 674 alias

235 705 453 755 depopulari
477 694 660 754 possent.
713 704 840 742 Potitii
876 704 926 741 ita
960 705 1057 751 alia,
1095 705 1200 743 aliam
1231 706 1343 745 armis

234 777 452 826 petierunt3
504 786 587 813 nam
619 774 839 813 validiorum
870 774 993 812 omnia
1034 785 1117 813 esse
1151 784 1345 823 putarunt.

236 839 318 885 Hac
344 845 488 884 ratione
517 845 786 884 descenderunt
813 844 853 882 in
886 845 1053 883 diversas
1081 845 1256 893 Europae
1293 857 1350 885 re·

239 917 369 966 giones
396 916 510 955 Gothi
524 945 538 964 ,
564 915 722 962 Hunni,
736 913 932 962 Vandali,
951 918 1111 954 Saxones
1128 943 1140 963 ,
1158 916 1351 956 Norman-

237 988 308 1033 ni,
334 985 496 1034 aliique,
525 994 567 1024 ut
595 985 702 1024 sedes
729 987 973 1034 praedamque
1000 997 1231 1033 quaererent.
1258 987 1352 1029 Pro.

240 1064 393 1094 ruerunt
417 1055 467 1093 in„
482 1056 696 1112 provincias
719 1055 880 1094 Romani
902 1056 1075 1110 imperii,
1101 1065 1138 1096 et
1158 1070 1243 1097 cum
1271 1060 1353 1097 Ro-

237 1127 355 1165 manis
371 1155 384 1174 ,
397 1138 516 1174 aeque
532 1137 573 1164 ac
590 1126 687 1164 inter
704 1137 744 1164 se
759 1154 772 1174 ,
789 1127 834 1164 de
848 1127 1013 1165 dominio
1038 1127 1271 1167 dimicarunt.
1297 1139 1366 1166 —er

241 1197 331 1247 Quo
356 1195 518 1244 accidit,
554 1192 596 1234 ut
622 1197 914 1247 expugnaverint
937 1196 1142 1248 Europae,
1183 1209 1252 1237 nec
1272 1209 1351 1238 non

240 1266 403 1315 Africae
415 1266 743 1315 septentrionalis,
758 1277 924 1314 magnam
948 1275 1104 1315 partem.
1131 1267 1193 1305 Sic
1218 1268 1357 1315 quinto

240 1347 277 1375 et
299 1345 406 1375 sexto
432 1337 580 1374 saeculo
607 1346 735 1385 gentes
756 1336 912 1388 nonnisi
934 1337 1147 1385 praedatum
1173 1347 1214 1374 ae
1240 1337 1357 1386 depo-

239 1408 405 1456 pulatum
433 1406 617 1444 bellarunt
644 1407 728 1455 (2).
1298 1446 1300 1449 ,

291 1476 371 1513 Hae
407 1475 560 1514 fuerunt
594 1475 814 1524 praecipuae
849 1477 895 1515 de
935 1476 1024 1516 belli
1051 1475 1208 1525 gerundi
1235 1477 1362 1516 causis

238 1546 443 1584 sententiae
459 1574 472 1593 ,
501 1556 596 1594 quae
620 1545 717 1584 inter
738 1555 890 1595 gentes,
916 1547 1080 1584 nondum
1100 1546 1358 1597 Chiistialias,

239 1616 546 1666 reperiebantur,
577 1627 668 1664 quas
684 1644 697 1663 ‚
726 1616 885 1654 maxime
920 1627 940 1654 a
965 1616 1143 1665 religione
1176 1604 1365 1667 Christia-¹
1388 1608 1391 1610 ³

238 1697 310 1734 na,
357 1687 457 1735 apud
492 1697 554 1726 eas
592 1686 750 1724 domitas
789 1697 831 1724 ac
866 1685 1047 1725 fraenatas
1082 1687 1157 1736 Jam
1194 1686 1360 1737 adverta-

239 1768 336 1795 mus.

279 1904 415 1944 (1)Cff.
445 1905 617 1942 Tac.,d0
650 1914 723 1943 mor.
759 1905 863 1932 Germ.
891 1909 992 1939 c.14.
1025 1901 1186 1930 Hisan·
1209 1907 1304 1934 073.
1327 1907 1359 1928 et

243 1966 407 1998 Florus,
431 1965 469 1992 11
504 1973 532 1993 1

283 2019 348 2058 (2)
356 2012 413 2052 'Cffi
444 2021 481 2051 Τ.
503 2013 663 2055 Rothe,
700 2019 724 2048 1
751 2000 1363 2055 p.385‚386,3‹o.et1·1er'der³,

196 2076 198 2078 ’
246 2078 335 2107 Ιᾱεὲη
360 2078 613 2115 lv.p.149.ac
635 2077 744 2113 Briefoe
765 2085 804 2104 zu
827 2075 899 2111 Bcf.
921 2076 950 2103 d.
971 2075 1065 2102 llum.
1085 2072 1128 2102 11.
1146 2079 1179 2109 p.
1195 2078 1261 2107 175·
