<?xml version="1.0" encoding="UTF-8"?>
<!DOCTYPE html PUBLIC "-//W3C//DTD XHTML 1.0 Transitional//EN"
    "http://www.w3.org/TR/xhtml1/DTD/xhtml1-transitional.dtd">
<html xmlns="http://www.w3.org/1999/xhtml" xml:lang="en" lang="en">
 <head>
  <title>
</title>
<meta http-equiv="Content-Type" content="text/html;charset=utf-8" />
  <meta name='ocr-system' content='tesseract 3.04.00' />
  <meta name='ocr-capabilities' content='ocr_page ocr_carea ocr_par ocr_line ocrx_word'/>
</head>
<body>
  <div class='ocr_page' id='page_1' title='image "annalesacademiae33rhen_0932.png"; bbox 0 0 1477 2725; ppageno 0'>
   <div class='ocr_carea' id='block_1_1' title="bbox 181 106 1151 167">
    <p class='ocr_par' dir='ltr' id='par_1_1' title="bbox 181 106 1151 167">
     <span class='ocr_line' id='line_1_1' title="bbox 181 106 1151 167; baseline -0.008 0"><span class='ocrx_word' id='word_1_1' title='bbox 181 129 251 167; x_wconf 79' lang='lat'>168</span> <span class='ocrx_word' id='word_1_2' title='bbox 324 106 583 163; x_wconf 82' lang='lat' dir='ltr'><strong>COMM.</strong></span> <span class='ocrx_word' id='word_1_3' title='bbox 637 120 1151 160; x_wconf 73' lang='lat' dir='ltr'>L1TERAR1A.</span> 
     </span>
    </p>
   </div>
   <div class='ocr_carea' id='block_1_2' title="bbox 178 229 1306 2301">
    <p class='ocr_par' dir='ltr' id='par_1_2' title="bbox 178 229 1306 2161">
     <span class='ocr_line' id='line_1_2' title="bbox 178 229 1302 279; baseline -0.004 -8"><span class='ocrx_word' id='word_1_4' title='bbox 178 234 322 273; x_wconf 87' lang='lat' dir='ltr'>Contra</span> <span class='ocrx_word' id='word_1_5' title='bbox 361 242 404 269; x_wconf 86' lang='lat' dir='ltr'>ea</span> <span class='ocrx_word' id='word_1_6' title='bbox 438 230 577 268; x_wconf 85' lang='lat' dir='ltr'><strong>diserte</strong></span> <span class='ocrx_word' id='word_1_7' title='bbox 622 230 862 279; x_wconf 81' lang='lat' dir='ltr'><strong>Thucydides</strong></span> <span class='ocrx_word' id='word_1_8' title='bbox 906 229 1103 278; x_wconf 82' lang='lat' dir='ltr'>distinguit</span> <span class='ocrx_word' id='word_1_9' title='bbox 1141 231 1191 271; x_wconf 71' lang='grc' dir='ltr'>τὰ</span> <span class='ocrx_word' id='word_1_10' title='bbox 1226 243 1302 278; x_wconf 73' lang='grc' dir='ltr'>μοι·</span> 
     </span>
     <span class='ocr_line' id='line_1_3' title="bbox 185 301 1296 354; baseline -0.005 -10"><span class='ocrx_word' id='word_1_11' title='bbox 185 306 252 354; x_wconf 55' lang='lat' dir='ltr'>xpc}</span> <span class='ocrx_word' id='word_1_12' title='bbox 292 305 398 352; x_wconf 79' lang='grc' dir='ltr'><em>τείχη</em></span> <span class='ocrx_word' id='word_1_13' title='bbox 438 304 520 351; x_wconf 76' lang='grc' dir='ltr'>πρὸς</span> <span class='ocrx_word' id='word_1_14' title='bbox 558 304 616 341; x_wconf 79' lang='grc' dir='ltr'>τὸν</span> <span class='ocrx_word' id='word_1_15' title='bbox 648 308 798 349; x_wconf 69' lang='grc' dir='ltr'>Πειραῖοι</span> <span class='ocrx_word' id='word_1_16' title='bbox 834 312 854 337; x_wconf 77' lang='lat' dir='ltr'>a</span> <span class='ocrx_word' id='word_1_17' title='bbox 893 305 1089 350; x_wconf 69' lang='grc' dir='ltr'><em>Φαληρικσῦ</em></span> <span class='ocrx_word' id='word_1_18' title='bbox 1127 301 1296 349; x_wconf 79' lang='grc' dir='ltr'><em>τείχους,</em></span> 
     </span>
     <span class='ocr_line' id='line_1_4' title="bbox 182 367 1297 420; baseline -0.007 -9"><span class='ocrx_word' id='word_1_19' title='bbox 182 374 306 411; x_wconf 84' lang='lat' dir='ltr'>eadem</span> <span class='ocrx_word' id='word_1_20' title='bbox 337 373 445 420; x_wconf 84' lang='lat' dir='ltr'>plane</span> <span class='ocrx_word' id='word_1_21' title='bbox 476 370 646 417; x_wconf 76' lang='lat' dir='ltr'>ratione,</span> <span class='ocrx_word' id='word_1_22' title='bbox 690 383 761 417; x_wconf 86' lang='lat' dir='ltr'>qua</span> <span class='ocrx_word' id='word_1_23' title='bbox 786 370 922 408; x_wconf 90' lang='lat' dir='ltr'>Livius</span> <span class='ocrx_word' id='word_1_24' title='bbox 963 370 1060 418; x_wconf 85' lang='lat'>(1),</span> <span class='ocrx_word' id='word_1_25' title='bbox 1106 380 1126 406; x_wconf 86' lang='lat' dir='ltr'>a</span> <span class='ocrx_word' id='word_1_26' title='bbox 1156 367 1297 405; x_wconf 88' lang='lat' dir='ltr'>Leakio</span> 
     </span>
     <span class='ocr_line' id='line_1_5' title="bbox 181 438 1299 488; baseline -0.005 -8"><span class='ocrx_word' id='word_1_27' title='bbox 181 443 345 487; x_wconf 86' lang='lat' dir='ltr'>citatus,</span> <span class='ocrx_word' id='word_1_28' title='bbox 381 453 531 479; x_wconf 77' lang='lat' dir='ltr'>murum</span> <span class='ocrx_word' id='word_1_29' title='bbox 562 450 738 477; x_wconf 82' lang='lat' dir='ltr'>memorat</span> <span class='ocrx_word' id='word_1_30' title='bbox 779 443 844 488; x_wconf 75' lang='lat' dir='ltr'>qni</span> <span class='ocrx_word' id='word_1_31' title='bbox 875 439 1012 478; x_wconf 71' lang='lat' dir='ltr'>duobus</span> <span class='ocrx_word' id='word_1_32' title='bbox 1040 439 1202 476; x_wconf 80' lang='lat' dir='ltr'>brachiis</span> <span class='ocrx_word' id='word_1_33' title='bbox 1233 438 1299 474; x_wconf 80' lang='lat' dir='ltr'>Pi·</span> 
     </span>
     <span class='ocr_line' id='line_1_6' title="bbox 184 508 1298 560; baseline -0.004 -11"><span class='ocrx_word' id='word_1_34' title='bbox 184 524 333 549; x_wconf 79' lang='lat' dir='ltr'>raeeum</span> <span class='ocrx_word' id='word_1_35' title='bbox 379 510 538 548; x_wconf 75' lang='lat' dir='ltr'><em>Athenis</em></span> <span class='ocrx_word' id='word_1_36' title='bbox 575 510 720 560; x_wconf 75' lang='lat' dir='ltr'>jungit.</span> <span class='ocrx_word' id='word_1_37' title='bbox 801 510 885 545; x_wconf 69' lang='lat' dir='ltr'>Nisi</span> <span class='ocrx_word' id='word_1_38' title='bbox 925 509 1019 546; x_wconf 84' lang='lat' dir='ltr'>enim</span> <span class='ocrx_word' id='word_1_39' title='bbox 1058 508 1191 546; x_wconf 86' lang='lat' dir='ltr'>Livius</span> <span class='ocrx_word' id='word_1_40' title='bbox 1229 508 1298 544; x_wconf 84' lang='lat' dir='ltr'>hos</span> 
     </span>
     <span class='ocr_line' id='line_1_7' title="bbox 184 579 1303 627; baseline -0.004 -8"><span class='ocrx_word' id='word_1_41' title='bbox 184 582 281 619; x_wconf 91' lang='lat' dir='ltr'>duos</span> <span class='ocrx_word' id='word_1_42' title='bbox 307 592 433 618; x_wconf 89' lang='lat' dir='ltr'>muros</span> <span class='ocrx_word' id='word_1_43' title='bbox 451 608 464 627; x_wconf 83' lang='lat'>‚</span> <span class='ocrx_word' id='word_1_44' title='bbox 489 591 606 617; x_wconf 85' lang='lat' dir='ltr'>unum</span> <span class='ocrx_word' id='word_1_45' title='bbox 634 580 821 616; x_wconf 81' lang='lat' dir='ltr'>Piraeeum</span> <span class='ocrx_word' id='word_1_46' title='bbox 864 579 947 615; x_wconf 87' lang='lat' dir='ltr'>urbi</span> <span class='ocrx_word' id='word_1_47' title='bbox 975 579 1199 626; x_wconf 81' lang='lat' dir='ltr'>jungentes,</span> <span class='ocrx_word' id='word_1_48' title='bbox 1227 589 1303 614; x_wconf 90' lang='lat' dir='ltr'>me-</span> 
     </span>
     <span class='ocr_line' id='line_1_8' title="bbox 186 646 1301 695; baseline -0.006 -6"><span class='ocrx_word' id='word_1_49' title='bbox 186 661 329 689; x_wconf 85' lang='lat' dir='ltr'>morare</span> <span class='ocrx_word' id='word_1_50' title='bbox 366 649 580 695; x_wconf 78' lang='lat' dir='ltr'>voluisset,</span> <span class='ocrx_word' id='word_1_51' title='bbox 633 649 739 685; x_wconf 87' lang='lat' dir='ltr'>etiam</span> <span class='ocrx_word' id='word_1_52' title='bbox 774 650 913 686; x_wconf 81' lang='lat' dir='ltr'>Phaleri</span> <span class='ocrx_word' id='word_1_53' title='bbox 952 648 1104 685; x_wconf 84' lang='lat' dir='ltr'>fecisset</span> <span class='ocrx_word' id='word_1_54' title='bbox 1144 646 1301 683; x_wconf 86' lang='lat' dir='ltr'>mentio·</span> 
     </span>
     <span class='ocr_line' id='line_1_9' title="bbox 186 715 1301 767; baseline -0.005 -9"><span class='ocrx_word' id='word_1_55' title='bbox 186 731 295 767; x_wconf 84' lang='lat' dir='ltr'>nem3</span> <span class='ocrx_word' id='word_1_56' title='bbox 325 727 476 767; x_wconf 84' lang='lat' dir='ltr'>apparet</span> <span class='ocrx_word' id='word_1_57' title='bbox 508 729 597 755; x_wconf 89' lang='lat' dir='ltr'>vero</span> <span class='ocrx_word' id='word_1_58' title='bbox 628 729 757 762; x_wconf 88' lang='lat' dir='ltr'>nunc,</span> <span class='ocrx_word' id='word_1_59' title='bbox 789 717 940 755; x_wconf 88' lang='lat' dir='ltr'>Livium</span> <span class='ocrx_word' id='word_1_60' title='bbox 967 729 1050 754; x_wconf 85' lang='lat' dir='ltr'>cuin</span> <span class='ocrx_word' id='word_1_61' title='bbox 1080 715 1301 764; x_wconf 88' lang='lat' dir='ltr'>Thucydide</span> 
     </span>
     <span class='ocr_line' id='line_1_10' title="bbox 185 786 1300 837; baseline -0.004 -10"><span class='ocrx_word' id='word_1_62' title='bbox 185 791 320 837; x_wconf 84' lang='lat' dir='ltr'>longos</span> <span class='ocrx_word' id='word_1_63' title='bbox 352 790 446 827; x_wconf 89' lang='lat' dir='ltr'>istos</span> <span class='ocrx_word' id='word_1_64' title='bbox 482 799 635 834; x_wconf 81' lang='lat' dir='ltr'>muros‚</span> <span class='ocrx_word' id='word_1_65' title='bbox 673 789 732 824; x_wconf 86' lang='lat' dir='ltr'>vel</span> <span class='ocrx_word' id='word_1_66' title='bbox 767 787 941 832; x_wconf 81' lang='lat' dir='ltr'>brachia,</span> <span class='ocrx_word' id='word_1_67' title='bbox 979 786 1167 825; x_wconf 79' lang='lat' dir='ltr'>Phalerico</span> <span class='ocrx_word' id='word_1_68' title='bbox 1193 796 1300 823; x_wconf 87' lang='lat' dir='ltr'>muro</span> 
     </span>
     <span class='ocr_line' id='line_1_11' title="bbox 187 857 1300 908; baseline -0.004 -11"><span class='ocrx_word' id='word_1_69' title='bbox 187 859 429 908; x_wconf 88' lang='lat' dir='ltr'>opposuisse.</span> <span class='ocrx_word' id='word_1_70' title='bbox 457 858 584 908; x_wconf 87' lang='lat' dir='ltr'>Quum</span> <span class='ocrx_word' id='word_1_71' title='bbox 613 858 728 905; x_wconf 88' lang='lat' dir='ltr'>igitur</span> <span class='ocrx_word' id='word_1_72' title='bbox 745 857 1013 905; x_wconf 85' lang='lat' dir='ltr'>Thucydides,</span> <span class='ocrx_word' id='word_1_73' title='bbox 1042 866 1184 904; x_wconf 86' lang='lat' dir='ltr'>praeter</span> <span class='ocrx_word' id='word_1_74' title='bbox 1211 857 1300 893; x_wconf 86' lang='lat' dir='ltr'>Pha-</span> 
     </span>
     <span class='ocr_line' id='line_1_12' title="bbox 185 927 1300 976; baseline -0.004 -10"><span class='ocrx_word' id='word_1_75' title='bbox 185 929 339 967; x_wconf 88' lang='lat' dir='ltr'>lericum</span> <span class='ocrx_word' id='word_1_76' title='bbox 376 939 550 974; x_wconf 85' lang='lat' dir='ltr'>murum,</span> <span class='ocrx_word' id='word_1_77' title='bbox 579 927 732 974; x_wconf 79' lang='lat' dir='ltr'>insuper</span> <span class='ocrx_word' id='word_1_78' title='bbox 768 929 817 967; x_wconf 66' lang='grc' dir='ltr'>τὰ</span> <span class='ocrx_word' id='word_1_79' title='bbox 839 929 962 976; x_wconf 66' lang='grc' dir='ltr'><em>μακρὰ</em></span> <span class='ocrx_word' id='word_1_80' title='bbox 986 929 1093 976; x_wconf 78' lang='grc' dir='ltr'><em>τείχη</em></span> <span class='ocrx_word' id='word_1_81' title='bbox 1123 937 1300 963; x_wconf 87' lang='lat' dir='ltr'>memora·</span> 
     </span>
     <span class='ocr_line' id='line_1_13' title="bbox 188 995 1301 1045; baseline -0.004 -8"><span class='ocrx_word' id='word_1_82' title='bbox 188 999 309 1045; x_wconf 79' lang='lat' dir='ltr'>verit,</span> <span class='ocrx_word' id='word_1_83' title='bbox 343 1011 363 1036; x_wconf 89' lang='lat' dir='ltr'>a</span> <span class='ocrx_word' id='word_1_84' title='bbox 399 998 514 1035; x_wconf 89' lang='lat' dir='ltr'>Livio</span> <span class='ocrx_word' id='word_1_85' title='bbox 553 999 628 1035; x_wconf 89' lang='lat' dir='ltr'>duo</span> <span class='ocrx_word' id='word_1_86' title='bbox 655 997 803 1034; x_wconf 85' lang='lat' dir='ltr'>brachia</span> <span class='ocrx_word' id='word_1_87' title='bbox 838 997 1043 1044; x_wconf 76' lang='lat' dir='ltr'>appellata3</span> <span class='ocrx_word' id='word_1_88' title='bbox 1084 995 1301 1042; x_wconf 81' lang='lat' dir='ltr'>videamus,</span> 
     </span>
     <span class='ocr_line' id='line_1_14' title="bbox 189 1064 1301 1117; baseline -0.004 -11"><span class='ocrx_word' id='word_1_89' title='bbox 189 1079 278 1106; x_wconf 88' lang='lat' dir='ltr'>num</span> <span class='ocrx_word' id='word_1_90' title='bbox 325 1080 365 1106; x_wconf 85' lang='lat' dir='ltr'>ea</span> <span class='ocrx_word' id='word_1_91' title='bbox 418 1070 544 1117; x_wconf 71' lang='grc' dir='ltr'><em>μακροὶ</em></span> <span class='ocrx_word' id='word_1_92' title='bbox 589 1069 716 1116; x_wconf 79' lang='grc' dir='ltr'><em>τείχη,</em></span> <span class='ocrx_word' id='word_1_93' title='bbox 771 1068 880 1112; x_wconf 84' lang='grc' dir='ltr'><em>σκέλη</em></span> <span class='ocrx_word' id='word_1_94' title='bbox 931 1067 1110 1113; x_wconf 80' lang='lat' dir='ltr'>appellata</span> <span class='ocrx_word' id='word_1_95' title='bbox 1149 1064 1301 1102; x_wconf 87' lang='lat' dir='ltr'>fuerint.</span> 
     </span>
     <span class='ocr_line' id='line_1_15' title="bbox 189 1135 1306 1185; baseline -0.004 -10"><span class='ocrx_word' id='word_1_96' title='bbox 189 1138 242 1176; x_wconf 89' lang='lat' dir='ltr'>Et</span> <span class='ocrx_word' id='word_1_97' title='bbox 264 1138 324 1175; x_wconf 89' lang='lat' dir='ltr'>hic</span> <span class='ocrx_word' id='word_1_98' title='bbox 361 1138 577 1185; x_wconf 85' lang='lat' dir='ltr'>apponenda</span> <span class='ocrx_word' id='word_1_99' title='bbox 602 1146 690 1173; x_wconf 88' lang='lat' dir='ltr'>sunt</span> <span class='ocrx_word' id='word_1_100' title='bbox 714 1137 943 1174; x_wconf 83' lang='lat' dir='ltr'>Scholiastae</span> <span class='ocrx_word' id='word_1_101' title='bbox 961 1135 1137 1173; x_wconf 84' lang='lat' dir='ltr'>Platonici</span> <span class='ocrx_word' id='word_1_102' title='bbox 1164 1135 1275 1172; x_wconf 83' lang='lat' dir='ltr'>verba</span> <span class='ocrx_word' id='word_1_103' title='bbox 1293 1163 1306 1180; x_wconf 85' lang='lat'>‚</span> 
     </span>
     <span class='ocr_line' id='line_1_16' title="bbox 191 1204 1305 1255; baseline -0.004 -11"><span class='ocrx_word' id='word_1_104' title='bbox 191 1219 284 1254; x_wconf 87' lang='lat' dir='ltr'>quae</span> <span class='ocrx_word' id='word_1_105' title='bbox 307 1207 344 1244; x_wconf 89' lang='lat' dir='ltr'>in</span> <span class='ocrx_word' id='word_1_106' title='bbox 368 1207 495 1243; x_wconf 81' lang='lat' dir='ltr'>eodem</span> <span class='ocrx_word' id='word_1_107' title='bbox 518 1206 664 1243; x_wconf 86' lang='lat' dir='ltr'>scholio</span> <span class='ocrx_word' id='word_1_108' title='bbox 684 1234 695 1252; x_wconf 83' lang='grc'>,</span> <span class='ocrx_word' id='word_1_109' title='bbox 722 1208 831 1255; x_wconf 77' lang='lat' dir='ltr'>cujils</span> <span class='ocrx_word' id='word_1_110' title='bbox 861 1217 934 1242; x_wconf 86' lang='lat' dir='ltr'>non</span> <span class='ocrx_word' id='word_1_111' title='bbox 958 1205 1031 1242; x_wconf 89' lang='lat' dir='ltr'>nisi</span> <span class='ocrx_word' id='word_1_112' title='bbox 1047 1214 1183 1251; x_wconf 79' lang='lat' dir='ltr'>partem</span> <span class='ocrx_word' id='word_1_113' title='bbox 1205 1204 1305 1242; x_wconf 85' lang='lat' dir='ltr'>dedit</span> 
     </span>
     <span class='ocr_line' id='line_1_17' title="bbox 190 1274 1302 1326; baseline 0.001 -12"><span class='ocrx_word' id='word_1_114' title='bbox 190 1276 506 1326; x_wconf 85' lang='lat' dir='ltr'>Wyttenbachius</span> <span class='ocrx_word' id='word_1_115' title='bbox 523 1303 534 1321; x_wconf 85' lang='lat'>‚</span> <span class='ocrx_word' id='word_1_116' title='bbox 562 1277 752 1323; x_wconf 84' lang='lat' dir='ltr'>leguntur.</span> <span class='ocrx_word' id='word_1_117' title='bbox 791 1274 953 1312; x_wconf 85' lang='lat' dir='ltr'>Additur</span> <span class='ocrx_word' id='word_1_118' title='bbox 979 1275 1073 1311; x_wconf 86' lang='lat' dir='ltr'>enim</span> <span class='ocrx_word' id='word_1_119' title='bbox 1103 1274 1182 1311; x_wconf 86' lang='lat' dir='ltr'>ibi:</span> <span class='ocrx_word' id='word_1_120' title='bbox 1211 1274 1251 1314; x_wconf 80' lang='grc' dir='ltr'>ἵν’</span> <span class='ocrx_word' id='word_1_121' title='bbox 1273 1277 1302 1314; x_wconf 85' lang='grc' dir='ltr'>εἶ</span> 
     </span>
     <span class='ocr_line' id='line_1_18' title="bbox 190 1343 1306 1394; baseline -0.005 -7"><span class='ocrx_word' id='word_1_122' title='bbox 190 1350 230 1388; x_wconf 77' lang='grc' dir='ltr'>τὸ</span> <span class='ocrx_word' id='word_1_123' title='bbox 245 1345 280 1387; x_wconf 80' lang='grc' dir='ltr'>ἓν</span> <span class='ocrx_word' id='word_1_124' title='bbox 303 1348 518 1394; x_wconf 55' lang='grc' dir='ltr'><em>καταβληθῇ</em></span> <span class='ocrx_word' id='word_1_125' title='bbox 539 1347 578 1385; x_wconf 78' lang='grc' dir='ltr'>τὸ</span> <span class='ocrx_word' id='word_1_126' title='bbox 598 1345 689 1385; x_wconf 71' lang='grc' dir='ltr'><em>ἄλλο</em></span> <span class='ocrx_word' id='word_1_127' title='bbox 715 1346 899 1394; x_wconf 81' lang='grc' dir='ltr'><em>ὑπηρετοίη</em></span> <span class='ocrx_word' id='word_1_128' title='bbox 923 1345 1011 1393; x_wconf 71' lang='grc' dir='ltr'>ἄχρι</span> <span class='ocrx_word' id='word_1_129' title='bbox 1023 1347 1170 1384; x_wconf 82' lang='grc' dir='ltr'><em>πολλοῦ.</em></span> <span class='ocrx_word' id='word_1_130' title='bbox 1201 1343 1306 1392; x_wconf 86' lang='lat' dir='ltr'>Quid</span> 
     </span>
     <span class='ocr_line' id='line_1_19' title="bbox 187 1413 1305 1460; baseline -0.003 -7"><span class='ocrx_word' id='word_1_131' title='bbox 187 1417 331 1453; x_wconf 87' lang='lat' dir='ltr'>tandem</span> <span class='ocrx_word' id='word_1_132' title='bbox 361 1415 430 1452; x_wconf 85' lang='lat' dir='ltr'>ista</span> <span class='ocrx_word' id='word_1_133' title='bbox 459 1414 531 1451; x_wconf 86' lang='lat' dir='ltr'>sibi</span> <span class='ocrx_word' id='word_1_134' title='bbox 557 1414 671 1450; x_wconf 86' lang='lat' dir='ltr'>velint</span> <span class='ocrx_word' id='word_1_135' title='bbox 689 1442 700 1459; x_wconf 82' lang='lat'><strong>‚</strong></span> <span class='ocrx_word' id='word_1_136' title='bbox 729 1413 800 1450; x_wconf 85' lang='lat' dir='ltr'>nisi</span> <span class='ocrx_word' id='word_1_137' title='bbox 829 1414 930 1460; x_wconf 88' lang='lat' dir='ltr'>quod</span> <span class='ocrx_word' id='word_1_138' title='bbox 953 1415 1043 1450; x_wconf 85' lang='lat' dir='ltr'>alter</span> <span class='ocrx_word' id='word_1_139' title='bbox 1067 1424 1196 1451; x_wconf 89' lang='lat' dir='ltr'>murus</span> <span class='ocrx_word' id='word_1_140' title='bbox 1216 1422 1305 1460; x_wconf 85' lang='lat' dir='ltr'>post</span> 
     </span>
     <span class='ocr_line' id='line_1_20' title="bbox 189 1482 1300 1530; baseline -0.003 -7"><span class='ocrx_word' id='word_1_141' title='bbox 189 1487 344 1523; x_wconf 85' lang='lat' dir='ltr'>alterum</span> <span class='ocrx_word' id='word_1_142' title='bbox 380 1483 592 1521; x_wconf 84' lang='lat' dir='ltr'>aedificatus</span> <span class='ocrx_word' id='word_1_143' title='bbox 634 1482 780 1520; x_wconf 75' lang='lat' dir='ltr'>fuerit?</span> <span class='ocrx_word' id='word_1_144' title='bbox 821 1483 871 1520; x_wconf 92' lang='lat' dir='ltr'>Et</span> <span class='ocrx_word' id='word_1_145' title='bbox 899 1494 1119 1530; x_wconf 84' lang='lat' dir='ltr'>quamquam</span> <span class='ocrx_word' id='word_1_146' title='bbox 1163 1483 1300 1520; x_wconf 87' lang='lat' dir='ltr'>verba:</span> 
     </span>
     <span class='ocr_line' id='line_1_21' title="bbox 188 1552 1303 1604; baseline -0.005 -8"><span class='ocrx_word' id='word_1_147' title='bbox 188 1558 230 1596; x_wconf 80' lang='grc' dir='ltr'>τὸ</span> <span class='ocrx_word' id='word_1_148' title='bbox 261 1558 325 1604; x_wconf 80' lang='grc' dir='ltr'>μὲν</span> <span class='ocrx_word' id='word_1_149' title='bbox 351 1555 494 1603; x_wconf 68' lang='grc' dir='ltr'><em>βάλλον</em></span> <span class='ocrx_word' id='word_1_150' title='bbox 517 1570 551 1594; x_wconf 90' lang='grc' dir='ltr'>κ.</span> <span class='ocrx_word' id='word_1_151' title='bbox 576 1570 610 1593; x_wconf 83' lang='grc' dir='ltr'>τ.</span> <span class='ocrx_word' id='word_1_152' title='bbox 635 1564 672 1593; x_wconf 91' lang='grc' dir='ltr'>λ.</span> <span class='ocrx_word' id='word_1_153' title='bbox 703 1553 824 1600; x_wconf 87' lang='lat' dir='ltr'>primo</span> <span class='ocrx_word' id='word_1_154' title='bbox 849 1555 1042 1589; x_wconf 85' lang='lat' dir='ltr'>oculorum</span> <span class='ocrx_word' id='word_1_155' title='bbox 1065 1552 1227 1599; x_wconf 89' lang='lat' dir='ltr'>obtutu,</span> <span class='ocrx_word' id='word_1_156' title='bbox 1258 1553 1303 1590; x_wconf 85' lang='lat' dir='ltr'>ad</span> 
     </span>
     <span class='ocr_line' id='line_1_22' title="bbox 191 1622 1300 1671; baseline -0.003 -9"><span class='ocrx_word' id='word_1_157' title='bbox 191 1637 336 1663; x_wconf 86' lang='lat' dir='ltr'>murum</span> <span class='ocrx_word' id='word_1_158' title='bbox 364 1627 423 1664; x_wconf 78' lang='grc' dir='ltr'>τὸν</span> <span class='ocrx_word' id='word_1_159' title='bbox 449 1626 507 1664; x_wconf 65' lang='grc' dir='ltr'>διὰ</span> <span class='ocrx_word' id='word_1_160' title='bbox 530 1624 639 1671; x_wconf 82' lang='grc' dir='ltr'><em>μέσου</em></span> <span class='ocrx_word' id='word_1_161' title='bbox 663 1622 787 1659; x_wconf 72' lang='lat' dir='ltr'>referri</span> <span class='ocrx_word' id='word_1_162' title='bbox 803 1631 976 1669; x_wconf 82' lang='lat' dir='ltr'>oportere</span> <span class='ocrx_word' id='word_1_163' title='bbox 993 1622 1107 1659; x_wconf 88' lang='lat' dir='ltr'>videri</span> <span class='ocrx_word' id='word_1_164' title='bbox 1125 1623 1300 1670; x_wconf 77' lang='lat' dir='ltr'>possint,</span> 
     </span>
     <span class='ocr_line' id='line_1_23' title="bbox 188 1691 1303 1740; baseline -0.002 -8"><span class='ocrx_word' id='word_1_165' title='bbox 188 1707 273 1732; x_wconf 86' lang='lat' dir='ltr'>curn</span> <span class='ocrx_word' id='word_1_166' title='bbox 300 1695 479 1732; x_wconf 88' lang='lat' dir='ltr'>Goellero</span> <span class='ocrx_word' id='word_1_167' title='bbox 508 1703 627 1730; x_wconf 85' lang='lat' dir='ltr'>tamen</span> <span class='ocrx_word' id='word_1_168' title='bbox 656 1693 778 1740; x_wconf 84' lang='lat' dir='ltr'>aptius</span> <span class='ocrx_word' id='word_1_169' title='bbox 803 1704 842 1729; x_wconf 85' lang='lat' dir='ltr'>ea</span> <span class='ocrx_word' id='word_1_170' title='bbox 867 1692 911 1729; x_wconf 90' lang='lat' dir='ltr'>de</span> <span class='ocrx_word' id='word_1_171' title='bbox 936 1691 1118 1728; x_wconf 85' lang='lat' dir='ltr'>ambobus</span> <span class='ocrx_word' id='word_1_172' title='bbox 1143 1691 1303 1730; x_wconf 83' lang='lat' dir='ltr'>externis</span> 
     </span>
     <span class='ocr_line' id='line_1_24' title="bbox 189 1762 1302 1810; baseline 0 -8"><span class='ocrx_word' id='word_1_173' title='bbox 189 1765 307 1802; x_wconf 87' lang='lat' dir='ltr'>muris</span> <span class='ocrx_word' id='word_1_174' title='bbox 331 1763 487 1810; x_wconf 88' lang='lat' dir='ltr'>intelligi</span> <span class='ocrx_word' id='word_1_175' title='bbox 510 1763 636 1800; x_wconf 89' lang='lat' dir='ltr'>credo.</span> <span class='ocrx_word' id='word_1_176' title='bbox 666 1763 810 1800; x_wconf 87' lang='lat' dir='ltr'>Ductus</span> <span class='ocrx_word' id='word_1_177' title='bbox 834 1770 890 1799; x_wconf 89' lang='lat' dir='ltr'>est</span> <span class='ocrx_word' id='word_1_178' title='bbox 913 1762 1099 1808; x_wconf 80' lang='lat' dir='ltr'>tertius‚5</span> <span class='ocrx_word' id='word_1_179' title='bbox 1126 1763 1302 1810; x_wconf 71' lang='grc' dir='ltr'>διὰμέσου</span> 
     </span>
     <span class='ocr_line' id='line_1_25' title="bbox 189 1832 1305 1880; baseline -0.004 -8"><span class='ocrx_word' id='word_1_180' title='bbox 189 1846 318 1873; x_wconf 88' lang='lat' dir='ltr'>murus</span> <span class='ocrx_word' id='word_1_181' title='bbox 345 1846 364 1871; x_wconf 89' lang='lat' dir='ltr'>a</span> <span class='ocrx_word' id='word_1_182' title='bbox 387 1833 595 1880; x_wconf 86' lang='lat' dir='ltr'>Munychia</span> <span class='ocrx_word' id='word_1_183' title='bbox 612 1832 657 1869; x_wconf 85' lang='lat' dir='ltr'>ad</span> <span class='ocrx_word' id='word_1_184' title='bbox 682 1833 808 1868; x_wconf 88' lang='lat' dir='ltr'>urbem</span> <span class='ocrx_word' id='word_1_185' title='bbox 827 1845 839 1879; x_wconf 67' lang='grc' dir='ltr'><strong>ς</strong></span> <span class='ocrx_word' id='word_1_186' title='bbox 867 1834 982 1869; x_wconf 81' lang='lat' dir='ltr'>altero</span> <span class='ocrx_word' id='word_1_187' title='bbox 1004 1832 1232 1878; x_wconf 84' lang='lat' dir='ltr'>reliquorum</span> <span class='ocrx_word' id='word_1_188' title='bbox 1259 1833 1305 1869; x_wconf 86' lang='lat' dir='ltr'>ad</span> 
     </span>
     <span class='ocr_line' id='line_1_26' title="bbox 188 1901 1298 1949; baseline -0.003 -7"><span class='ocrx_word' id='word_1_189' title='bbox 188 1904 374 1942; x_wconf 86' lang='lat' dir='ltr'>Piraeeum</span> <span class='ocrx_word' id='word_1_190' title='bbox 391 1931 403 1949; x_wconf 83' lang='lat'>‚</span> <span class='ocrx_word' id='word_1_191' title='bbox 431 1905 546 1940; x_wconf 81' lang='lat' dir='ltr'>altero</span> <span class='ocrx_word' id='word_1_192' title='bbox 573 1902 615 1938; x_wconf 88' lang='lat' dir='ltr'>ad</span> <span class='ocrx_word' id='word_1_193' title='bbox 642 1902 831 1939; x_wconf 82' lang='lat' dir='ltr'>Phalerum</span> <span class='ocrx_word' id='word_1_194' title='bbox 863 1902 1087 1948; x_wconf 81' lang='lat' dir='ltr'>pertinente.</span> <span class='ocrx_word' id='word_1_195' title='bbox 1118 1901 1298 1939; x_wconf 84' lang='lat' dir='ltr'>Piraicuru</span> 
     </span>
     <span class='ocr_line' id='line_1_27' title="bbox 188 1964 1300 2023; baseline -0.005 -8"><span class='ocrx_word' id='word_1_196' title='bbox 188 1964 311 2023; x_wconf 61' lang='lat' dir='ltr'>mm</span> <span class='ocrx_word' id='word_1_197' title='bbox 350 1975 482 2022; x_wconf 63' lang='grc' dir='ltr'><em>βόρειον</em></span> <span class='ocrx_word' id='word_1_198' title='bbox 518 1973 595 2010; x_wconf 75' lang='lat' dir='ltr'>sive</span> <span class='ocrx_word' id='word_1_199' title='bbox 630 1975 669 2012; x_wconf 62' lang='grc' dir='ltr'>τὸ</span> <span class='ocrx_word' id='word_1_200' title='bbox 695 1974 816 2020; x_wconf 55' lang='grc' dir='ltr'><em>ἔξωθεν</em></span> <span class='ocrx_word' id='word_1_201' title='bbox 848 1971 1152 2018; x_wconf 72' lang='lat' dir='ltr'>custodiebatur3</span> <span class='ocrx_word' id='word_1_202' title='bbox 1207 1971 1300 2009; x_wconf 76' lang='lat' dir='ltr'>inte-</span> 
     </span>
     <span class='ocr_line' id='line_1_28' title="bbox 189 2041 1300 2088; baseline -0.003 -7"><span class='ocrx_word' id='word_1_203' title='bbox 189 2043 269 2082; x_wconf 90' lang='lat' dir='ltr'>rius</span> <span class='ocrx_word' id='word_1_204' title='bbox 301 2053 420 2080; x_wconf 85' lang='lat' dir='ltr'>autem</span> <span class='ocrx_word' id='word_1_205' title='bbox 462 2044 614 2088; x_wconf 81' lang='grc' dir='ltr'><em>σκέλος,</em></span> <span class='ocrx_word' id='word_1_206' title='bbox 665 2042 711 2079; x_wconf 83' lang='lat' dir='ltr'>ad</span> <span class='ocrx_word' id='word_1_207' title='bbox 749 2041 939 2079; x_wconf 86' lang='lat' dir='ltr'>meridiem</span> <span class='ocrx_word' id='word_1_208' title='bbox 973 2041 1164 2079; x_wconf 85' lang='lat' dir='ltr'>Phalerico</span> <span class='ocrx_word' id='word_1_209' title='bbox 1195 2053 1300 2079; x_wconf 89' lang='lat' dir='ltr'>muro</span> 
     </span>
     <span class='ocr_line' id='line_1_29' title="bbox 189 2111 1301 2161; baseline -0.003 -9"><span class='ocrx_word' id='word_1_210' title='bbox 189 2123 354 2160; x_wconf 86' lang='lat' dir='ltr'>tectum,</span> <span class='ocrx_word' id='word_1_211' title='bbox 401 2113 506 2151; x_wconf 88' lang='lat' dir='ltr'>nullo</span> <span class='ocrx_word' id='word_1_212' title='bbox 539 2112 721 2159; x_wconf 82' lang='lat' dir='ltr'>praesidio</span> <span class='ocrx_word' id='word_1_213' title='bbox 763 2111 907 2161; x_wconf 85' lang='lat' dir='ltr'>egebat.</span> <span class='ocrx_word' id='word_1_214' title='bbox 970 2112 1055 2150; x_wconf 89' lang='lat' dir='ltr'>Hoc</span> <span class='ocrx_word' id='word_1_215' title='bbox 1091 2111 1214 2159; x_wconf 84' lang='lat' dir='ltr'>enim,</span> <span class='ocrx_word' id='word_1_216' title='bbox 1258 2121 1301 2150; x_wconf 94' lang='lat' dir='ltr'>ut</span> 
     </span>
    </p>

    <p class='ocr_par' dir='ltr' id='par_1_3' title="bbox 1230 2194 1299 2232">
     <span class='ocr_line' id='line_1_30' title="bbox 1230 2194 1299 2232; baseline 0 0"><span class='ocrx_word' id='word_1_217' title='bbox 1230 2194 1299 2232; x_wconf 75' lang='lat' dir='ltr'>Pu·</span> 
     </span>
    </p>

    <p class='ocr_par' dir='ltr' id='par_1_4' title="bbox 229 2263 782 2301">
     <span class='ocr_line' id='line_1_31' title="bbox 229 2263 782 2301; baseline 0 -7"><span class='ocrx_word' id='word_1_218' title='bbox 229 2263 281 2301; x_wconf 85' lang='lat'>(1)</span> <span class='ocrx_word' id='word_1_219' title='bbox 304 2264 384 2295; x_wconf 74' lang='lat' dir='ltr'>nist.</span> <span class='ocrx_word' id='word_1_220' title='bbox 418 2265 488 2293; x_wconf 87' lang='lat' dir='ltr'>Lib.</span> <span class='ocrx_word' id='word_1_221' title='bbox 515 2265 614 2294; x_wconf 74' lang='lat' dir='ltr'>XXXI.</span> <span class='ocrx_word' id='word_1_222' title='bbox 640 2272 706 2300; x_wconf 83' lang='lat' dir='ltr'>cap.</span> <span class='ocrx_word' id='word_1_223' title='bbox 734 2266 782 2294; x_wconf 75' lang='lat'>26.</span> 
     </span>
    </p>
   </div>
  </div>
 </body>
</html>
