1538 2689
490 143 878 196 'MED1cA.⁵
1196 161 1240 205 19

132 271 151 302 t
164 263 235 314 yll
249 275 273 301 u
285 275 303 302 s
321 290 332 303 .
359 264 454 314 (ΑΘ.
472 266 565 313 350)
582 264 670 314 (ι),
687 265 750 313 qui
768 272 927 312 quatuor
940 263 1013 302 filis
1034 253 1075 301 ih*
1085 262 1241 314 ligatura

133 343 227 371 usus
253 342 331 381 est,
360 345 467 382 quam
493 334 706 372 methodum
733 334 841 373 multi
867 333 985 372 secuti
1011 343 1113 374 sunt.
1150 356 1154 358 ἡ
1205 342 1208 344 ’

184 402 364 442 Aetius
403 402 509 453 (A0.'
532 405 646 453 550.)
685 404 756 455 (α)
791 414 939 452 autem,
979 405 1044 453 qui
1090 405 1241 444 duobus

137 474 274 511 seculis
295 483 383 522 post
406 473 525 520 vixit,
556 486 684 512 rursns
709 476 784 512 duo
800 474 860 512 fila
884 474 1102 523 usurpavit,
1131 485 1241 523 quem

133 543 238 581 etiam
275 552 425 582 secutus
473 552 530 582 est
574 545 817 593 Aegineta
857 544 946 593 (Λο.
983 543 1096 593 634.)
1144 543 1244 593 (3),

134 614 348 662 praesertim
392 614 431 651 in
470 624 739 662 aneurysmate.
806 614 899 652 Post
944 613 1107 662 Aegin
1122 621 1245 651 etam

137 684 200 722 vix
227 683 403 732 Chirurgi
434 684 470 721 in
495 684 652 722 historia
678 693 879 722 occurrunt
896 711 909 731 ‚
938 695 1097 732 quorum
1126 682 1248 720 nomi-

135 764 181 792 na
211 762 274 791 aut
307 753 587 792 inventionibus
625 762 688 792 aut
711 753 862 802 scriptis
880 752 968 791 ‘suis
993 753 1040 791 ad
1065 764 1136 791 nos
1161 764 1249 801 per-

133 833 280 865 venere.
332 823 554 873 chirurgiae
570 824 693 862 eadem
717 824 801 861 sors
827 822 987 871 contigit
1009 834 1051 861 ac
1075 822 1251 861 omnibus

1195 902 1254 932 at·

175 1038 230 1076 (1)
247 1036 355 1066 panii
388 1028 615 1072 Aeginetfie
649 1036 768 1066 Meafet
801 1038 935 1074 insigms
973 1042 1050 1076 opus·
1073 1030 1243 1078 arvium,

126 1089 268 1124 masinae
289 1101 376 1128 1⁵32·
398 1094 421 1121 1.
436 1093 489 1122 VI.
506 1101 535 1122 c.
552 1099 601 1128 37.

176 1151 231 1190 (ῃ.)
251 1150 414 1186 Aetius,
435 1151 601 1178 Librorum
619 1151 707 1180 XVI.
730 1150 858 1179 Basiliae
879 1159 974 1188 1535,
995 1158 1070 1180 tom
1088 1153 1141 1181 111.
1160 1160 1192 1188 p.
1205 1161 1255 1189 79.

130 1230 161 1259 .”
165 1209 247 1246 Qua
270 1208 414 1244 paulatim
444 1208 592 1236 denudata
610 1207 765 1243 deinceps
794 1208 964 1242 adjecentia
988 1215 1122 1242 corpora
1141 1209 1254 1239 sensim

137 1285 165 1303 ,,
176 1264 396 1299 excoriamus‚‘
408 1266 448 1292 et
456 1253 657 1300 separamus,
679 1265 835 1301 ipsamque
853 1266 990 1294 arteriam
1007 1268 1134 1295 volsella
1151 1258 1254 1296 subin-

130 1318 160 1360 ¹„
182 1320 219 1353 de
240 1310 422 1352 attrahentes
448 1319 565 1349 duobus
590 1321 636 1349 fili
655 1321 785 1351 vinculis
811 1323 1047 1358 exquisitissime
1075 1323 1256 1358 constringi-

131 1382 165 1417 ·,;
183 1388 269 1415 mus,
299 1378 489 1413 mediamque
515 1374 594 1406 inter
620 1379 680 1407 duo
713 1379 835 1407 vincula
858 1379 1081 1415 abscindimus,
1103 1380 1255 1410 sectione·

140 1457 165 1474 ‚,
185 1426 243 1473 que
266 1436 383 1473 polline
420 1429 539 1463 thuris¹·
552 1438 669 1470 repleta
683 1444 717 1464 ac
738 1437 908 1466 linamentis
935 1436 1085 1473 impositis
1109 1446 1256 1473 congruas

129 1492 158 1531 ⁴3,
181 1495 319 1530 ligaturas
336 1488 532 1522 adhibemus!
549 1501 655 1529 postea
672 1500 821 1522 tumorem
840 1493 886 1530 (in
914 1494 1009 1523 cubiti
1037 1482 1191 1532 cavitate)
1208 1502 1256 1524 tu-

139 1572 163 1589 „
183 1561 215 1581 to
240 1560 392 1586 secamus,
412 1551 488 1579 nihil
510 1544 637 1586 aiuplius
661 1551 851 1586 ereptionem
878 1551 1030 1586 sanguinis
1057 1552 1170 1593 veriti,
1192 1557 1255 1581 tum

140 1604 164 1648 J,
184 1605 294 1645 grumis
324 1612 406 1637 recte
428 1609 597 1643 evacuatis,
628 1602 782 1643 arteriam,
825 1609 904 1636 uude
938 1608 1057 1642 sanguis
1082 1609 1258 1645 emanabat,

139 1654 183 1722 ἐ,
183 1666 403 1703 perquirimus,
424 1674 510 1701 quam
527 1663 680 1694 inventam
700 1667 828 1694 volsella
847 1667 1053 1700 attrahentes,
1071 1665 1149 1694 sicut
1172 1666 1256 1701 prio-

143 1744 167 1780 ’.’
186 1732 250 1753 rem
281 1723 532 1758 constringimus,
566 1731 730 1758 rursusque
757 1722 852 1751 thuris
877 1723 994 1758 polline
1014 1723 1184 1752 sectionem
1209 1731 1258 1752 re

142 1801 166 1836 ,1,
186 1783 302 1818 pientes
318 1778 387 1815 puri
409 1781 577 1816 generando
594 1780 726 1809 studium
744 1779 980 1816 impendimus?

156 1840 231 1876 (3)
251 1839 364 1868 Pauli
396 1838 618 1873 Aegineta,
648 1838 769 1865 Meum·
801 1845 862 1866 etc.
892 1839 1020 1872 1532-1·
1057 1838 1108 1867 VI.
1143 1846 1171 1869 c.
1201 1842 1253 1875 360

141 1889 167 1933 ,”,
186 1895 215 1926 si
229 1903 328 1924 tumor
356 1894 421 1924 sive
439 1902 613 1929 aneurysma
636 1902 673 1921 ex
691 1893 814 1922 arteriae
833 1893 968 1922 laesione
985 1894 1081 1922 factus
1106 1901 1171 1930 est,
1192 1900 1258 1923 sec-

138 1952 168 1992 ᾖ,
186 1954 301 1996 tionem
324 1960 437 1981 rectam
461 1949 493 1980 in
517 1950 736 1985 longitudinem
765 1953 830 1979 cuti
853 1950 1037 1986 infligimus,
1060 1951 1191 1987 deinde,
1213 1950 1259 1980 di-

143 2001 166 2046 ,,Ι
186 2010 283 2038 ductis
298 2017 352 2044 per
369 1996 599 2053 hamulus-voris,
624 2007 762 2051 arteriam
786 2007 970 2035 denudamus
984 2027 994 2041 ‚
1015 2015 1131 2043 et,acu
1151 2008 1206 2036 sub
1224 2016 1260 2037 eu

146 2058 172 2103 ,,ι
189 2067 379 2101 transmissa,
402 2065 517 2101 duplici
541 2065 594 2093 filo
631 2064 767 2099 ligamus.
819 2066 936 2093 Partem
963 2064 1097 2098 ligaturis
1130 2065 1258 2094 mediam

146 2142 169 2158 ‚‚
192 2124 334 2158 scalpello
351 2122 509 2151 incidimus
532 2128 562 2149 et
586 2123 666 2156 quod
685 2121 716 2149 in
739 2129 773 2149 ea
791 2121 964 2149 continetur
992 2128 1193 2156 evacuamus,
1215 2129 1258 2151 at-

149 2186 253 2215 „que
268 2186 446 2220 supputante
465 2177 619 2229 curatione
633 2177 775 2213 retimur,
786 2178 885 2206 donec
904 2178 940 2206 de
959 2177 1046 2212 ligata
1065 2177 1257 2207 vinculorum

146 2255 169 2272 ‚,
195 2235 244 2264 fila
262 2232 433 2270 excidant?
596 2235 598 2238 ”

659 2292 739 2329 132
