1502 2767
455 161 1049 208 CONSPECTUS.

201 284 237 331 §-
268 290 303 319 1.
332 278 540 328 Religionis
579 274 820 313 Christianae
861 271 1035 311 doctrina
1077 269 1174 308 tales

200 342 203 344 ¹
330 355 332 358 '
394 351 497 386 inter
530 347 691 384 homines
726 346 905 382 excitam
945 342 1170 386 sententias,

396 429 515 469 quae,
543 415 643 467 qaod
660 414 714 453 ad
733 415 866 452 bellum
880 411 1090 463 gerandum
1111 420 1172 448 at·

398 488 494 525 tinet
509 514 522 533 ,
551 486 758 524 salutarem
780 487 853 523 vim
876 494 1085 522 exseruere.
1139 491 1223 528 pag.
1246 482 1313 518 161

198 561 236 611 §.
265 573 305 598 2.
331 558 399 597 Ex
434 570 501 604 eo,
551 556 650 607 quod
687 555 891 605 Religionis
933 554 1172 592 Christianae

399 627 573 667 doctrina
607 626 792 664 hominum
827 626 1029 663 sententias
1056 633 1172 660 emen-

395 698 545 738 daverit
557 725 570 744 ‚
596 696 722 747 populi
742 694 928 743 conjuncti
947 702 1034 731 sant
1050 720 1062 739 ‚
1079 703 1175 742 qaae

391 769 613 822 populorum
640 766 846 811 conjunctio
870 777 940 802 non
957 764 1079 815 potuit
1105 773 1176 811 non¹

398 841 440 876 in
467 838 601 876 bellum
635 833 827 882 beneficam
856 836 930 873 vim
956 833 1105 871 habere.
1185 857 1196 869 .
1252 832 1322 877 167

204 912 242 959 §.
274 922 310 959 3.
340 909 548 958 Religionis
572 905 813 944 Christianae
837 901 1016 941 doctrind
1030 901 1180 950 imperii

390 979 546 1024 formae
572 978 632 1014 ita
655 982 825 1013 mutatae
847 981 957 1018 sunt,
985 980 1027 1009 ut
1048 980 1083 1008 et
1108 971 1178 1007 hae

365 1056 367 1059 ’
406 1060 477 1086 non
505 1055 652 1098 possent
679 1057 750 1083 non
781 1041 977 1091 beneficam
1008 1044 1050 1080 in
1083 1041 1180 1078 bella

402 1119 478 1157 vim
505 1116 655 1154 habere.
731 1142 742 1153 .
843 1141 856 1152 .
962 1140 974 1152 .
1072 1138 1084 1150 .
1188 1138 1198 1147 .
1257 1120 1325 1157 175

208 1187 248 1234 §-
273 1200 314 1234 4.
341 1187 552 1236 Religionis
574 1186 817 1225 Christianae
837 1182 1033 1227 doctrina,
1049 1181 1186 1230 legibus

404 1264 440 1293 et
460 1257 647 1293 institutis
661 1253 900 1292 emendandis
911 1281 923 1299 ,
937 1253 1122 1290 hominnm
1138 1250 1182 1288 cle

405 1325 495 1364 bello
513 1323 684 1377 gerundo
709 1325 908 1362 sententias
930 1321 1152 1360 emendavit.
1260 1322 1330 1358 180

211 1397 249 1445 §.
280 1406 317 1444 5.
349 1394 454 1446 Quid
476 1384 522 1434 ese
547 1394 750 1446 disputatis
778 1401 973 1445 sequatur.
1085 1418 1095 1428 .
1194 1417 1206 1427 .
1262 1391 1332 1436 ¹8⁴

325 1550 645 1592 SECTIO
697 1546 1214 1590 POSTERIOR.

211 1714 454 1743 memma-tm
491 1715 549 1743 Ετ
588 1687 797 1744 msa-oms]
833 1715 1182 1749 cmumzonxrua,

267 1784 503 1823 QUATENus
523 1785 766 1813 RELlclole
781 1786 1074 1814 CHRISTIANAE
1090 1785 1189 1813 noc·

267 1855 409 1883 'rmNA
444 1854 649 1884 HoMlNUM
689 1855 747 1885 DE
788 1856 925 1884 BELLo
980 1856 1185 1884 cmmvno

266 1925 540 1954 SENTENTIAS
567 1925 904 1954 EMENDAVERIT.
968 1942 978 1953 .
1039 1925 1127 1964 pag.
1145 1917 1253 1961 185-
1263 1927 1335 1962 229

217 2044 490 2076 CONSPECTUS
527 2048 767 2077 SECTIONJS.
858 2064 869 2076 .
972 2066 982 2076 .
1085 2065 1096 2076 .
1198 2066 1207 2076 .
1267 2041 1336 2085 185

218 2102 255 2149 S.
284 2117 318 2145 1.
348 2105 541 2156 Quatenus
575 2108 783 2158 Religionis
821 2109 1064 2147 Christianae
1108 2109 1189 2147 doe-

422 2178 528 2214 trina
554 2178 742 2217 hominum
782 2181 984 2217 sententias
1015 2178 1060 2216 de
1098 2178 1187 2217 bello

420 2247 645 2297 suscipiendo
664 2246 929 2287 emendaverit.
974 2276 983 2287 .
1084 2277 1094 2288 .
1200 2277 1209 2287 .
1264 2253 1333 2299 189

1231 2321 1267 2367 ᾗ.
1300 2334 1337 2371 2.
