<?xml version="1.0" encoding="UTF-8"?>
<!DOCTYPE html PUBLIC "-//W3C//DTD XHTML 1.0 Transitional//EN"
    "http://www.w3.org/TR/xhtml1/DTD/xhtml1-transitional.dtd">
<html xmlns="http://www.w3.org/1999/xhtml" xml:lang="en" lang="en">
 <head>
  <title>
</title>
<meta http-equiv="Content-Type" content="text/html;charset=utf-8" />
  <meta name='ocr-system' content='tesseract 3.04.00' />
  <meta name='ocr-capabilities' content='ocr_page ocr_carea ocr_par ocr_line ocrx_word'/>
</head>
<body>
  <div class='ocr_page' id='page_1' title='image "annalesacademiae33rhen_0059.png"; bbox 0 0 1507 2876; ppageno 0'>
   <div class='ocr_carea' id='block_1_1' title="bbox 494 200 1256 288">
    <p class='ocr_par' dir='ltr' id='par_1_1' title="bbox 494 200 1256 288">
     <span class='ocr_line' id='line_1_1' title="bbox 494 200 1256 288; baseline 0.004 -3"><span class='ocrx_word' id='word_1_1' title='bbox 494 200 943 288; x_wconf 51' lang='lat' dir='ltr'><strong>on¹AT10J</strong></span> <span class='ocrx_word' id='word_1_2' title='bbox 1192 243 1256 288; x_wconf 40' lang='grc' dir='ltr'><strong>μυ)</strong></span> 
     </span>
    </p>
   </div>
   <div class='ocr_carea' id='block_1_2' title="bbox 113 358 1254 2269">
    <p class='ocr_par' dir='ltr' id='par_1_2' title="bbox 117 358 1253 1044">
     <span class='ocr_line' id='line_1_2' title="bbox 121 358 1253 430; baseline 0.004 -17"><span class='ocrx_word' id='word_1_3' title='bbox 121 366 315 428; x_wconf 84' lang='lat' dir='ltr'><strong>scriptis,</strong></span> <span class='ocrx_word' id='word_1_4' title='bbox 367 358 432 414; x_wconf 74' lang='lat' dir='ltr'><strong>vita</strong></span> <span class='ocrx_word' id='word_1_5' title='bbox 473 367 519 413; x_wconf 90' lang='lat' dir='ltr'><strong>in</strong></span> <span class='ocrx_word' id='word_1_6' title='bbox 566 369 799 416; x_wconf 86' lang='lat' dir='ltr'><strong>amicorum</strong></span> <span class='ocrx_word' id='word_1_7' title='bbox 851 377 893 415; x_wconf 88' lang='lat' dir='ltr'><strong>et</strong></span> <span class='ocrx_word' id='word_1_8' title='bbox 951 369 1253 430; x_wconf 86' lang='lat' dir='ltr'><strong>discipulorum</strong></span> 
     </span>
     <span class='ocr_line' id='line_1_3' title="bbox 121 444 1251 504; baseline 0.005 -15"><span class='ocrx_word' id='word_1_9' title='bbox 121 444 302 490; x_wconf 85' lang='lat' dir='ltr'><strong>maxime</strong></span> <span class='ocrx_word' id='word_1_10' title='bbox 343 444 491 490; x_wconf 85' lang='lat' dir='ltr'><strong>animis</strong></span> <span class='ocrx_word' id='word_1_11' title='bbox 532 446 715 504; x_wconf 88' lang='lat' dir='ltr'><strong>reliquit.</strong></span> <span class='ocrx_word' id='word_1_12' title='bbox 811 447 937 492; x_wconf 86' lang='lat' dir='ltr'>Haud</span> <span class='ocrx_word' id='word_1_13' title='bbox 975 449 1085 493; x_wconf 90' lang='lat' dir='ltr'><strong>enim</strong></span> <span class='ocrx_word' id='word_1_14' title='bbox 1128 450 1251 495; x_wconf 89' lang='lat' dir='ltr'><strong>irrita</strong></span> 
     </span>
     <span class='ocr_line' id='line_1_4' title="bbox 119 522 1252 583; baseline 0.005 -18"><span class='ocrx_word' id='word_1_15' title='bbox 119 522 248 568; x_wconf 90' lang='lat' dir='ltr'><strong>fuisse</strong></span> <span class='ocrx_word' id='word_1_16' title='bbox 280 530 535 583; x_wconf 88' lang='lat' dir='ltr'><strong>praecepta,</strong></span> <span class='ocrx_word' id='word_1_17' title='bbox 569 539 704 581; x_wconf 90' lang='lat' dir='ltr'><strong>quae,</strong></span> <span class='ocrx_word' id='word_1_18' title='bbox 739 524 824 570; x_wconf 89' lang='lat' dir='ltr'><strong>sive</strong></span> <span class='ocrx_word' id='word_1_19' title='bbox 863 524 908 569; x_wconf 90' lang='lat' dir='ltr'><strong>in</strong></span> <span class='ocrx_word' id='word_1_20' title='bbox 952 524 1147 580; x_wconf 88' lang='lat' dir='ltr'><strong>Scholis,</strong></span> <span class='ocrx_word' id='word_1_21' title='bbox 1177 534 1252 571; x_wconf 89' lang='lat' dir='ltr'><strong>seu</strong></span> 
     </span>
     <span class='ocr_line' id='line_1_5' title="bbox 117 597 1253 660; baseline 0.004 -17"><span class='ocrx_word' id='word_1_22' title='bbox 117 597 164 643; x_wconf 87' lang='lat' dir='ltr'><strong>in</strong></span> <span class='ocrx_word' id='word_1_23' title='bbox 198 599 394 645; x_wconf 76' lang='lat' dir='ltr'><strong>familiari</strong></span> <span class='ocrx_word' id='word_1_24' title='bbox 430 600 541 646; x_wconf 87' lang='lat' dir='ltr'><strong>vitae</strong></span> <span class='ocrx_word' id='word_1_25' title='bbox 577 602 883 646; x_wconf 91' lang='lat' dir='ltr'><strong>consuetudine</strong></span> <span class='ocrx_word' id='word_1_26' title='bbox 925 602 1026 647; x_wconf 90' lang='lat' dir='ltr'><strong>dare</strong></span> <span class='ocrx_word' id='word_1_27' title='bbox 1060 603 1253 660; x_wconf 80' lang='lat' dir='ltr'><strong>solebat,</strong></span> 
     </span>
     <span class='ocr_line' id='line_1_6' title="bbox 120 676 1252 739; baseline 0.004 -19"><span class='ocrx_word' id='word_1_28' title='bbox 120 683 269 735; x_wconf 85' lang='lat' dir='ltr'><strong>grata,</strong></span> <span class='ocrx_word' id='word_1_29' title='bbox 313 692 398 735; x_wconf 89' lang='lat' dir='ltr'><strong>qua</strong></span> <span class='ocrx_word' id='word_1_30' title='bbox 439 676 597 722; x_wconf 87' lang='lat' dir='ltr'><strong>alumni</strong></span> <span class='ocrx_word' id='word_1_31' title='bbox 636 678 772 723; x_wconf 83' lang='lat' dir='ltr'><strong>nostri</strong></span> <span class='ocrx_word' id='word_1_32' title='bbox 815 679 1056 724; x_wconf 88' lang='lat' dir='ltr'><strong>defunctum</strong></span> <span class='ocrx_word' id='word_1_33' title='bbox 1094 694 1252 739; x_wconf 88' lang='lat' dir='ltr'><strong>prose-</strong></span> 
     </span>
     <span class='ocr_line' id='line_1_7' title="bbox 121 756 1252 816; baseline 0.004 -18"><span class='ocrx_word' id='word_1_34' title='bbox 121 761 309 811; x_wconf 82' lang='lat' dir='ltr'><strong>quuntur</strong></span> <span class='ocrx_word' id='word_1_35' title='bbox 335 762 684 814; x_wconf 81' lang='lat' dir='ltr'><strong>praeceptorem,</strong></span> <span class='ocrx_word' id='word_1_36' title='bbox 715 756 918 802; x_wconf 89' lang='lat' dir='ltr'><strong>memoria</strong></span> <span class='ocrx_word' id='word_1_37' title='bbox 951 757 1114 816; x_wconf 82' lang='lat' dir='ltr'><strong>egregie</strong></span> <span class='ocrx_word' id='word_1_38' title='bbox 1141 771 1252 816; x_wconf 89' lang='lat' dir='ltr'><strong>pro-</strong></span> 
     </span>
     <span class='ocr_line' id='line_1_8' title="bbox 119 831 1253 892; baseline 0.003 -17"><span class='ocrx_word' id='word_1_39' title='bbox 119 831 210 877; x_wconf 82' lang='lat' dir='ltr'><strong>bat.</strong></span> <span class='ocrx_word' id='word_1_40' title='bbox 272 833 436 877; x_wconf 85' lang='lat' dir='ltr'><strong>Probat</strong></span> <span class='ocrx_word' id='word_1_41' title='bbox 470 832 595 877; x_wconf 87' lang='lat' dir='ltr'><strong>etiam</strong></span> <span class='ocrx_word' id='word_1_42' title='bbox 631 831 807 891; x_wconf 90' lang='lat' dir='ltr'><strong>insignis</strong></span> <span class='ocrx_word' id='word_1_43' title='bbox 843 834 888 877; x_wconf 91' lang='lat' dir='ltr'><strong>in</strong></span> <span class='ocrx_word' id='word_1_44' title='bbox 916 833 1077 892; x_wconf 86' lang='lat' dir='ltr'><strong>patrias</strong></span> <span class='ocrx_word' id='word_1_45' title='bbox 1109 834 1253 879; x_wconf 87' lang='lat' dir='ltr'><strong>literas</strong></span> 
     </span>
     <span class='ocr_line' id='line_1_9' title="bbox 119 908 1252 969; baseline 0.003 -16"><span class='ocrx_word' id='word_1_46' title='bbox 119 921 266 962; x_wconf 86' lang='lat' dir='ltr'><strong>amor,</strong></span> <span class='ocrx_word' id='word_1_47' title='bbox 299 909 416 968; x_wconf 88' lang='lat' dir='ltr'><strong>cujus</strong></span> <span class='ocrx_word' id='word_1_48' title='bbox 440 908 650 968; x_wconf 90' lang='lat' dir='ltr'><strong>plurima,</strong></span> <span class='ocrx_word' id='word_1_49' title='bbox 681 909 807 954; x_wconf 86' lang='lat' dir='ltr'><strong>variis</strong></span> <span class='ocrx_word' id='word_1_50' title='bbox 835 910 1252 969; x_wconf 89' lang='lat' dir='ltr'><strong>opportunitatibus,</strong></span> 
     </span>
     <span class='ocr_line' id='line_1_10' title="bbox 121 984 616 1044; baseline 0.004 -16"><span class='ocrx_word' id='word_1_51' title='bbox 121 984 330 1030; x_wconf 83' lang='lat' dir='ltr'><strong>dederunt</strong></span> <span class='ocrx_word' id='word_1_52' title='bbox 366 985 616 1044; x_wconf 88' lang='lat' dir='ltr'><strong>specimina.</strong></span> 
     </span>
    </p>

    <p class='ocr_par' dir='ltr' id='par_1_3' title="bbox 113 1060 1254 2269">
     <span class='ocr_line' id='line_1_11' title="bbox 175 1060 1250 1122; baseline 0.005 -18"><span class='ocrx_word' id='word_1_53' title='bbox 175 1060 298 1118; x_wconf 80' lang='lat' dir='ltr'><strong>Quae</strong></span> <span class='ocrx_word' id='word_1_54' title='bbox 331 1068 602 1120; x_wconf 84' lang='lat' dir='ltr'><strong>reputantes,</strong></span> <span class='ocrx_word' id='word_1_55' title='bbox 633 1060 843 1107; x_wconf 89' lang='lat' dir='ltr'><strong>habemus</strong></span> <span class='ocrx_word' id='word_1_56' title='bbox 881 1062 1102 1122; x_wconf 86' lang='lat' dir='ltr'><strong>profecto,</strong></span> <span class='ocrx_word' id='word_1_57' title='bbox 1133 1065 1250 1122; x_wconf 89' lang='lat' dir='ltr'><strong>quod</strong></span> 
     </span>
     <span class='ocr_line' id='line_1_12' title="bbox 117 1137 1254 1201; baseline 0.004 -19"><span class='ocrx_word' id='word_1_58' title='bbox 117 1137 221 1192; x_wconf 82' lang='lat' dir='ltr'><strong>tibi,</strong></span> <span class='ocrx_word' id='word_1_59' title='bbox 252 1137 491 1184; x_wconf 84' lang='lat' dir='ltr'><strong>Clarissime</strong></span> <span class='ocrx_word' id='word_1_60' title='bbox 521 1138 828 1184; x_wconf 83' lang='lat' dir='ltr'><strong>Visscher!</strong></span> <span class='ocrx_word' id='word_1_61' title='bbox 875 1139 966 1197; x_wconf 83' lang='lat' dir='ltr'><strong>qui,</strong></span> <span class='ocrx_word' id='word_1_62' title='bbox 996 1156 1047 1186; x_wconf 87' lang='lat' dir='ltr'><strong>ex</strong></span> <span class='ocrx_word' id='word_1_63' title='bbox 1079 1142 1254 1201; x_wconf 87' lang='lat' dir='ltr'><strong>Augus-</strong></span> 
     </span>
     <span class='ocr_line' id='line_1_13' title="bbox 115 1213 1254 1279; baseline 0.006 -21"><span class='ocrx_word' id='word_1_64' title='bbox 115 1213 266 1259; x_wconf 81' lang='lat' dir='ltr'><strong>tissimi</strong></span> <span class='ocrx_word' id='word_1_65' title='bbox 305 1215 436 1274; x_wconf 88' lang='lat' dir='ltr'><strong>Regis</strong></span> <span class='ocrx_word' id='word_1_66' title='bbox 485 1215 685 1271; x_wconf 88' lang='lat' dir='ltr'><strong>decreto,</strong></span> <span class='ocrx_word' id='word_1_67' title='bbox 741 1215 786 1260; x_wconf 86' lang='lat' dir='ltr'><strong>in</strong></span> <span class='ocrx_word' id='word_1_68' title='bbox 827 1216 1014 1262; x_wconf 88' lang='lat' dir='ltr'><strong>defuncti</strong></span> <span class='ocrx_word' id='word_1_69' title='bbox 1059 1217 1254 1279; x_wconf 85' lang='lat' dir='ltr'><strong>Collegae</strong></span> 
     </span>
     <span class='ocr_line' id='line_1_14' title="bbox 115 1291 1252 1352; baseline 0.006 -18"><span class='ocrx_word' id='word_1_70' title='bbox 115 1291 257 1338; x_wconf 89' lang='lat' dir='ltr'><strong>locum</strong></span> <span class='ocrx_word' id='word_1_71' title='bbox 281 1292 546 1348; x_wconf 86' lang='lat' dir='ltr'><strong>successisti,</strong></span> <span class='ocrx_word' id='word_1_72' title='bbox 568 1308 619 1338; x_wconf 90' lang='lat' dir='ltr'><strong>ex</strong></span> <span class='ocrx_word' id='word_1_73' title='bbox 652 1293 794 1337; x_wconf 88' lang='lat' dir='ltr'><strong>animo</strong></span> <span class='ocrx_word' id='word_1_74' title='bbox 821 1295 1090 1352; x_wconf 84' lang='lat' dir='ltr'><strong>gratulemur.</strong></span> <span class='ocrx_word' id='word_1_75' title='bbox 1152 1297 1252 1341; x_wconf 85' lang='lat' dir='ltr'><strong>Non</strong></span> 
     </span>
     <span class='ocr_line' id='line_1_15' title="bbox 114 1370 1251 1429; baseline 0.004 -15"><span class='ocrx_word' id='word_1_76' title='bbox 114 1383 274 1416; x_wconf 89' lang='lat' dir='ltr'><strong>novum</strong></span> <span class='ocrx_word' id='word_1_77' title='bbox 306 1370 387 1416; x_wconf 87' lang='lat' dir='ltr'><strong>tibi</strong></span> <span class='ocrx_word' id='word_1_78' title='bbox 420 1378 507 1425; x_wconf 86' lang='lat' dir='ltr'><strong>est,</strong></span> <span class='ocrx_word' id='word_1_79' title='bbox 540 1371 658 1429; x_wconf 90' lang='lat' dir='ltr'><strong>quod</strong></span> <span class='ocrx_word' id='word_1_80' title='bbox 694 1371 837 1416; x_wconf 90' lang='lat' dir='ltr'><strong>obiisti</strong></span> <span class='ocrx_word' id='word_1_81' title='bbox 868 1387 1045 1427; x_wconf 90' lang='lat' dir='ltr'><strong>munus,</strong></span> <span class='ocrx_word' id='word_1_82' title='bbox 1078 1380 1120 1418; x_wconf 91' lang='lat' dir='ltr'><strong>et</strong></span> <span class='ocrx_word' id='word_1_83' title='bbox 1148 1388 1251 1419; x_wconf 84' lang='lat' dir='ltr'><strong>vero</strong></span> 
     </span>
     <span class='ocr_line' id='line_1_16' title="bbox 117 1447 1247 1508; baseline 0.004 -16"><span class='ocrx_word' id='word_1_84' title='bbox 117 1447 202 1506; x_wconf 85' lang='lat' dir='ltr'><strong>jam</strong></span> <span class='ocrx_word' id='word_1_85' title='bbox 238 1449 381 1508; x_wconf 90' lang='lat' dir='ltr'><strong>plures</strong></span> <span class='ocrx_word' id='word_1_86' title='bbox 417 1448 613 1508; x_wconf 89' lang='lat' dir='ltr'><strong>discipuli</strong></span> <span class='ocrx_word' id='word_1_87' title='bbox 652 1448 735 1493; x_wconf 90' lang='lat' dir='ltr'><strong>tuis</strong></span> <span class='ocrx_word' id='word_1_88' title='bbox 768 1449 1007 1508; x_wconf 87' lang='lat' dir='ltr'><strong>praeceptis</strong></span> <span class='ocrx_word' id='word_1_89' title='bbox 1037 1451 1103 1495; x_wconf 89' lang='lat' dir='ltr'><strong>usi</strong></span> <span class='ocrx_word' id='word_1_90' title='bbox 1136 1458 1247 1498; x_wconf 85' lang='lat' dir='ltr'><strong>sunt.</strong></span> 
     </span>
     <span class='ocr_line' id='line_1_17' title="bbox 118 1525 1251 1588; baseline 0.001 -17"><span class='ocrx_word' id='word_1_91' title='bbox 118 1526 313 1571; x_wconf 90' lang='lat' dir='ltr'><strong>Eundem</strong></span> <span class='ocrx_word' id='word_1_92' title='bbox 343 1525 491 1584; x_wconf 88' lang='lat' dir='ltr'><strong>igitur,</strong></span> <span class='ocrx_word' id='word_1_93' title='bbox 533 1525 578 1569; x_wconf 91' lang='lat' dir='ltr'><strong>in</strong></span> <span class='ocrx_word' id='word_1_94' title='bbox 613 1525 790 1570; x_wconf 88' lang='lat' dir='ltr'><strong>caeteris</strong></span> <span class='ocrx_word' id='word_1_95' title='bbox 829 1526 890 1570; x_wconf 87' lang='lat' dir='ltr'><strong>tui</strong></span> <span class='ocrx_word' id='word_1_96' title='bbox 922 1527 1106 1572; x_wconf 87' lang='lat' dir='ltr'><strong>muneris</strong></span> <span class='ocrx_word' id='word_1_97' title='bbox 1141 1543 1251 1588; x_wconf 88' lang='lat' dir='ltr'><strong>par-</strong></span> 
     </span>
     <span class='ocr_line' id='line_1_18' title="bbox 113 1603 1248 1664; baseline 0.004 -16"><span class='ocrx_word' id='word_1_98' title='bbox 113 1603 230 1649; x_wconf 82' lang='lat' dir='ltr'><strong>tibus</strong></span> <span class='ocrx_word' id='word_1_99' title='bbox 283 1603 526 1663; x_wconf 83' lang='lat' dir='ltr'><strong>explendis,</strong></span> <span class='ocrx_word' id='word_1_100' title='bbox 575 1604 877 1664; x_wconf 88' lang='lat' dir='ltr'><strong>discipulorum</strong></span> <span class='ocrx_word' id='word_1_101' title='bbox 930 1605 1151 1664; x_wconf 84' lang='lat' dir='ltr'><strong>experiare</strong></span> <span class='ocrx_word' id='word_1_102' title='bbox 1201 1607 1248 1652; x_wconf 87' lang='lat' dir='ltr'><strong>in</strong></span> 
     </span>
     <span class='ocr_line' id='line_1_19' title="bbox 117 1681 1249 1739; baseline 0.002 -12"><span class='ocrx_word' id='word_1_103' title='bbox 117 1682 254 1727; x_wconf 88' lang='lat' dir='ltr'><strong>studia</strong></span> <span class='ocrx_word' id='word_1_104' title='bbox 287 1696 499 1736; x_wconf 88' lang='lat' dir='ltr'><strong>amorem,</strong></span> <span class='ocrx_word' id='word_1_105' title='bbox 531 1696 656 1739; x_wconf 88' lang='lat' dir='ltr'><strong>quem</strong></span> <span class='ocrx_word' id='word_1_106' title='bbox 688 1682 733 1726; x_wconf 91' lang='lat' dir='ltr'><strong>in</strong></span> <span class='ocrx_word' id='word_1_107' title='bbox 761 1681 905 1726; x_wconf 89' lang='lat' dir='ltr'><strong>Patria</strong></span> <span class='ocrx_word' id='word_1_108' title='bbox 932 1681 1120 1727; x_wconf 88' lang='lat' dir='ltr'><strong>Historia</strong></span> <span class='ocrx_word' id='word_1_109' title='bbox 1153 1690 1249 1729; x_wconf 87' lang='lat' dir='ltr'><strong>tra-</strong></span> 
     </span>
     <span class='ocr_line' id='line_1_20' title="bbox 117 1758 1248 1817; baseline 0.001 -13"><span class='ocrx_word' id='word_1_110' title='bbox 117 1760 257 1805; x_wconf 87' lang='lat' dir='ltr'><strong>denda</strong></span> <span class='ocrx_word' id='word_1_111' title='bbox 292 1766 336 1804; x_wconf 90' lang='lat' dir='ltr'><strong>te</strong></span> <span class='ocrx_word' id='word_1_112' title='bbox 368 1758 454 1817; x_wconf 88' lang='lat' dir='ltr'><strong>jam</strong></span> <span class='ocrx_word' id='word_1_113' title='bbox 496 1765 715 1817; x_wconf 88' lang='lat' dir='ltr'><strong>expertum</strong></span> <span class='ocrx_word' id='word_1_114' title='bbox 753 1773 845 1803; x_wconf 90' lang='lat' dir='ltr'><strong>esse</strong></span> <span class='ocrx_word' id='word_1_115' title='bbox 875 1773 1104 1810; x_wconf 86' lang='lat' dir='ltr'><strong>censemus.</strong></span> <span class='ocrx_word' id='word_1_116' title='bbox 1162 1761 1248 1805; x_wconf 90' lang='lat' dir='ltr'><strong>At-</strong></span> 
     </span>
     <span class='ocr_line' id='line_1_21' title="bbox 118 1835 1247 1897; baseline 0 -15"><span class='ocrx_word' id='word_1_117' title='bbox 118 1853 202 1897; x_wconf 92' lang='lat' dir='ltr'><strong>que</strong></span> <span class='ocrx_word' id='word_1_118' title='bbox 237 1838 283 1882; x_wconf 87' lang='lat' dir='ltr'><strong>in</strong></span> <span class='ocrx_word' id='word_1_119' title='bbox 320 1835 473 1882; x_wconf 82' lang='lat' dir='ltr'><strong>Patriis</strong></span> <span class='ocrx_word' id='word_1_120' title='bbox 509 1836 660 1881; x_wconf 89' lang='lat' dir='ltr'><strong>Literis</strong></span> <span class='ocrx_word' id='word_1_121' title='bbox 703 1836 961 1896; x_wconf 86' lang='lat' dir='ltr'><strong>explicandis</strong></span> <span class='ocrx_word' id='word_1_122' title='bbox 999 1844 1040 1881; x_wconf 87' lang='lat' dir='ltr'><strong>et</strong></span> <span class='ocrx_word' id='word_1_123' title='bbox 1074 1844 1247 1883; x_wconf 85' lang='lat' dir='ltr'><strong>nostrae</strong></span> 
     </span>
     <span class='ocr_line' id='line_1_22' title="bbox 117 1913 1247 1974; baseline 0.001 -15"><span class='ocrx_word' id='word_1_124' title='bbox 117 1914 322 1974; x_wconf 82' lang='lat' dir='ltr'><strong>juventuti</strong></span> <span class='ocrx_word' id='word_1_125' title='bbox 376 1913 725 1958; x_wconf 89' lang='lat' dir='ltr'><strong>commendandis</strong></span> <span class='ocrx_word' id='word_1_126' title='bbox 785 1914 845 1958; x_wconf 90' lang='lat' dir='ltr'><strong>ita</strong></span> <span class='ocrx_word' id='word_1_127' title='bbox 897 1921 969 1958; x_wconf 90' lang='lat' dir='ltr'><strong>tua</strong></span> <span class='ocrx_word' id='word_1_128' title='bbox 1026 1914 1247 1974; x_wconf 84' lang='lat' dir='ltr'><strong>disciplina</strong></span> 
     </span>
     <span class='ocr_line' id='line_1_23' title="bbox 115 1991 1248 2046; baseline 0.001 -10"><span class='ocrx_word' id='word_1_129' title='bbox 115 1997 330 2046; x_wconf 77' lang='lat' dir='ltr'><strong>versetur,</strong></span> <span class='ocrx_word' id='word_1_130' title='bbox 381 1997 429 2035; x_wconf 92' lang='lat' dir='ltr'><strong>ut</strong></span> <span class='ocrx_word' id='word_1_131' title='bbox 475 1998 564 2035; x_wconf 88' lang='lat' dir='ltr'><strong>tam</strong></span> <span class='ocrx_word' id='word_1_132' title='bbox 612 1991 657 2034; x_wconf 91' lang='lat' dir='ltr'><strong>in</strong></span> <span class='ocrx_word' id='word_1_133' title='bbox 699 1991 868 2036; x_wconf 90' lang='lat' dir='ltr'><strong>Patriae</strong></span> <span class='ocrx_word' id='word_1_134' title='bbox 909 1998 950 2036; x_wconf 90' lang='lat' dir='ltr'><strong>et</strong></span> <span class='ocrx_word' id='word_1_135' title='bbox 990 1992 1248 2038; x_wconf 88' lang='lat' dir='ltr'><strong>Academiae</strong></span> 
     </span>
     <span class='ocr_line' id='line_1_24' title="bbox 118 2068 1246 2126; baseline 0.001 -13"><span class='ocrx_word' id='word_1_136' title='bbox 118 2075 289 2113; x_wconf 89' lang='lat' dir='ltr'><strong>nostrae</strong></span> <span class='ocrx_word' id='word_1_137' title='bbox 330 2068 532 2126; x_wconf 85' lang='lat' dir='ltr'><strong>gloriam,</strong></span> <span class='ocrx_word' id='word_1_138' title='bbox 565 2083 692 2125; x_wconf 88' lang='lat' dir='ltr'><strong>quam</strong></span> <span class='ocrx_word' id='word_1_139' title='bbox 728 2068 773 2112; x_wconf 89' lang='lat' dir='ltr'><strong>in</strong></span> <span class='ocrx_word' id='word_1_140' title='bbox 802 2068 1085 2113; x_wconf 85' lang='lat' dir='ltr'><strong>studiosorum</strong></span> <span class='ocrx_word' id='word_1_141' title='bbox 1121 2084 1246 2114; x_wconf 90' lang='lat' dir='ltr'><strong>com-</strong></span> 
     </span>
     <span class='ocr_line' id='line_1_25' title="bbox 117 2145 1246 2205; baseline 0.002 -14"><span class='ocrx_word' id='word_1_142' title='bbox 117 2146 276 2202; x_wconf 88' lang='lat' dir='ltr'><strong>moda,</strong></span> <span class='ocrx_word' id='word_1_143' title='bbox 327 2160 454 2204; x_wconf 90' lang='lat' dir='ltr'><strong>quam</strong></span> <span class='ocrx_word' id='word_1_144' title='bbox 495 2145 675 2191; x_wconf 89' lang='lat' dir='ltr'><strong>maxime</strong></span> <span class='ocrx_word' id='word_1_145' title='bbox 716 2145 808 2190; x_wconf 88' lang='lat' dir='ltr'><strong>fieri</strong></span> <span class='ocrx_word' id='word_1_146' title='bbox 850 2146 1009 2205; x_wconf 91' lang='lat' dir='ltr'><strong>possit,</strong></span> <span class='ocrx_word' id='word_1_147' title='bbox 1065 2147 1136 2192; x_wconf 87' lang='lat' dir='ltr'><strong>illa</strong></span> <span class='ocrx_word' id='word_1_148' title='bbox 1167 2163 1246 2193; x_wconf 87' lang='lat' dir='ltr'><strong>va-</strong></span> 
     </span>
     <span class='ocr_line' id='line_1_26' title="bbox 115 2224 214 2269; baseline 0.02 -2"><span class='ocrx_word' id='word_1_149' title='bbox 115 2224 214 2269; x_wconf 88' lang='lat' dir='ltr'><strong>leat.</strong></span> 
     </span>
    </p>
   </div>
   <div class='ocr_carea' id='block_1_3' title="bbox 178 2299 1246 2421">
    <p class='ocr_par' dir='ltr' id='par_1_4' title="bbox 178 2299 1246 2421">
     <span class='ocr_line' id='line_1_27' title="bbox 178 2299 1246 2359; baseline 0.004 -15"><span class='ocrx_word' id='word_1_150' title='bbox 178 2300 248 2344; x_wconf 77' lang='lat' dir='ltr'><strong>Ad</strong></span> <span class='ocrx_word' id='word_1_151' title='bbox 291 2313 367 2346; x_wconf 83' lang='lat' dir='ltr'><strong>vos</strong></span> <span class='ocrx_word' id='word_1_152' title='bbox 417 2299 503 2359; x_wconf 83' lang='lat' dir='ltr'><strong>jam</strong></span> <span class='ocrx_word' id='word_1_153' title='bbox 563 2314 658 2345; x_wconf 89' lang='lat' dir='ltr'><strong>mea</strong></span> <span class='ocrx_word' id='word_1_154' title='bbox 715 2314 762 2345; x_wconf 88' lang='lat' dir='ltr'><strong>se</strong></span> <span class='ocrx_word' id='word_1_155' title='bbox 813 2300 1020 2347; x_wconf 85' lang='lat' dir='ltr'><strong>convertit</strong></span> <span class='ocrx_word' id='word_1_156' title='bbox 1078 2302 1217 2348; x_wconf 86' lang='lat' dir='ltr'><strong>oratio</strong></span> <span class='ocrx_word' id='word_1_157' title='bbox 1229 2323 1246 2358; x_wconf 67' lang='lat'>5</span> 
     </span>
     <span class='ocr_line' id='line_1_28' title="bbox 1016 2379 1081 2421; baseline 0 -19"><span class='ocrx_word' id='word_1_158' title='bbox 1016 2381 1045 2421; x_wconf 75' lang='lat'><strong>2</strong></span> <span class='ocrx_word' id='word_1_159' title='bbox 1059 2379 1081 2402; x_wconf 58' lang='lat'><strong>2*</strong></span> 
     </span>
    </p>
   </div>
  </div>
 </body>
</html>
