1507 2876
350 248 940 294 THeoLoeicA.
1157 253 1206 300 ⁶7

101 361 252 400 natrice
274 359 471 399 memoriae
492 359 627 399 -tradita
646 368 735 399 sunt
761 359 846 411 (1).
899 358 1085 399 Nonnulli
1109 359 1205 399 inter

100 415 279 480 mariyres
298 431 499 469 enumerati
522 439 634 479 sunt,
662 429 832 479 quamvis
855 430 1075 468 militaribus
1098 430 1207 470 func·

100 501 131 539 ti
165 499 328 540 fuissent
353 500 482 539 officiis
509 501 593 550 (α).
644 501 706 539 Ne
736 500 852 538 dicam
884 500 930 539 de
954 499 1206 549 Christianis,

54 611 57 617 ,
100 570 168 619 qui
194 571 227 610 C
242 571 508 626 onvstantio
532 571 565 609 C
579 570 665 609 hlo
679 582 729 608 ro
745 598 759 618 ‚
786 571 940 621 ejusque
954 570 1032 609 filio
1048 598 1062 618 ‚
1084 571 1208 610 Con-

101 641 340 679 stantino
370 633 585 689 Magno,
614 641 896 689 imperatoribus
913 669 926 689 ,
953 652 1051 679 arma
1085 652 1209 690 gesse-

102 719 191 750 runt
208 738 221 760 ,
246 722 315 750 nec
336 722 414 750 non
439 712 485 750 de
509 712 761 750 sacerdotibus
776 738 790 758 ,
818 709 883 759 qui
908 711 946 748 in
973 711 1094 759 primo
1115 710 1210 750 Con-

100 782 184 820 cilio
218 781 434 821 Arelatensi
459 782 533 832 (3)
570 781 668 832 jussi
703 789 822 830 sunt,
861 792 989 820 omnes
1008 809 1021 829 ‚
1048 780 1114 830 qui
1146 791 1220 819 are

103 862 166 889 ma
191 852 396 902 projiciunt
429 854 470 891 in
502 863 594 904 paco
619 851 688 902 (4)
702 879 723 903 ,ι
758 851 943 891 abstinere
974 851 1019 891 de
1055 864 1213 893 commu·

102 932 222 960 monc-
580 935 582 937 ·

579 1087 618 1135 §.
674 1096 737 1125 ιε.

210 1247 330 1295 Sunt,
357 1247 424 1299 qui
450 1254 593 1297 ponant
607 1269 622 1294 ‚
646 1245 807 1294 bellum,
830 1254 926 1298 pace
957 1245 1119 1286 aeterna

439 1315 635 1367 confecta,
661 1316 745 1355 tolli
763 1327 881 1369 posse.

136 1471 466 1523 ‚Quandoquidem
492 1473 644 1511 sectione
673 1472 798 1523 priori
827 1469 1112 1518 concessimus,
1138 1463 1219 1508 bel-

67 1552 71 1559 '
106 1542 185 1581 lum
227 1553 352 1591 gerere
394 1540 547 1581 minime
590 1541 727 1590 licere,
778 1541 931 1580 simulac
975 1541 1046 1580 alia
1086 1540 1216 1580 saiutis

107 1611 355 1660 expediendae
388 1611 482 1649 ratio
520 1619 666 1659 exstet,
694 1620 731 1650 et
758 1623 828 1650 nos
850 1612 922 1650 alio
946 1612 1058 1650 modo
1084 1611 1217 1650 officiis

105 1682 245 1722 nostris
276 1680 487 1721 satisfacere
513 1682 732 1732 possimus;
761 1691 897 1731 sponte
921 1691 1021 1730 patet
1037 1707 1051 1727 ‚
1077 1681 1215 1720 bellum

107 1738 246 1800 cuique
290 1763 372 1790 esse
415 1752 730 1801 improbandum,
785 1753 851 1800 qui
890 1753 936 1791 ad
966 1752 1089 1800 illud,
1141 1750 1217 1790 nisi

108 1824 326 1861 necessitate
349 1831 525 1871 coactus,
561 1821 768 1872 confugiat.
834 1823 990 1871 Itaque,
1030 1822 1142 1861 simul
1174 1832 1215 1860 ac
1254 1838 1257 1840 ’

1155 1891 1218 1930 ho-

143 2003 197 2044 (1)
218 2004 278 2035 eff.
300 2005 498 2041 Tertull.,
517 2005 609 2042 Apot.
630 2014 643 2036 1
663 2009 746 2038 ets.
769 2005 989 2041 Eusebius,
1011 2006 1054 2034 H.
1068 2005 1107 2032 E.
1123 2006 1217 2042 1X.9.

103 2064 138 2093 de
155 2063 228 2092 vita
251 2063 352 2090 const.
373 2070 402 2090 c.
423 2070 473 2091 22.
514 2065 634 2091 Socra
645 2068 726 2097 tes,
745 2062 786 2090 H.
807 2062 848 2091 E.
869 2062 1014 2092 VII-’xm
1036 2074 1075 2082 —
1093 2061 1167 2091 Vid.
1185 2066 1218 2088 et

108 2118 329 2155 Gieseler‚
349 2119 391 2148 K.
417 2120 455 2147 G.
475 2118 503 2148 Ι.
525 2126 557 2153 p.
581 2119 649 2151 136.
671 2125 743 2148 nota
761 2127 790 2148 e.

146 2166 200 2213 (e)
219 2175 278 2205 cff.
300 2170 549 2211 cyprianus,
573 2175 635 2213 Ep.
655 2185 705 2213 39.
728 2182 760 2204 et
788 2174 986 2212 Basilius,
1008 2176 1041 2204 in
1067 2175 1211 2206 orande

110 2233 200 2261 laude
227 2241 256 2262 c.
277 2242 328 2270 40.

149 2287 201 2325 (3)
222 2288 293 2318 Vid.
311 2288 403 2323 hujus
429 2299 511 2319 conc.
531 2298 599 2318 can.
618 2289 671 2318 111.

147 2343 203 2380 (4)
226 2342 250 2373 i.
272 2351 301 2373 e.
321 2343 473 2373 dnmmodo
489 2346 576 2374 nulla
593 2344 759 2372 exstiterit
775 2344 962 2380 persecutio.

641 2400 727 2439 132
