1502 2767
238 165 311 202 170
448 152 1135 196 COMMENTATIO.

282 266 392 318 Quae
431 278 514 304 cum
551 265 602 304 ita
634 263 741 312 sint,
792 264 964 304 lubenter
998 265 1265 315 agnoscimus,
1302 266 1347 304 de

234 337 324 375 belli
359 336 509 376 finiendi
542 343 580 373 et
618 344 788 383 tempore
815 343 852 373 et
887 336 1031 375 ratione
1054 336 1255 375 sententias
1278 336 1350 375 hu-

233 408 416 448 maniores
449 407 641 455 amplexos
668 417 749 444 esse
785 405 1054 454 Christianos,
1081 408 1226 455 qualem
1253 417 1350 445 con·

233 479 438 516 versionem
475 475 664 524 religionis
701 476 934 515 Christianae
970 477 1172 516 efficacitati
1212 475 1350 515 tribui-

233 560 333 587 mus.
346 569 397 579 -
414 547 549 585 Pravas
559 546 656 584 enim
667 546 776 585 animi
791 546 1016 595 cupiditates
1028 575 1044 596 ‚
1062 548 1202 596 quibus
1217 546 1351 588 Ethni-

230 619 296 666 ci,
344 618 418 655 imo
465 617 690 664 mitissimi,
730 617 824 655 bella
861 621 1056 666 gesse-runt
1096 617 1349 664 intermina,

227 699 249 726 a
284 687 463 736 religione
496 690 629 726 nostra
664 687 824 726 maxime
864 694 1124 736 compressas3
1173 689 1246 738 Jam
1288 698 1353 726 su·

228 769 296 807 pra
329 757 593 797 intelleximus.
648 758 765 796 Hisce
795 758 979 806 domitis,
1013 767 1143 808 gentes
1179 756 1268 796 belli
1303 756 1348 795 fi·

228 838 313 866 nem
354 839 432 866 non
474 827 681 876 differunt,
733 840 861 867 verum
905 827 1117 877 festinant,
1143 839 1186 866 ac
1230 826 1348 876 magis

227 898 436 937 consulunt
467 899 675 948 aequitati,
707 899 957 947 humanitati,
984 898 1129 938 caritati
1155 896 1241 949 (ι).
1271 897 1350 935 Ra·

229 968 284 1006 tio
318 968 476 1007 bellandi
512 968 592 1017 ipsa
623 969 835 1014 crudelior,
864 971 940 1017 qua
977 969 1076 1008 haud
1108 980 1192 1007 raro
1230 968 1350 1006 bello-

227 1050 310 1076 rum
353 1039 475 1077 exitus
516 1038 590 1077 fuit
624 1039 891 1087 tristissimus,
944 1039 1135 1088 religionis
1167 1037 1350 1077 Christia-

230 1120 299 1147 nae
337 1121 409 1158 ope
444 1109 584 1158 prodiit
619 1109 842 1158 humanior,
868 1118 905 1148 et
948 1109 999 1148 ita
1038 1109 1223 1147 bellorum
1264 1105 1352 1145 finis

231 1179 360 1217 mitior
393 1179 524 1217 evasit.
563 1201 618 1210 —
658 1181 769 1218 Forte
800 1188 958 1217 mutatae
989 1178 1186 1217 civitatum
1221 1175 1352 1215 condi-

232 1249 353 1297 tioni,
403 1258 516 1297 atque
559 1249 647 1287 artis
685 1249 854 1287 militaris
887 1248 1110 1298 perfectioni
1141 1247 1277 1286 tribuis
1310 1246 1355 1286 il-

226 1320 324 1367 1am3
361 1321 527 1357 attendas
565 1330 735 1367 quaeso,
757 1320 851 1357 hanc
880 1319 969 1358 artis
1007 1318 1275 1368 perfectionem
1303 1328 1351 1357 ex

228 1390 290 1428 illa
330 1398 470 1428 mutata
502 1389 720 1428 conditione
757 1389 894 1428 sensim
933 1398 1080 1436 ortam,
1122 1389 1216 1426 hanc
1256 1397 1350 1426 veto

229 1472 248 1497 e
284 1459 429 1498 meliori
463 1461 561 1498 vitae
596 1460 732 1506 cultu,
759 1460 804 1497 ad
827 1471 938 1507 quem
979 1458 1168 1508 religionis
1201 1464 1351 1496 nostrae

226 1529 420 1568 confessio
440 1538 569 1578 gentes
595 1528 765 1568 educavit
786 1530 1019 1577 Europaeas.
1046 1548 1101 1558 —
1123 1527 1255 1576 Itaque
1273 1538 1351 1564 me-

226 1601 340 1639 liores
374 1601 420 1639 de
459 1609 618 1648 utraque
653 1610 694 1638 re
730 1598 934 1638 sententias
975 1597 1113 1636 sensim
1155 1597 1362 1647 paulatim-1

229 1683 302 1718 que
335 1682 376 1709 ac
405 1670 579 1709 universe
616 1682 637 1708 a
680 1678 809 1708 nostra
844 1670 1021 1718 religione
1055 1667 1203 1708 effectas
1238 1679 1354 1718 esse,

225 1753 301 1780 non
334 1750 391 1780 est
410 1770 425 1789 ‚
453 1741 556 1790 quod
590 1740 764 1791 pluribus
799 1750 968 1779 moneam
997 1739 1083 1790 (a).

264 1893 315 1929 (ι)
336 1892 386 1921 Cf.
413 1892 570 1926 neme,
593 1892 615 1919 1.
634 1890 657 1919 1.
675 1897 704 1924 p.
721 1897 791 1926 472.

269 1950 323 1987 (2)
345 1947 559 1977 Humanior-em
580 1945 654 1975 belli
672 1943 799 1974 finiendi
822 1942 972 1972 rationem
1001 1942 1033 1970 M
1043 1949 1063 1969 o
1074 1949 1090 1969 n
1101 1947 1139 1969 te
1149 1949 1162 1970 s
1172 1948 1191 1976 q
1202 1947 1221 1968 ιι
1232 1939 1271 1968 iv
1282 1938 1292 1967 i
1305 1947 1323 1968 u
1335 1947 1347 1967 ε

227 2005 297 2035 huic
321 2005 456 2041 gentium
480 2001 677 2033 emendatrici
698 2001 757 2037 jam
781 2000 901 2031 tribuit.
930 2000 993 2031 Vd.
1013 1999 1066 2029 ille
1090 2000 1112 2029 1.
1128 2000 1152 2028 Ι.
1180 1997 1264 2028 Livr.
1287 1997 1344 2026 111.

227 2065 276 2094 ch.
299 2067 349 2094 86.
371 2071 402 2094 et
417 2064 523 2093 xxiv.
546 2063 596 2091 ch.
623 2070 654 2097 3.
