1507 2876
237 186 333 217 VIII

729 324 767 380 ς.
800 321 855 366 11.

300 479 369 524 Ad
402 483 611 522 certamen
642 472 888 526 literarium,
929 472 1182 530 singularum
1218 469 1349 516 disci-

243 556 450 617 plinarum
479 550 673 597 studiosis
704 550 749 593 in
778 548 1014 592 Academiis
1048 555 1088 592 et
1122 548 1350 594 Athenaeis

242 632 412 692 patriis,
441 628 681 689 propositae
711 634 805 670 sunt
834 626 914 670 hae
944 626 1227 683 quaestiones:

246 764 556 818 QUAESTIO
594 749 1350 808 zooLoolco-anLoach.

309 883 588 933 Quaeritur,
619 881 774 936 quales
801 880 1021 935 reliquiae
1037 883 1227 935 fossiles
1248 880 1350 920 ani-

247 955 437 997 malium
464 951 829 995 vertebratorum
850 951 1067 991 hactenus
1085 953 1176 992 sint
1198 953 1354 993 inven-

247 1033 347 1076 tae,
380 1026 424 1065 in
449 1021 876 1079 septentrionalibus
901 1023 1060 1077 Belgis·
1075 1024 1353 1077 provinciis,

243 1095 589 1152 praetermissis
607 1094 724 1143 illis,
755 1108 869 1148 quae
895 1095 1065 1134 multae
1080 1109 1228 1149 prope
1242 1093 1356 1137 Tra-

248 1166 403 1210 iectum
419 1165 473 1208 ad
486 1165 670 1214 Mosam,
702 1166 748 1204 in
779 1164 916 1204 huius
944 1166 1032 1205 loci
1048 1168 1356 1219 formatione,

250 1241 431 1280 adsunt.
492 1238 734 1277 Indicetur
762 1249 931 1288 porro,
962 1238 1119 1291 quales
1149 1240 1356 1293 sequelae

251 1324 304 1350 ex
332 1310 449 1358 illis,
493 1323 579 1363 quo
605 1308 667 1347 ad
692 1307 1052 1347 constitutionem
1073 1310 1357 1363 geologicam

250 1380 417 1421 harum
426 1379 470 1420 P
475 1378 782 1420 rovinciarum
793 1405 804 1425 ‚
822 1383 919 1417 tuto
930 1380 1139 1420 derivari
1142 1381 1325 1433 possint
1336 1383 1358 1421 ?

405 1510 713 1562 QUAESTIO
741 1510 1215 1558 MATHEMATJCA.

309 1630 585 1683 Exponatur
622 1628 799 1669 theoria
835 1631 1069 1684 generalis
1109 1646 1358 1676 curvarum

254 1700 452 1755 duplicis
479 1705 781 1750 curvaturae,
815 1716 954 1756 eaque
990 1702 1264 1745 adhibeatur
1298 1708 1362 1747 ad

255 1772 544 1813 inveniendas
564 1772 876 1825 proprietates
902 1787 1091 1824 curvae,
1122 1790 1236 1830 quae
1262 1792 1360 1818 om-

256 1858 335 1884 nes
369 1849 517 1883 rectas
557 1843 602 1882 in
631 1842 872 1896 superficie
904 1846 1108 1897 cylindri
1144 1854 1226 1887 aut
1261 1850 1361 1890 coni

259 1915 373 1957 recti
402 1915 553 1954 eodem
583 1916 752 1968 angulo
782 1922 918 1957 secat.

441 2047 749 2098 QUAESTIO
779 2048 1194 2096 THEOLOGICA.
1267 2050 1269 2053 ’

315 2165 646 2220 Disquiratur,
689 2170 825 2208 utrum
865 2183 887 2208 e
925 2171 1137 2212 doctrina
1177 2171 1366 2212 Ethices

263 2235 552 2277 Christianae
583 2237 755 2278 homini
789 2245 832 2279 et
857 2239 1078 2297 Principi
1104 2242 1366 2283 Christiano

1306 2314 1367 2354 li-
