1564 2750
297 142 345 177 ⁶2
488 113 1182 188 'COMMENTATIO

295 249 557 295 ponnesiorum
580 250 617 287 in
641 263 744 289 suam
769 253 957 301 regionem
989 255 1268 307 invasionibus,
1295 261 1400 298 nullo

294 319 406 355 modo
436 330 455 355 a
490 319 686 358 Potidaeae
721 321 916 361 obsidione
950 324 1168 374 abste1·reri;
1217 336 1254 366 et
1285 329 1404 368 Athe⁴

292 387 474 426 niensium
511 390 727 437 Praetores,
755 403 831 430 non
870 394 992 432 minus
1026 395 1184 434 libenter
1217 398 1404 437 conditio-

291 466 357 494 nes
382 458 632 506 accipiebant,
664 461 837 508 quoniam
859 465 1042 502 exercitus
1067 466 1229 505 assiduis
1252 468 1402 517 proeliis

290 527 587 575 gravissimoque
620 530 752 568 morbo
786 532 891 570 valde
926 534 1144 574 imminutus
1169 545 1260 575 erat.
1313 539 1404 577 Pac-

290 606 367 634 tum
404 597 517 645 igitur
547 608 628 646 est,
678 610 719 638 ut
757 601 849 639 salvi
881 614 965 641 cum
1007 605 1222 644 mulieribus
1258 607 1403 655 pueris·

290 677 390 713 que,
444 677 556 715 atque
596 669 749 718 insuper
796 674 899 710 certa
948 674 1127 721 pecuniae
1172 679 1317 715 summa
1355 678 1401 716 ad

288 736 359 774 iter
402 736 609 776 faciendum
657 743 833 789 accepta,
887 754 931 780 ex
976 744 1069 780 urbe
1118 745 1398 793 egrederenturg,

291 817 368 853 quo
407 808 584 863 utrinque
617 818 721 858 rato,
775 822 859 850 sese
889 812 927 849 in
965 813 1206 852 Chalcidicen
1247 824 1284 853 et
1322 827 1398 864 quo

289 875 450 924 quisque
487 888 646 927 posset,
690 882 943 920 contulerunt.
998 884 1246 922 Athenienses
1279 893 1400 924 tamen

287 946 522 987 Praetoribus
546 949 691 987 crimini
722 951 922 999 dederunt,
956 954 1059 1000 quod
1087 966 1154 992 sua
1182 955 1402 994 auctoritate

287 1016 524 1055 conditiones
558 1020 818 1068 accepissent,
856 1033 924 1060 nec
954 1023 1021 1061 hac
1051 1024 1096 1061 de
1134 1036 1173 1062 re
1205 1025 1254 1063 ad
1275 1025 1402 1073 Popu-

287 1087 361 1124 lum
391 1087 637 1137 detulissent3
667 1090 794 1128 urbem
831 1092 924 1130 enim
963 1093 1069 1130 etiarn
1101 1093 1178 1131 sine
1205 1093 1288 1132 istis
1314 1105 1400 1142 pac-

287 1156 454 1196 tionibus
485 1158 568 1207 capi
608 1159 805 1208 potuisse,
833 1151 1114 1201 contendentes.
1168 1165 1328 1210 Postea,
1356 1173 1399 1203 ut

288 1226 377 1264 haec
416 1227 506 1265 urbs
550 1228 624 1265 sibi
666 1232 990 1278 propugnaculum
1039 1233 1396 1282 quoddamesset,

286 1297 383 1333 unde
418 1295 457 1334 in
493 1298 649 1335 hostiles
688 1311 797 1347 agros
835 1300 1068 1339 incursiones
1104 1301 1291 1351 facerent,
1319 1315 1396 1342 eam

286 1366 549 1413 muniverunt,
577 1378 699 1415 eoque
723 1370 883 1407 colonos
916 1370 1131 1419 ablegarunt
1155 1373 1244 1421 (1).

335 1436 416 1473 Hac
447 1436 603 1475 victoria
629 1439 816 1477 secundus
844 1440 887 1477 B.
919 1441 961 1479 P.
989 1451 1107 1479 annus
1140 1441 1271 1481 finitus
1311 1452 1395 1491 est,

282 1516 322 1543 ac
344 1506 444 1543 tertii
478 1506 629 1545 ineunte
664 1517 827 1556 aestate,
853 1510 1115 1557 Peloponnesii
1143 1522 1220 1548 non
1244 1512 1394 1559 quidem

283 1575 321 1611 in
352 1575 514 1614 Atticam
542 1576 760 1616 invaserunt
778 1607 791 1625 ,
826 1587 1031 1619 metuentes
1057 1590 1104 1619 ne
1139 1581 1294 1629 morbo,
1329 1582 1396 1630 qui

281 1645 429 1683 assidue
460 1646 512 1683 ibi
547 1647 665 1685 adhuc
703 1649 958 1697 grassabatur,
997 1650 1294 1700 corriperentur;
1330 1653 1395 1690 sed

281 1716 442 1755 Plataeas
473 1719 638 1766 aggressi
669 1727 784 1766 sunt,
814 1729 968 1766 eamque
1004 1719 1133 1758 urbem
1170 1720 1280 1758 variis
1320 1731 1395 1758 ma-

279 1785 400 1823 chinis
428 1795 640 1835 tentarunt,
689 1800 802 1835 quum
841 1800 930 1826 vero
966 1789 1194 1829 Plataeenses
1232 1789 1394 1827 mulieri·

280 1856 384 1903 bus,
424 1858 630 1906 puerisque
654 1858 820 1896 Athenas
852 1859 1046 1905 abductis,
1082 1859 1286 1897 fortissime
1311 1870 1393 1896 sese

280 1925 542 1974 defenderent,
598 1927 718 1966 medio
759 1940 883 1966 mense
918 1929 1127 1976 Septembri
1161 1929 1205 1966 ab
1240 1940 1280 1967 ea
1314 1929 1394 1967 dis-

279 2006 496 2044 cesserunt,
547 1998 686 2046 oppido
737 1998 1043 2045 circumvallato,
1094 2008 1204 2046 atque
1253 1999 1393 2039 exerci-

1326 2079 1385 2107 tus

318 2209 369 2242 (rs)
389 2211 485 2237 'lhuc.
516 2210 549 2236 ΙΙ.
583 2217 647 2243 cap.
677 2216 723 2241 50.
747 2220 788 2231 α
814 2210 900 2238 'iod.
928 2210 984 2239 Sic.
1012 2210 1078 2252 KH.
1106 2218 1170 2244 cip.
1191 2213 1242 2246 4⁶·
