1523 2745
429 173 935 214 LITERARIA.
1193 174 1240 212 61

129 284 247 331 tei-io,
297 294 338 321 se
369 284 524 331 ipsum,
567 293 609 323 ut
640 284 689 323 ait
728 284 919 323 Critolaus
954 282 1022 332 (ι)
1063 290 1238 330 tanquam

127 353 308 391 triremem
348 353 576 392 Salaminiam
619 354 664 392 ad
703 365 760 392 res
797 353 985 402 graviores
1034 365 1241 393 reservans.

126 421 205 460 Ubi
249 434 337 460 vero
377 432 586 461 surrexerat
626 423 734 461 facile
779 424 961 471 populum
999 423 1235 472 impellebat,

128 504 207 541 quo
239 494 363 532 vellet.
415 493 601 541 Apparuit
636 486 708 531 hoc
733 493 770 531 in
800 495 961 541 utraque
988 494 1159 532 Cimonis
1183 507 1244 533 ac·

124 563 318 600 cusatione
356 562 454 611 (2);
501 563 670 611 apparuit
710 563 747 601 in
787 563 932 613 J'udicio
978 563 1242 613 Thucydidis,

126 643 238 680 quem
265 633 405 683 ἄριστον
431 636 555 683 ῥήτορα
584 635 652 672 sua
681 633 898 681 eloquenti-9.
935 634 984 672 ita
1009 634 1242 682 prostravit,

130 710 172 740 ut
198 713 246 740 ne
277 702 447 740 habuerit
471 703 650 750 quidem,
681 703 783 750 quod
809 711 1003 751 reponeret
1037 703 1121 753 (3).

173 772 264 811 Non
296 774 418 811 solum
451 781 572 811 autem
608 773 834 811 accusatoris
860 782 982 822 partes
1010 774 1049 812 in
1085 785 1125 813 se
1149 786 1235 814 sus-

119 842 245 892 cepit,
284 844 350 881 sed
384 843 524 881 audivit
563 855 645 881 eum
677 845 845 882 Socrates
881 844 951 894 (4)
976 845 1233 885 admonentem

51 922 55 931 ⁴
119 911 221 951 cives
248 923 366 959 suos,
409 923 451 951 ut
491 913 680 951 securitati
717 913 819 951 urbis
866 915 1130 960 consulerent,
1170 926 1234 953 ex.

117 984 297 1021 struendo
328 985 377 1033 τῷ
398 985 457 1024 διὰ
481 985 591 1032 μέσου
615 985 759 1033 τείχεα
785 991 848 1030 et,
880 992 922 1021 ut
940 984 1008 1021 alia
1037 984 1237 1034 omittamg,

118 1053 175 1091 bis
198 1065 218 1092 a
251 1055 395 1102 populo
434 1053 648 1101 designatus
683 1061 766 1099 est,
794 1053 859 1100 qui
889 1054 1114 1092 collaudaret
1138 1065 1203 1093 eos
1220 1082 1234 1101 ,

117 1123 183 1172 qui
207 1134 277 1171 pro
311 1123 428 1171 patria
449 1122 687 1160 cecidissent.
740 1123 846 1173 Quae
873 1124 994 1161 omnia
1017 1135 1077 1162 me
1102 1125 1230 1163 adino-

114 1201 230 1240 nent,
260 1193 325 1240 qui
365 1192 543 1231 nonnulla
579 1192 773 1243 subjiciam
805 1194 850 1231 de
881 1193 1094 1242 eloquentia
1132 1194 1229 1244 viri,

112 1262 196 1300 sine
226 1263 301 1310 qua
336 1272 526 1308 nunquam
566 1260 656 1309 ille,
696 1261 768 1300 etsi
803 1262 957 1311 optimis
985 1263 1153 1303 moribus
1191 1273 1229 1303 et

112 1329 250 1380 insigni
275 1331 469 1379 prudentia
504 1339 681 1376 ornatuS‚
709 1339 845 1370 tantam
868 1331 1126 1372 auctoritatem
1153 1334 1231 1373 adi-

111 1401 209 1450 pisci
238 1410 276 1440 et
298 1413 390 1441 vero
421 1402 578 1440 retinere
606 1401 807 1449 potuisset.

594 1543 634 1592 §.
689 1546 728 1583 6.

81 1676 92 1680 ³
155 1688 214 1726 De
251 1687 479 1734 Eloquentia
513 1685 691 1734 Periclis,
719 1685 892 1735 profecta
916 1686 980 1725 illa
1014 1697 1059 1724 ex
1092 1685 1220 1725 intima

49 1789 52 1790 ν
104 1757 217 1796 animi
251 1757 401 1796 humani
427 1765 462 1795 et
489 1757 681 1795 universae
715 1765 865 1795 naturae
899 1756 1137 1805 cognitione,
1164 1765 1220 1794 at·

104 1840 179 1877 que
219 1829 310 1866 adeo
336 1840 380 1866 ex
405 1827 486 1877 ipsa
506 1826 775 1876 philosophia,
805 1838 877 1865 una
903 1835 960 1866 est
997 1834 1034 1865 et
1057 1837 1216 1865 consen-

101 1897 196 1937 tiens
220 1898 342 1937 omnis
372 1897 605 1946 antiquitatis
633 1909 722 1936 vox.
777 1898 912 1945 Plato,
940 1909 1056 1945 quum
1079 1898 1216 1937 docue-

1163 1978 1220 2009 rat

77 2074 80 2075 ⁷
136 2084 188 2124 (1)
206 2087 287 2115 Plut.
302 2085 369 2115 Per.
385 2092 415 2119 7.
435 2081 528 2118 Reip.
549 2089 612 2117 ger.
630 2083 735 2111 Praec.
751 2089 783 2117 p.
804 2086 873 2112 311.

142 2141 194 2180 (2)
214 2143 264 2171 ef.
285 2144 357 2177 Cap.
378 2143 402 2170 1.
426 2143 441 2178 §
462 2144 490 2171 6.

138 2200 191 2238 (3)
212 2198 368 2234 Aristoph.
389 2200 483 2234 vesp.
503 2206 535 2227 v.
554 2207 608 2235 945
634 2199 684 2232 48.
704 2197 809 2233 ibique
829 2198 929 2227 schol.

138 2257 190 2294 (4)
210 2258 288 2286 Plut.
308 2259 375 2286 Per.
398 2264 443 2290 ¹3·
462 2257 537 2284 Plan.
556 2254 687 2290 Gorgia,
707 2263 739 2290 p.
753 2261 823 2292 455·
847 2255 882 2283 E.
908 2253 1014 2290 ibique
1035 2255 1210 2288 staubaum.
