1538 2689
240 163 289 200 66
461 155 1135 199 COMMENTA-Tlo

244 279 404 317 quorum
435 275 636 314 utrumque
665 274 812 304 constat
844 276 889 303 ex
916 276 980 303 sex
1013 264 1086 303 filis
1126 265 1360 304 tenuissimis

247 338 293 376 ad
330 347 444 374 unum
481 335 669 381 reductis,
721 345 802 372 cera
842 333 1056 373 obvestitis.
1115 334 1245 381 ltaque
1279 346 1363 383 per-

250 417 380 455 magna
418 417 503 453 pars
542 404 693 442 arteriae
729 404 936 441 denudatur
967 413 1003 441 et
1036 415 1057 441 a
1091 403 1367 451 partibus„cir·

254 474 515 512 cumdantibus
549 483 753 522 separatur.
807 473 903 510 Dein
940 474 1101 520 suadet,
1134 473 1194 512 illa
1234 473 1271 512 vi
1307 473 1368 513 fila

258 544 537 591 constringere,
569 554 609 581 ut
642 544 785 581 tunicae
819 544 967 581 intimae
995 543 1266 591 superficiebus
1293 544 1372 592 pla·

261 616 320 652 nis
356 613 606 660 conveniant3
660 614 725 651 sed
763 614 908 651 difficile
937 622 993 651 est
1026 614 1265 652 determinare
1295 613 1370 652 vim

263 684 503 721 necessariam
537 693 572 720 et
598 684 780 722 credimus
796 711 809 730 ‚
834 694 911 721 non
951 694 1032 720 raro
1056 684 1200 721 tunicas
1226 683 1373 721 intimas

263 755 363 791 haud
400 754 595 802 comprimi
623 756 720 804 (ι),
763 754 829 791 sed
861 753 1088 800 transcindi,
1126 764 1204 801 quo
1246 753 1377 800 facto,

265 825 393 861 arteria
430 824 483 860 sic
518 824 712 872 comprimi
741 824 876 871 debet,
914 835 961 861 ne
987 835 1072 872 pars
1104 824 1175 862 sub
1207 823 1377 872 cylindro

267 895 490 943 emoriatur3
518 903 630 942 atque
656 894 769 942 igitur
795 903 968 942 operator
1001 904 1128 942 magna
1162 893 1379 931 dexteritate

269 965 425 1012 gaudere
456 965 588 1010 debet,
616 974 656 1002 ut
693 975 793 1002 recte
829 972 1079 1013 cognoscatur
1114 964 1250 1013 gradus
1290 973 1383 1000 con-

271 1033 499 1072 strictionis:
542 1035 728 1082 Scarpa
766 1043 886 1072 autem
924 1034 1004 1081 ipse
1028 1033 1149 1080 dicit,
1176 1034 1275 1071 hunc
1303 1042 1381 1070 non

271 1103 465 1141 difficulter
484 1104 679 1152 cognosci.
704 1104 872 1153 Coagula
886 1103 1077 1152 sanguinis
1091 1103 1239 1151 quidem
1256 1103 1385 1141 oriun-

272 1181 357 1219 tur,
395 1174 458 1210 sed
493 1183 570 1210 non
604 1174 648 1211 ad
684 1175 789 1211 basin
833 1182 904 1210 tam
946 1173 1057 1211 fixam
1099 1182 1280 1221 punctum
1323 1173 1387 1210 ha-

275 1242 393 1288 bent,
420 1241 507 1289 quia
544 1243 688 1280 tunicae
725 1244 822 1281 haud
849 1245 966 1281 laesae
997 1252 1112 1290 sunt,
1138 1252 1249 1290 atque
1274 1242 1388 1291 igitur

277 1311 406 1359 exigua
435 1322 576 1349 tantum
600 1312 804 1360 quantitate
838 1314 1039 1352 exsudatur
1063 1314 1230 1362 lympha.
1257 1313 1389 1360 Itaque

277 1381 473 1419 thrombus
513 1382 703 1430 sanguinis
747 1382 889 1420 diutius
930 1382 1024 1420 liber
1065 1383 1103 1420 in
1141 1382 1271 1420 arteria
1315 1394 1392 1420 ma-

279 1461 368 1497 net,
397 1453 493 1489 unde
521 1453 654 1500 pulsus
689 1453 879 1500 sanguinis
908 1452 1090 1491 actionem
1122 1453 1232 1490 habet
1269 1453 1307 1489 in
1337 1463 1394 1489 ar-

280 1521 391 1558 teriae
414 1521 549 1568 finem3
581 1522 724 1560 tandem
757 1533 879 1560 autem
903 1535 942 1561 se
967 1522 1161 1572 conjungit
1188 1533 1272 1560 cum
1293 1521 1394 1559 tuni·
1415 1526 1418 1527 ⁷

282 1590 337 1628 cis
369 1591 523 1629 intimis.

334 1662 530 1708 Lymphae
552 1662 724 1709 plasticae
748 1662 1030 1700 exsudationem
1053 1671 1235 1700 externam
1258 1662 1393 1700 summi

285 1731 461 1767 momenti
489 1732 703 1779 credimus3
732 1743 826 1778 quae
863 1734 1015 1769 omnino
1050 1733 1086 1769 in
1114 1732 1181 1769 hac
1217 1731 1393 1769 methodo

287 1802 408 1837 locum
429 1800 562 1847 habet,
589 1811 701 1848 atque
723 1802 871 1848 quidem
899 1812 1028 1850 magna
1051 1801 1282 1849 quantitate,
1308 1801 1395 1849 quia

288 1869 417 1906 arteria
454 1879 523 1906 tam
566 1883 694 1919 magna
725 1882 827 1919 parte
867 1876 962 1909 laesa
999 1880 1055 1909 est
1091 1881 1128 1909 et
1167 1872 1211 1909 ab
1248 1872 1395 1920 organis

288 1939 601 1979 circumdantibus
647 1953 827 1990 separata.
906 1943 1002 1980 Illud
1044 1943 1262 1981 exsudatum
1309 1943 1400 1990 tegit

289 2011 454 2047 arteriam
486 2020 521 2048 et
547 2013 677 2058 partim
710 2012 866 2060 cylindri
895 2013 1102 2061 margines;
1131 2013 1227 2050 unde
1254 2011 1315 2050 hic
1345 2023 1403 2050 re-

290 2088 441 2117 timetur.

1301 2152 1400 2190 Cum

326 2236 380 2266 (ι)
404 2231 474 2260 vid.
498 2241 584 2267 snpra
606 2241 670 2267 pag.
695 2237 744 2268 48.
