1502 2767
445 186 1043 227 THEoLoorcA.
1227 205 1295 241 119

483 319 1011 360 CONCLUSIO.

233 469 341 520 Quae
363 481 409 508 ex
433 470 634 519 disputatis
658 472 970 519 sequuntur-,hic
997 471 1124 520 paucis
1149 480 1296 510 contra-

183 539 330 579 hamus.
361 556 418 568 ·--
444 539 570 591 Quum
601 541 860 589 gravissimum
886 541 1075 579 civitatum
1096 542 1293 580 consilium

179 610 341 659 obtineri
362 619 550 658 nequeat,
579 611 652 648 nisi
674 612 753 659 eJ'us
780 609 863 660 jura
890 610 1147 649 vindicentur:
1179 623 1294 659 quum

177 681 224 721 ad
250 681 421 731 primaria
448 668 545 730 regis
584 681 704 720 officia
743 681 973 720 referendum
1019 681 1094 728 sit,
1123 689 1165 719 ut
1191 689 1296 719 curet

177 750 334 799 patriam
360 750 510 788 liberam
534 751 616 787 esse
641 758 677 787 et
705 749 927 789 incolumem
943 780 957 799 ,
999 751 1213 799 civiumque
1235 751 1296 801 ju-

179 831 220 858 ra
253 819 422 867 servari,
471 829 508 858 et
543 819 662 858 cuivis
690 820 826 859 civium
864 820 1083 869 impositum
1123 820 1202 867 sit,
1241 831 1300 858 re-

178 899 289 938 gem,
325 897 368 928 ut
400 890 473 928 hoc
502 889 693 938 obtineat,
738 890 932 939 adjuvare:
983 901 1098 938 quum
1142 888 1296 928 Codicis

179 958 284 998 Sacri
323 960 491 998 doctrina
524 959 613 997 haec
638 959 800 997 inculcet
825 967 862 997 et
888 959 981 997 nihil
1009 959 1224 1004 contineat,
1252 970 1297 997 ex

179 1040 257 1078 quo
292 1029 429 1066 bellum
463 1029 632 1066 illicitum
657 1039 740 1066 esse
774 1036 976 1076 sequatur:
1012 1027 1167 1065 historia
1194 1028 1297 1066 deni-

178 1110 253 1148 que
272 1099 432 1147 probet,
447 1098 573 1148 ipsum
595 1098 732 1137 bellum
759 1109 840 1136 esse
854 1127 867 1146 ‚
896 1088 973 1146 qno
990 1126 1004 1146 ,
1025 1097 1149 1136 divina
1168 1099 1296 1135 mode-

175 1175 279 1206 rante
310 1179 424 1216 cura‚
479 1167 696 1218 gravissima
730 1168 803 1209 Dei
829 1167 984 1206 consilia
1027 1167 1293 1214 obtineantur-3

172 1238 273 1276 haud
320 1246 458 1277 temere
503 1239 765 1277 concludimus
787 1268 800 1289 2
854 1239 1008 1278 Etln'ces
1055 1238 1297 1277 Christianae

174 1306 384 1347 doctrinam
402 1337 415 1355 ,
443 1322 538 1359 quae
561 1312 636 1348 ‘vim
674 1312 714 1350 νί
743 1310 922 1361 repellere
949 1309 1052 1348 docet
1070 1338 1083 1357 ,
1112 1322 1183 1347 non
1209 1318 1298 1347 tan-

175 1385 257 1416 tum
294 1380 487 1430 principi,
519 1376 647 1417 ‘lterum
676 1389 712 1418 et
747 1382 863 1419 cuivis
884 1381 1023 1417 homini
1053 1379 1297 1426 Christiano,

175 1448 240 1487 ubi
268 1449 384 1486 aliter
401 1451 537 1487 civium
546 1450 647 1496 jura
673 1448 889 1497 vindicari,
930 1452 988 1486 ‘vel
1008 1462 1067 1486 am
1076 1451 1150 1486 issa
1192 1461 1299 1486 reca-

175 1520 313 1570 pcrari
331 1546 345 1566 ‚
387 1529 600 1570 nequeant,
637 1520 769 1558 bellum
791 1502 925 1569 gerere
966 1520 1111 1558 licitum
1134 1529 1302 1571 promm-

175 1592 303 1637 tiare‚
317 1591 409 1643 quire
430 1590 503 1628 tali
521 1592 664 1627 ineam
682 1617 695 1636 ‚
717 1602 829 1627 arma
844 1592 1041 1640 arcingere
1056 1618 1068 1636 ,
1081 1589 1135 1627 ad
1149 1591 1301 1639 gravis-

174 1660 270 1701 sima
303 1661 440 1698 civium
469 1660 774 1697 Christianorum
805 1662 999 1711 pertinere
1036 1660 1178 1710 officia,-
1231 1670 1298 1696 nee

175 1730 267 1769 adeo
303 1730 506 1779 culpandas
533 1740 616 1768 esse
650 1729 848 1777 civitates,
878 1740 973 1778 qnae
1002 1730 1167 1768 ordinem
1196 1729 1295 1766 mili·

1246 1808 1299 1837 ta-

174 1933 236 1957 van
252 1926 308 1955 den
326 1926 528 1961 Godsdienst,
550 1927 637 1956 Tom.
657 1926 683 1955 1¹.
706 1933 739 1960 p.
762 1932 816 1959 523
837 1930 911 1959 quae
933 1930 995 1951 tota
1012 1921 1116 1958 quinta
1135 1921 1299 1957 disputatio

176 1981 349 2020 dignissima
366 1992 430 2020 est,
444 1992 523 2019 quae
540 1985 591 2012 hic
607 1985 737 2017 legatur.
758 1982 869 2018 Briefe
893 1982 969 2008 iiber
989 1980 1045 2008 don
1065 1980 1177 2015 Krieg.
1195 1979 1298 2008 heroi.

178 2045 274 2076 17783
296 2049 371 2077 quae
389 2049 495 2070 omnes
522 2048 594 2069 octo
622 2040 770 2076 epistolae
799 2040 859 2067 huc
883 2039 1008 2067 faciunt.
1046 2037 1227 2071 Embser,
1248 2036 1298 2063 dic-

177 2099 351 2135 Abgb‘ttery
379 2107 485 2127 unsers
504 2097 772 2137 philosophis-chen
799 2095 1045 2134 Jahrhun'derts.
1070 2093 1300 2125 Draeseke,

179 2155 388 2184 Lecrredenen
409 2165 482 2185 over
512 2156 569 2184 den
596 2156 712 2193 Krijg,
741 2163 774 2189 p.
804 2156 853 2184 61·
874 2161 923 2188 qq.
946 2152 1099 2186 Ewald,
1130 2152 1241 2186 Ourlug
1263 2159 1299 2177 en

181 2208 276 2239 Vrodv
303 2213 354 2240 uie
387 2212 439 2240 hee
466 2211 637 2247 seandpunt
662 2221 720 2241 van
743 2212 798 2239 den
826 2211 970 2239 christon
1005 2208 1198 2244 heschouwd,
1229 2215 1296 2243 pag.

181 2270 311 2298 18-22.
