1538 2689
394 114 904 156 LITERARIA.
1165 134 1209 171 13

100 211 332 276 reportavit,
350 223 533 274 conjicere
553 236 780 273 possumus,
810 227 913 266 illum
941 228 1108 266 militiam
1135 240 1212 268 non

97 296 274 335 intactam
303 293 523 342 reliquisse3
559 294 597 331 id
617 296 721 342 quod
739 307 760 334 a
790 296 989 335 Plutarcho
1018 297 1216 337 confirma-

98 376 179 406 tum
206 365 376 404 videmus
404 365 503 414 (1),
531 364 597 412 qui
623 364 727 403 illum
759 375 949 405 strenuum
980 376 1016 406 et
1039 369 1212 407 audacem

97 443 208 474 vocat
237 434 406 473 militem.
459 434 603 473 Verum
630 435 750 474 dedita
773 447 885 484 opera
914 437 952 475 id
977 438 1131 488 agebat,
1170 449 1214 478 ut

95 504 333 556 popularium
360 505 490 542 oculos
526 513 761 553 mentemque
792 518 812 544 a
846 518 886 544 se
924 516 1130 558 averteret;
1159 509 1216 547 id-

97 575 436 626 quepotissimum
471 575 566 613 hanc
604 575 654 613 ob
688 587 864 624 causam,
892 576 980 625 quia
1018 579 1126 617 valde
1157 578 1217 628 ip·

92 645 381 684 si‘metuendum
410 653 513 693 erat,
541 656 588 684 ne
619 645 804 684 Pisistrati
836 647 1051 686 memoriam
1080 649 1119 687 in
1141 660 1215 698 po·

97 716 179 766 puli
203 716 366 755 animum
401 723 606 755 revocaret.
661 717 864 755 Provectae
889 717 986 756 enim
1023 719 1089 767 qui
1111 727 1215 757 erant

95 787 226 825 aetatis
241 814 255 834 ,
272 786 376 825 valde
388 786 684 835 percellebantur
698 786 941 826 similitudine
955 816 969 835 ‚
984 799 1078 837 quae
1093 816 1107 835 ,
1123 797 1159 826 et
1172 788 1212 827 in

96 855 208 904 facie,
225 857 313 894 etin
326 856 431 894 suavi
451 856 597 905 linguae
609 856 845 895 volubilitate
858 885 871 904 ,
881 857 1102 895 cernebatur
1114 859 1214 897 inter

96 927 365 965 adolescentem
390 925 566 963 Periclem
593 933 629 962 et
642 923 827 963 famosum
851 926 964 964 istum
979 935 1178 975 tyrannum
1196 956 1212 977 ,

93 996 205 1044 qu'us
231 997 417 1043 praeterea
442 1006 576 1042 genere
605 1004 772 1034 materno
799 1004 982 1045 cognatus
1018 1005 1094 1035 erat
1122 999 1208 1048 (2).

92 1064 366 1114 Nequeipsum
389 1064 524 1103 fefellit
550 1065 791 1104 existimatio.
820 1066 956 1105 Fertur
980 1067 1076 1106 enim
1094 1079 1210 1108 senex

89 1133 224 1182 aliquis
236 1162 250 1180 ,
266 1134 331 1182 qui
342 1135 574 1174 Pisistratum
601 1137 884 1175 concionantem
899 1138 1110 1188 audiverat,
1122 1151 1209 1179 cum

90 1203 246 1252 primae„
278 1205 454 1246 concioni
483 1207 751 1245 adolescentuli
791 1208 946 1247 Periclis
984 1209 1205 1260 interesset,

93 1272 167 1311 sibi
202 1285 281 1312 non*
315 1282 540 1323 temperasse
569 1276 614 1314 ab
630 1278 933 1318 exclamatione:
956 1307 996 1326 .„
1022 1280 1147 1319 caveri
1170 1282 1216 1319 il·

94 1370 126 1391 „
152 1343 230 1382 lum
248 1343 385 1383 civem
415 1353 613 1393 oportere,
641 1347 747 1394 quod
770 1347 953 1386 Pisistrati
974 1349 1136 1387 orationi
1165 1351 1216 1389 si·

93 1440 125 1461 „
154 1413 306 1452 millima
331 1423 429 1453 esset
459 1415 539 1464 ejus
563 1416 684 1454 oratio
697 1417 723 1434 ”
744 1416 833 1467 (3).
885 1418 1043 1469 Quibus·
1067 1422 1216 1469 Permo-

93 1491 156 1521 tus
179 1492 291 1531 atque
311 1485 466 1533 insuper
492 1496 651 1534 genere,
677 1487 817 1527 divitiis
842 1496 879 1527 et
903 1489 1029 1528 amicis
1053 1492 1213 1530 multum

94 1553 144 1593 in„
168 1553 318 1592 civitate
365 1555 575 1594 valentibus
621 1557 836 1605 spectabilis
853 1586 866 1606 ,
918 1571 1001 1599 sese
1040 1561 1086 1599 ab
1133 1573 1215 1600 om-

91 1622 203 1661 nibus
222 1623 334 1662 rebus
361 1624 534 1664 civilibus
561 1625 770 1675 abstinuit,
809 1627 953 1668 bellicis
986 1638 1214 1670 tantummo-

94 1691 144 1730 do
182 1695 297 1740 opera
326 1694 440 1744 data;
470 1707 586 1744 eaque
610 1697 769 1746 sapienti
794 1699 927 1761 agendi
965 1700 1107 1740 ratione
1138 1702 1212 1741 Os-

90 1761 323 1805 tracismum
321 1764 496 1805 evitavit.

142 1833 425 1881 Rempublicam
439 1846 634 1883 capessere
643 1810 769 1887 coepit
781 1838 960 1879 defuncto
973 1841 1155 1890 Aristide,

101 1901 358 1942 Themistocle
393 1905 431 1943 in
457 1905 629 1946 exsilium
666 1908 786 1958 ejecto
814 1910 927 1961 (Vid.
958 1911 1045 1953 Obs.
1074 1914 1144 1953 VI.
1150 1914 1201 1963 ),

1099 1983 1206 2023 dum-

114 2091 183 2132 Ll)
202 2096 279 2127 mut.
299 2098 368 2128 Per.
387 2106 460 2135 cap.'
472 2110 502 2136 7.
517 2110 552 2138 p.
572 2106 639 2137 15'5.
665 2104 702 2133 Ε.

94 2147 276 2188 .21;2‚1.1›id.
300 2154 392 2185 Conf.
416 2159 530 2188 Herod.
555 2160 583 2189 1.
606 2161 744 2197 60.’sqq„

93 2233 95 2237 ,
127 2207 185 2244 (15)
207 2210 304 2239 valer.
329 2212 412 2242 Max.
440 2216 522 2244 vlu.
547 2224 612 2252 cap.
640 2225 668 2252 9.
691 2219 815 2250 Extern.
847 2230 863 2249 ’.ι

1170 1852 1207 1883 et
1219 1871 1368 1902 Lxxvu.

1284 1920 1313 1950 4-

1397 1913 1467 1950 469,
