1502 2767
205 209 277 247 182
423 203 1091 246 COMMENTATIO

209 324 256 352 na
284 314 429 362 publica
472 313 568 352 facta
602 322 728 361 esset,
766 313 860 350 hanc
895 313 933 350 in
966 314 1066 359 leges
1100 311 1175 350 vim
1211 322 1315 350 exse-

208 384 282 423 ruit
309 384 393 434 (1).

260 453 410 492 Barbari
443 453 602 503 populi,
654 453 911 500 agriculturam
953 452 1074 491 edocti
1119 449 1320 498 etfordini

215 522 434 570 assuefacti,
471 524 617 572 legibus
656 532 744 561 sunt
785 523 934 569 donati,
961 523 1009 561 in,
1031 533 1123 570 quas
1155 520 1322 567 ferendas

214 592 370 630 maxime
401 593 515 631 valuit
544 593 707 640 Clerus,
748 593 813 640 qui
843 592 881 630 id
919 593 992 631 sibi
1018 591 1245 641 proposuit,
1281 598 1326 628 ut

214 663 305 701 tales
345 663 597 710 sancirentur,
651 675 747 712 quae
789 661 1036 709 humanitati,
1089 662 1234 709 qualem
1281 670 1328 697 ex

217 734 441 782 Euangelica
477 743 598 772 mente
631 744 713 771 esse
749 741 926 782 oportet,
954 741 991 770 et
1021 742 1163 769 morum
1197 728 1327 778 probi-

217 804 284 841 tati
316 805 591 852 promovendae
628 804 806 842 inservire
841 810 1017 851 possent.v
1076 801 1212 849 Magna
1250 799 1324 837 hoc

217 874 368 911 nomine
394 873 578 912 Bonifacii
619 872 852 920 aliorumque
888 872 1040 911 fuerunt
1069 872 1218 917 merita,
1261 867 1330 916 qui

216 944 269 981 nii
304 943 432 992 potius
458 944 669 990 duxerunt,
697 955 806 990 quam
848 952 889 980 ut
928 942 1074 990 legibus
1104 941 1207 979 cives
1241 949 1330 977 con-

219 1014 350 1051 cordes
387 1014 579 1050 redderent
605 1013 690 1061 (2).
743 1012 908 1050 Maxime
938 1021 1027 1061 post
1053 1013 1164 1050 Sacra
1191 1009 1332 1048 instau-

218 1091 296 1120 rata
332 1084 454 1130 legum
488 1083 549 1120 illa
584 1082 787 1120 emendatio
834 1082 1022 1130 cernitur,
1076 1081 1174 1119 unde
1206 1087 1334 1117 nostra

219 1161 335 1190 aetate
371 1153 409 1190 in
445 1152 635 1200 plerisque
667 1151 742 1190 fere
776 1152 954 1201 Europae
985 1151 1200 1199 regionibus
1241 1149 1333 1186 tales

219 1223 479 1271 reperiuntur,
508 1223 634 1269 quales
671 1233 798 1259 omnes
831 1222 924 1272 J'usti
959 1230 994 1258 et
1031 1221 1141 1268 aequi
1169 1226 1333 1257 amantes

222 1304 299 1331 uon
333 1300 492 1340 possunt
521 1303 597 1329 non
630 1291 803 1339 probare.
1308 1334 1311 1337 ,

273 1362 482 1411 Religionis
516 1361 749 1399 Christianae
783 1360 950 1397 doctrina
993 1370 1071 1397 non
1110 1365 1252 1395 tantum
1282 1358 1337 1395 le-

225 1432 359 1481 gibus,
391 1432 452 1469 vel
477 1430 665 1475 ferendis,
700 1431 760 1468 vel
789 1430 1046 1476 emendandis,
1072 1427 1272 1466 beneficam
1298 1426 1336 1464 in

227 1503 365 1540 beilum
393 1501 470 1539 vim
495 1500 679 1546 exseruit,
708 1511 835 1538 verum
859 1500 964 1536 etiam
990 1497 1210 1546 abrogandis
1232 1497 1340 1534 insti·

225 1572 345 1619 tutis,
397 1582 492 1618 quae
530 1570 618 1608 olim
656 1570 857 1617 vigebant,
911 1566 1126 1616 quibusque
1166 1565 1337 1605 homines

226 1641 413 1680 saeviores
440 1649 478 1677 et
511 1639 711 1677 atrociores
739 1640 890 1677 evadere
923 1638 1064 1675 solent.

279 1710 520 1748 Valentianus
551 1710 616 1758 (ut
645 1710 821 1746 nonnulla
847 1710 1010 1756 exempla
1034 1707 1205 1756 afferam)
1222 1735 1235 1754 ,
1263 1707 1341 1745 Va-

227 1784 307 1820 lens
331 1790 369 1818 et
392 1780 591 1819 Gratianus
618 1788 763 1828 turpem
797 1779 909 1816 istum
938 1778 1100 1824 liberos,
1129 1777 1192 1815 ubi
1216 1776 1341 1815 minus

230 1853 276 1891 ad
299 1851 435 1889 bellum
463 1850 540 1898 apti
565 1849 810 1895 videbantur,
839 1847 1049 1896 exponendi
1076 1858 1214 1884 morem
1234 1847 1344 1884 abro-

1279 1926 1343 1964 ga·

273 2003 326 2040 (ι)
347 2004 412 2032 Cfr.
438 2004 491 2031 De
518 2002 675 2036 Rhoer,
695 2002 732 2028 de
758 2000 867 2035 effectu
895 2000 1058 2035 religionis
1085 1999 1284 2027 Christianae
1307 1999 1341 2026 in

243 2060 530 2099 ffurisprudentiam
557 2059 741 2092 Romanam,
768 2057 849 2086 Diss.
870 2057 925 2086 lv.
948 2056 1021 2084 item
1044 2055 1222 2090 Gibbon‚
1244 2055 1268 2083 1.
1291 2062 1341 2088 c.‚

236 2121 324 2148 rlom.
342 2118 368 2146 1.
391 2125 457 2152 pag.
479 2125 529 2151 72.
551 2123 620 2150 sqq.

274 2174 324 2214 (ε)
346 2175 411 2203 Cfr.
430 2173 653 2207 Royaards,
674 2171 725 2198 het
754 2170 872 2198 Christ.
903 2171 936 2196 in
963 2169 997 2195 de
1021 2167 1281 2202 Middcleenwen,
1310 2166 1342 2195 in

238 2231 378 2267 Arclzt'ef
394 2240 466 2258 νοον
490 2228 670 2262 Kerkeltjke
699 2227 931 2260 Gescln'edenis,
962 2225 1053 2255 Tom..
1073 2225 1114 2254 11.
1134 2231 1201 2259 pag.
1223 2231 1288 2253 122·
1308 2231 1338 2252 et

237 2296 312 2323 quos
339 2286 409 2316 citat
436 2286 495 2314 vir.
520 2287 591 2314 clar.
615 2292 683 2312 ann.
708 2292 754 2318 33.
