1502 2767
249 195 320 232 170
466 183 1126 223 COMMENTATIO

243 294 348 331 drum
388 293 580 330 Romanos
599 320 611 338 ‚
635 293 823 331 societatis
850 292 1004 331 maxime
1027 293 1149 334 studia
1182 295 1349 342 alentes,

238 365 391 412 J‘ungere
418 362 611 400 voluisse:
637 374 765 401 verum
793 371 829 400 et
851 363 889 401 id
911 364 1008 402 haud
1030 372 1168 403 temere
1195 373 1352 403 conten·

240 433 362 472 dimus
378 463 391 481 ‚
414 434 514 471 hunc
544 442 581 470 et
609 433 776 481 reliquos
803 444 933 472 omnes
949 462 962 480 ‚
987 434 1052 482 qui
1073 433 1240 482 populos
1259 444 1352 478 eon·

236 504 391 552 jungere
436 505 614 549 volnere,
655 502 818 550 politicis
856 503 965 541 unice
1008 503 1177 542 consiliis
1214 504 1349 545 ductos

238 573 382 620 fuisse,
427 581 468 610 ut
501 574 665 621 populos
704 573 866 621 denique
900 575 962 611 vel
1010 574 1083 612 sibi
1124 573 1351 623 subjicerent

239 643 419 692 (testetur
450 643 704 681 Romanorum
728 643 859 691 agendi
887 642 983 681 ratio
1021 654 1106 681 cum
1131 641 1281 692 regnis,
1304 653 1352 681 ex

236 713 379 760 ingenti
402 712 599 751 Alexandri
637 713 768 761 Magni
800 723 914 761 regno
934 713 1054 759 ortis,
1088 713 1245 752 maxime
1279 713 1355 751 Ae-

237 791 382 831 gypto,
411 791 568 820 testetur
584 782 748 832 Judaea,
791 783 984 831 aliaque),
1019 782 1106 830 vel,
1135 782 1167 821 si
1192 783 1265 831 Jam
1289 793 1354 820 su-

235 853 333 889 bacti
368 862 517 898 essent,
544 864 590 889 ne
624 853 842 890 seditionem
887 861 1110 899 moverent;
1142 863 1219 899 quo
1259 862 1349 889 con—

233 922 319 960 silio
351 922 464 960 Titus
483 950 495 969 ,
537 923 746 972 Trnjanus,
787 922 973 961 Antonini
1001 951 1014 970 ,
1039 922 1248 961 Alexander
1289 922 1354 961 Se·

236 1004 371 1039 verus,
399 993 618 1040 ceteroquin
651 994 724 1030 hoc
758 993 909 1030 nomine
947 1003 1175 1041 magnopere
1204 992 1355 1030 laudan·

233 1064 298 1110 di,
325 1063 445 1110 egisse
475 1062 652 1099 censendi
677 1070 782 1100 sunt.
810 1083 864 1091 -—
891 1063 947 1100 De
988 1063 1153 1100 omnIum
1190 1061 1354 1109 populo-

234 1144 316 1169 rum
349 1131 616 1181 conjunctione
654 1133 774 1178 estque
809 1131 919 1168 unius
958 1131 1028 1169 Dei
1065 1132 1170 1169 cultu
1196 1130 1356 1169 efficien-

234 1203 280 1239 da
310 1203 434 1239 nullus
463 1203 658 1249 populus,
700 1212 746 1237 ne
780 1200 940 1238 Romani
980 1200 1154 1247 quidem,
1191 1211 1355 1247 unquam

234 1271 428 1319 cogitavit.

286 1342 399 1392 Quod
436 1352 544 1378 nemo
573 1340 783 1377 mortalium
817 1348 901 1376 ante
939 1337 1135 1376 Christum
1160 1339 1354 1387 excogita-

235 1419 361 1457 verat,
390 1411 494 1448 hicce
521 1411 683 1458 Legatus
710 1409 873 1447 Divinus
899 1421 984 1446 cum
1013 1408 1228 1446 hominibus
1252 1420 1354 1451 eom-

235 1481 465 1527 municavit‚
497 1481 560 1527 qui
596 1479 810 1528 religionem
838 1479 1014 1516 omnibus
1047 1478 1200 1527 populis
1228 1489 1349 1526 aptam

233 1552 384 1589 tradidit
417 1562 456 1588 ac
477 1551 690 1588 societatem
713 1549 880 1587 condidit
896 1577 908 1595 ‚
933 1549 1017 1589 ὅπου
1052 1552 1113 1588 οὐκ
1147 1549 1194 1588 ἔνι
1215 1548 1352 1594 Ἕλλην

234 1625 294 1662 xxi
332 1624 508 1664 Ἰουδκῖος“
548 1622 717 1669 περιτομὴ
755 1622 814 1659 καὶ
850 1621 1089 1669 ἀκροβυστία·
1134 1620 1317 1668 βάρβαρος
1335 1646 1348 1665 ,

235 1694 294 1732 222)
317 1694 463 1736 Σνύθης·
477 1694 597 1735 δοῦλος
613 1718 625 1736 ‚
646 1692 704 1730 noti
720 1692 912 1738 ἐλεύθερος·
925 1691 1029 1730 ἀλλὰ
1041 1691 1090 1729 τοὶ
1102 1690 1226 1729 πάντα
1241 1691 1300 1729 καὶ
1316 1691 1351 1730 ἐν

234 1766 325 1801 πᾶσι
350 1763 509 1810 Χριστός.
530 1761 712 1810 (Coloss.
735 1761 800 1799 III.
837 1759 923 1806 ιι.)
942 1759 1026 1807 (1).
1068 1760 1129 1796 Ad
1163 1759 1351 1807 hancspo-

235 1833 409 1879 palorum
452 1832 752 1879 conjunctionem
789 1829 1076 1878 promovendam
1106 1829 1196 1878 Jesu
1220 1830 1352 1868 Chris-

234 1902 263 1937 ti
313 1901 469 1937 tendunt
513 1911 731 1949 praecepta,
788 1900 929 1948 quippe
976 1898 1118 1946 quibus
1152 1900 1347 1937 hominum

1290 1980 1353 2006 so-

270 2098 320 2136 (·)
346 2101 376 2127 In
399 2095 611 2126 diversissimis
629 2095 702 2123 licet
720 2094 893 2128 regionibus
915 2091 1032 2124 πίστει
1052 2101 1083 2123 et
1104 2089 1226 2132 ἀγάπῃ
1247 2093 1346 2123 Chris-

231 2157 304 2184 1ian'1
327 2155 422 2188 juncti
462 2153 549 2181 unius
587 2151 741 2180 societatis
767 2150 931 2187 participes
958 2158 1039 2180 sunt.
1085 2151 1193 2180 Paulus
1218 2151 1345 2179 maxime

232 2211 363 2244 gentium
383 2209 599 2243 conjunctione
616 2208 831 2236 delectabatur.
853 2206 917 2234 Csr.
929 2208 976 2234 W.
987 2207 1026 2234 A.
1045 2214 1119 2233 van
1141 2207 1296 2242 nengel
1314 2207 1345 2235 in

235 2270 353 2296 Pomm.
378 2268 490 2296 societ.
518 2267 630 2300 Teyler
651 2264 881 2294 Tom.XXV11.
909 2270 975 2298 pag.
999 2266 1046 2296 56.
1071 2262 1155 2292 aiibi.
