1523 2745
447 162 946 211 LITERARIA.
1219 184 1243 221 9

146 267 231 308 tiam
267 269 424 310 musices
448 274 609 323 vulgaris
633 288 719 325 prae
749 288 788 314 se
811 277 920 327 tulit,
947 288 983 317 at
1004 280 1131 319 docuit
1159 298 1247 333 σεμ·

145 340 204 385 γῆν
240 339 336 379 illam
379 347 568 392 μουσικὴν,
617 348 690 393 qua
726 349 894 395 generosi
924 350 1078 399 juvenes
1112 352 1245 390 instrui

143 408 336 458 solebant3
387 421 423 449 et
462 425 481 450 e
522 415 750 464 Pythagorae
795 418 993 466 disciplina
1028 422 1245 471 profectus,

141 477 315 518 Periclem
335 480 469 520 imbuit
493 484 644 522 scientia
669 486 836 532 politica.
889 489 987 527 Hinc
1009 491 1144 529 dicitur
1167 500 1246 530 tan-

141 557 250 593 quam
287 550 377 588 alter
415 552 560 590 Chiron
596 553 771 593 educasse
808 557 996 596 Periclem.
1071 560 1244 599 Fortasse

135 615 211 665 jam
248 627 375 666 antea,
409 621 538 668 eodem
574 624 732 661 consilio
766 628 929 665 audierat
961 629 1211 677 Pythoclidetn
1232 661 1245 680 ,

138 696 248 732 quem
277 689 443 728 Damone
477 692 724 741 antiquiorem
762 695 832 745 (1)
869 697 986 735 fuisse
1022 699 1112 738 satis
1152 712 1242 739 con-

137 762 225 794 stat.
786 777 789 779 ’

159 827 317 866 'Audiit
360 830 465 869 etiam
497 833 696 872 *Zenonem
730 835 966 884 Eleaticum,
1017 838 1241 879 Parmenidis

133 894 357 945 discipulum
391 900 490 950 (2),
526 911 561 940 at
588 904 762 953 magistro
789 907 900 954 longe
928 907 1118 956 imparem.
1169 911 1241 949 Hic

132 961 240 1004 'enim
277 968 436 1018 simplici
472 980 508 1010 et
549 984 635 1014 vera
669 975 881 1023 disputandi
914 977 1055 1016 ratione
1091 979 1243 1028 relicta,

133 1046 370 1077 consectatus
409 1050 466 1078 est
505 1043 696 1091 argutias,
736 1053 773 1083 et
807 1046 853 1084 de
889 1058 1110 1095 quacunque
1137 1050 1240 1088 rein

133 1113 327 1155 utramque
358 1117 497 1156 partem
526 1112 725 1151 disseruit:
766 1126 994 1163 quapropter
1023 1118 1102 1155 suis
1137 1131 1240 1167 prae-

133 1176 251 1223 ceptis
278 1189 353 1215 eam
382 1178 542 1219 fortasse
568 1182 744 1221 excitavit
768 1185 806 1221 in
831 1184 968 1223 Pericle
991 1186 1129 1235 ingenii
1151 1190 1241 1227 sub-

130 1235 327 1295 mitatem,
356 1251 458 1297 qua,
486 1250 524 1288 in
543 1252 715 1290 luctando
743 1253 960 1303 Thucydidi
983 1255 1140 1295 inferior
1162 1259 1241 1298 vic.

131 1322 212 1353 tum
238 1327 280 1354 se
304 1328 382 1356 non
407 1331 488 1357 esse
510 1321 785 1368 spectatoribus
810 1324 1046 1371 persuaderet
1075 1327 1157 1376 (3).
1184 1329 1238 1367 Ita

130 1384 337 1425 instructus
368 1388 614 1427 instrumento
653 1391 698 1428 ad
729 1392 929 1440 regendum
960 1397 1141 1443 populum
1171 1410 1237 1446 ap-

129 1453 302 1503 tissimo,
367 1457 597 1507 disceptandi
637 1458 848 1499 facultatem
897 1474 1097 1512 numquam
1150 1479 1239 1515 pos-

128 1531 188 1562 tea
213 1525 415 1574 deposuit,
452 1529 518 1565 sed
560 1541 674 1577 quum
712 1539 816 1568 totus
855 1543 951 1571 esset
981 1535 1019 1572 in
1050 1537 1253 1584 republica.

131 1596 319 1643 gerenda,
367 1597 571 1637 delectatus
614 1608 734 1637 tamen
775 1612 832 1639 est
869 1605 1090 1643 commercio
1119 1607 1237 1646 homi-

129 1660 421 1706 num'cultioris
461 1667 626 1716 ingenii,
670 1678 746 1707 tum
792 1671 978 1719 aliorum,
1028 1683 1106 1713 tum
1146 1677 1236 1715 Pro·

129 1740 303 1782 tagorae,
355 1747 518 1783 quocum
558 1749 597 1776 v.
626 1750 663 1787 g.
699 1740 857 1789 agitasse
912 1742 1048 1794 dicitur
1085 1755 1236 1784 contro·
1275 1798 1277 1802 Α

127 1804 282 1842 versiam
299 1832 312 1852 ,
342 1816 419 1844 non
450 1818 605 1855 prorsus
632 1808 783 1856 quidem
808 1811 957 1849 alienam
983 1812 1078 1851 illam
1111 1827 1130 1852 a
1156 1828 1235 1854 mo·

126 1872 231 1912 ribus
262 1858 434 1923 Atticis,
462 1887 583 1925 neque
609 1887 730 1917 tamen
752 1880 815 1917 tali
847 1880 929 1918 viro
968 1883 1056 1920 satis
1097 1896 1233 1924 conve-

127 1943 287 1982 nientem
321 1944 407 1994 (4).
459 1946 639 1996 Gorgiam
661 1957 782 1988 autem
810 1951 995 1991 audivisse
1019 1963 1095 1992 non
1133 1956 1233 1993 vide-

167 2063 228 2100 (1)
247 2067 313 2096 Plat
348 2066 499 2098 Alcibiad.
518 2069 543 2099 Ι.
563 2078 600 2105 p.
616 2075 686 2101 118.
706 2071 781 2107 ibiq.
798 2073 898 2102 Schol.
1146 2033 1208 2063 tur
1220 2054 1234 2074 ⁵

165 2120 217 2160 (α)
234 2123 316 2161 VPlat.
347 2126 442 2154 Parm.
471 2133 505 2161 p.
532 2133 598 2163 127.
619 2128 703 2159 Zeno
720 2128 831 2159 dicitur
849 2129 979 2167 Logices
995 2121 1138 2164 inuentor
1152 2135 1231 2175 apud

129 2178 224 2214 Diog·
242 2181 342 2210 Laert.
364 2181 445 2212 vm.
467 2189 516 2218 57.

163 2235 218 2273 (3)
235 2237 315 2268 Plut.
339 2241 377 2268 8.

163 2289 216 2331 (4)
235 2295 313 2325 plut,
336 2298 384 2330 36·
