1523 2745
236 202 310 240 232
384 189 634 229 COMM.
689 190 1196 240 L-ITERARIA,

242 289 405 327 omnium
431 291 666 330 admiratione
696 291 908 338 dignissima
931 294 1257 341 commemoratio,
1283 294 1346 333 tali

244 361 403 406 epitome
437 360 474 397 in
509 359 666 398 frustula
690 361 859 408 divulsa,
898 363 1056 401 nativam
1089 365 1344 411 praestantiam

247 439 376 475 magna
418 441 461 466 ex
499 440 600 477 parte
644 430 850 478 amitteret;
906 441 1132 480 quapropter
1176 444 1223 470 ne
1270 433 1349 471 Lu-

249 497 353 535 cretii
379 501 446 546 (1)
475 500 618 546 quidem
655 511 782 537 versus
811 501 882 537 huc
917 502 1106 539 attulimus
1125 530 1137 547 .,
1168 514 1186 539 e
1214 503 1352 550 quibus

250 568 407 605 flebilem
450 569 733 606 Atheniensium
781 571 850 607 hoc
899 580 1063 619 tempore
1102 572 1352 610 conditionem

250 632 505 686 probaremus.
559 639 599 676 Id
629 648 768 676 tantum
799 640 908 678 nobis
943 642 1176 689 propositum
1203 651 1282 690 est,
1312 651 1354 680 ut

251 709 428 745 nonnulla
462 708 508 745 ad
533 708 736 748 Historiam
766 709 879 758 hujus
911 711 1031 748 morbi
1069 712 1289 759 pertinentia
1317 712 1356 750 in

253 778 413 816 medium
447 777 693 826 proferamus.
768 780 1012 828 Aethiopicae
1056 781 1208 829 originis
1246 791 1359 829 atque

253 847 395 884 itineris
421 859 486 896 per
517 847 697 885 Persidem
723 848 958 896 insulasque,
985 857 1127 897 praeter
1154 849 1355 898 scriptores

251 917 323 965 Jam
349 927 569 954 memoratos
585 945 598 965 ‚
627 925 738 955 testes
765 917 942 956 habemus
969 918 1176 956 Maximum
1199 917 1359 966 Tyrium

255 995 367 1033 atque
398 986 630 1024 Ammianum
666 988 924 1025 Marcellinum
953 988 1043 1037 (2):
1087 989 1151 1026 sed
1186 989 1361 1026 observa-

255 1062 318 1091 tur
359 1055 480 1102 aliqua
530 1056 798 1104 discrepantia,
850 1057 1109 1106 Thucydidem
1153 1057 1248 1094 inter
1291 1056 1359 1105 (3)

259 1133 295 1164 et
322 1125 531 1162 Pausaniam
549 1126 641 1173 (4);
670 1138 828 1173 quorum
851 1128 940 1163 alter
961 1128 1155 1164 memoriae
1172 1126 1358 1175 prodidit,

257 1202 398 1242 pestem
433 1194 729 1242 Peloponnesum
758 1196 889 1242 nullo,
932 1197 1034 1243 quod
1066 1198 1180 1234 relatu
1209 1197 1362 1244 dignum

260 1263 339 1309 sit,
379 1263 474 1300 malo
513 1263 699 1300 affecisse:
737 1266 827 1301 alter
869 1264 1090 1301 mentionem
1125 1264 1211 1302 fecit
1248 1265 1364 1312 pestis

263 1332 458 1370 Troezene
492 1333 719 1380 Cleonisque
753 1334 977 1378 saevientis,
1007 1342 1041 1370 et
1067 1333 1246 1382 imprimis
1272 1328 1365 1371 tem'-

261 1402 314 1450 pli
335 1412 488 1449 quoque
506 1402 672 1449 Apollini
699 1405 919 1452 Ἀλεξικαικῷ
944 1403 1126 1450 Phigaliae
1156 1403 1366 1452 exstructi,

262 1471 312 1509 ob
339 1472 449 1520 hujus
476 1471 545 1509 Dei
569 1472 612 1508 de
637 1471 916 1519 Pliigalensibus
941 1473 984 1510 P.
1016 1471 1058 1510 B.
1088 1481 1254 1523 tempore
1275 1473 1368 1510 bene

263 1541 405 1578 merita.
453 1541 589 1578 Monet
614 1541 822 1579 Muellerus
850 1544 946 1590 (5),
976 1543 1170 1580 Pausaniae
1207 1554 1369 1596 comme-

265 1610 505 1648 morationem
536 1610 628 1648 nihil
655 1622 760 1658 esse,
787 1610 858 1648 nisi
894 1612 1138 1660 conjecturam
1157 1641 1168 1659 ‚
1199 1624 1271 1660 qua
1302 1624 1371 1650 vo-

265 1680 319 1718 cis
353 1682 541 1729 ἐπικουρίσυ
572 1680 749 1728 originem
776 1681 957 1729 explicare
988 1683 1174 1729 voluerit,
1214 1694 1367 1731 eamque

1259 1751 1371 1818 sl'hu-

304 1870 356 1905 (ι)
378 1871 422 1899 De.
440 1872 531 1900 Rerr.
549 1873 616 1901 Nat.
639 1872 707 1900 Lib.
726 1873 780 1901 VI.
798 1880 842 1901 vs.
862 1879 945 1909 1137.
966 1881 1033 1908 sqq.
1054 1887 1091 1895 —
1111 1874 1202 1903 Conf.
1222 1881 1252 1902 et
1274 1874 1366 1904 ovid.

266 1928 424 1956 Metamm.
444 1929 514 1957 Lib.
534 1930 597 1957 Vll.
619 1937 664 1957 vs·
682 1936 749 1962 555.
776 1937 844 1964 sqq.

303 1984 357 2020 (α)
378 1985 506 2013 Dissert.
530 1987 608 2014 xln.
638 1994 668 2020 p.
699 1994 761 2023 ¹4³·
789 1993 819 2013 et
845 1987 923 2016 XIX.
945 1995 978 2021 p.
1002 1993 1068 2019 231.
1089 2000 1128 2007 —
1149 1988 1248 2015 Amm.
1272 1986 1369 2015 Marc.

266 2041 344 2069 xlx.
366 2051 395 2078 4.
414 2053 453 2062 —
474 2042 565 2070 Conf.
587 2044 722 2070 Goeller.
744 2044 780 2070 ad
798 2043 897 2071 Thuc.
917 2043 939 2071 l.
958 2043 994 2071 ad
1013 2049 1128 2070 textum
1146 2044 1226 2072 laud.

252 2116 256 2119 -
303 2100 357 2134 (3)
380 2099 534 2128 Thuc.11.
557 2108 604 2133 54.

303 2155 357 2192 (4)
378 2158 463 2184 Paus.
489 2157 527 2184 11.
554 2164 601 2190 32.
625 2157 653 2194 §-
680 2159 709 2185 8.
731 2154 834 2190 ibique
852 2154 990 2184 siebelis.
1009 2155 1046 2184 X.
1066 2161 1107 2185 11.
1127 2150 1158 2191 §0
1175 2164 1204 2191 4.
1220 2154 1298 2185 vlu.
1315 2162 1366 2191 41.

267 2214 295 2249 §-
319 2221 348 2246 s·

306 2272 360 2309 (5)
379 2272 411 2300 ln
429 2270 554 2301 Dissert.
579 2272 616 2299 de
635 2270 757 2300 Phidiae
778 2269 859 2305 vita,
877 2278 909 2305 p.
932 2278 977 2305 14.
994 2277 1038 2306 sq.
