1507 2876
263 211 318 256 14
421 210 510 258 ΤΗ.
526 211 578 255 G.
612 222 712 254 vAN
739 205 920 252 LIDTH
945 221 1008 251 m:
1034 204 1226 251 JEUDE

258 338 408 382 suimus
421 369 434 390 ‚
473 337 543 393 qui
556 368 569 390 ,
610 336 694 381 sive
724 335 770 380 in
808 334 1037 379 amicorum
1075 332 1241 386 circulis
1280 333 1368 378 sesa-

258 414 341 458 tive
382 413 676 465 disserentem,
722 426 794 456 seu
838 411 891 455 de
932 412 1146 461 literarum
1193 410 1370 459 artium-

261 505 343 548 que
391 491 486 534 loco
543 488 726 546 quodam
780 488 948 546 publice
991 488 1221 542 dicentem,
1281 488 1370 534 sive

260 566 383 612 etiam
422 566 467 609 in
507 564 640 608 Coetu
675 563 1005 613 Christianorum
1049 565 1369 612 concionantem

259 658 351 688 eum
383 641 627 686 audivimus.

317 720 414 763 Non
453 718 603 761 mirum
636 716 799 760 idcirco
816 748 829 770 ,
868 731 981 770 eum,
1009 717 1170 763 muneri
1203 730 1282 762 suo
1328 723 1370 762 et

258 802 402 855 aptum
457 801 498 838 et
550 808 725 853 prorsus
775 792 1019 846 addictum,
1072 806 1181 837 anno
1218 791 1339 847 ,1795
1357 823 1372 847 ,

258 872 487 927 amicorum
502 903 515 925 ,
569 871 615 914 in
656 871 783 915 rebus
834 870 1023 922 civilibus
1064 870 1136 914 illo
1180 877 1372 931 tempore

257 948 481 1009 plurimum
515 947 763 1001 valentium,
794 946 1002 1001 consiliis,
1034 947 1089 991 ad
1118 946 1230 991 aliud
1262 948 1372 993 vitae

258 1040 412 1085 genus,
441 1023 705 1083 splendidum
746 1023 878 1082 magis
916 1031 955 1069 et
991 1024 1174 1078 illustre,
1203 1037 1248 1068 se
1277 1030 1374 1067 tra-

258 1103 356 1156 duci
383 1101 578 1145 noluisse.
858 1155 860 1158 ¹
984 1151 985 1154 Ἰ

315 1177 413 1236 Quo
449 1175 582 1234 magis
620 1183 758 1220 autem
796 1167 974 1221 statione
1015 1191 1090 1221 sua
1128 1191 1173 1222 se
1210 1175 1373 1229 felicem

258 1254 454 1308 sentiret,
493 1261 582 1298 tum
623 1253 821 1297 domicilii
859 1253 1053 1310 sedisque
1090 1254 1188 1298 fecit
1226 1266 1374 1298 amoe-

257 1332 454 1396 nitas,(4)
497 1339 584 1375 tum
619 1330 856 1389 nuptiarum
874 1362 887 1384 ,
931 1346 1036 1387 quas
1074 1330 1164 1374 iniit
1176 1362 1193 1384 ‚¹
1231 1330 1373 1375 beati-

258 1409 374 1453 tudo,
435 1408 621 1452 Exeunte
664 1407 774 1452 enim
816 1407 963 1452 eodem
1004 1421 1140 1461 anno,
1171 1421 1256 1464 quo
1285 1407 1374 1452 fere

256 1483 425 1528 ineunte
470 1498 620 1528 munus
668 1482 857 1537 obierat,
912 1497 1086 1527 uxorem
1121 1482 1239 1527 duxit
1277 1482 1373 1528 Jo-

260 1561 500 1605 hannam
530 1560 754 1605 Mariam
785 1560 960 1613 Keer,
991 1574 1125 1617 quae,
1157 1574 1235 1619 per
1262 1574 1373 1617 qua-

261 1637 452 1695 draginta
490 1651 649 1690 annos,
694 1636 842 1695 optimi
878 1636 1018 1680 mariti
1058 1636 1294 1681 fidelissima
1330 1643 1373 1681 et

262 1714 526 1758 dilectissima
567 1713 719 1768 conjux
759 1713 860 1768 suit,
907 1726 1019 1757 nunc
1053 1720 1190 1758 autem
1227 1726 1373 1758 moes-

262 1791 420 1836 tissima
454 1791 604 1843 vidua,
635 1805 720 1834 una
751 1804 844 1834 cum
884 1789 1058 1848 conjuge
1088 1789 1197 1834 vitae
1231 1788 1373 1835 suavi-

262 1873 390 1910 tatem
423 1866 503 1910 sibi
532 1867 715 1910 ablatam
744 1866 880 1924 luget!

321 1945 549 2000 Postquam
587 1943 879 1987 amoenissimo
914 1942 1009 1986 loco
1040 1945 1095 1985 de
1125 1945 1177 1987 V
1175 1943 1372 1985 aursche

265 2035 337 2064 sex
386 2034 519 2064 annos
562 2021 759 2077 degerat,
805 2035 828 2063 a
878 2021 1199 2062 Thamensiam
1242 2018 1402 2063 Coetu,

264 2103 436 2141 vocatus
464 2096 563 2149 suit,
593 2104 780 2153 {quorum
821 2111 975 2155 pagus,
1018 2095 1206 2152 quamvis
1246 2102 1375 2139 natu-

265 2188 336 2217 rae
368 2172 533 2229 locique
564 2173 882 2217 amoenitatibus
915 2172 1123 2231 praesenti
1161 2170 1372 2216 domicilio

266 2251 388 2308 longe
421 2248 620 2303 inferior,
672 2249 708 2294 ci
741 2256 905 2304 tamen,
951 2248 1154 2308 imprimis
1196 2254 1372 2307 propter
