1564 2750
425 172 927 213 LITERARIA.
1183 182 1228 222 ‘⁵7

127 289 330 337 Quumque
345 285 476 322 morbo
489 293 634 332 semper
652 284 769 322 adhuc
784 310 795 328 ,
812 293 895 319 cum
911 282 947 319 in
965 281 1055 320 urbe
1069 310 1080 328 ,
1096 291 1172 320 tum
1191 283 1228 320 in

117 355 291 396 >exercitu
317 355 484 403 vigente,
514 355 613 391 irrita
641 353 821 402 Epidauri
848 352 1150 401 oppugnatione,
1188 365 1228 390 ac

125 436 247 474 nuper
259 424 382 462 inutili
403 424 448 462 ad
463 425 664 472 Spartanos
695 425 739 461 de
758 434 847 472 pace
873 423 1130 471 componenda
1143 423 1230 460 mis·

123 506 164 533 sa
190 496 399 543 legatione,
438 494 552 542 magis
577 494 764 542 magisque
806 490 933 531 contra
965 505 1046 530 eum
1083 503 1231 530 exacer-

123 565 298 603 barentur
323 564 598 611 Athenienses,
626 565 663 601 in
695 575 777 602 eum
814 572 1060 600 accusatorem
1093 562 1231 599 excita-

124 639 241 681 runt,
267 634 313 671 de
343 645 419 681 quo
440 633 639 681 ambigitur
661 643 783 672 utrum
817 634 962 679 Cleon,
989 627 1159 670 Simmias
1185 642 1230 669 an

125 702 338 742 Lacratides
373 702 512 750 fuerit;
547 704 696 752 plurimi
739 711 857 741 autem
892 703 1034 749 antiqui
1072 702 1231 751 scripto-

125 785 183 811 res
225 773 403 812 Cleonem
438 774 587 811 Periclis
630 782 877 811 accusatorem
917 784 1069 811 vocasse
1105 773 1232 810 viden·

125 851 188 880 tur
214 843 478 892 (1).'Athic‚
506 845 626 881 omnia
655 843 715 881 illa
738 844 901 882 accidere
927 843 1233 889 animadvertens,

126 923 221 960 quae
253 913 326 962 J‘am
358 914 495 951 dudum
523 913 775 961 praeviderat,
802 922 915 960 atque
941 913 1231 951 Atheniensibus

125 981 285 1019 animum
318 983 473 1029 addere,
502 986 705 1029 eorumque
736 983 823 1020 iram
846 995 865 1020 a
901 995 941 1020 se
975 992 1136 1020 avertere
1169 994 1233 1019 cu-

125 1050 261 1099 piens,
290 1051 464 1098 dignitate
501 1052 681 1099 Strategi,
721 1063 793 1099 qua
826 1052 944 1089 adhuc
979 1051 1231 1100 fungebatur,

126 1130 217 1158 usus
244 1127 301 1157 est
341 1121 384 1158 ad
408 1120 519 1158 verba
551 1131 673 1158 coram
698 1121 846 1168 Populo
874 1119 1062 1169 facienda,
1092 1121 1230 1169 quibus

123 1200 189 1227 eos
222 1189 443 1237 admonuit,
489 1201 536 1227 ne
586 1190 788 1238 praesentis
831 1191 951 1228 morbi
991 1191 1192 1229 calamitate
1215 1220 1229 1237 ,

124 1271 219 1308 quae
260 1269 381 1298 tamen
415 1260 523 1298 unica
548 1269 649 1306 erat,
685 1273 756 1308 qua
803 1260 934 1298 civitas
972 1272 1097 1299 revera
1123 1262 1231 1309 affligi

124 1329 198 1368 dici
229 1340 381 1378 posset,
421 1330 580 1367 animum
613 1331 885 1378 desponderent
903 1359 916 1377 ,
949 1342 1071 1378 neque
1099 1331 1143 1367 ab
1172 1331 1233 1368 ilia

123 1400 252 1449 agendi
266 1401 409 1438 ratione
433 1400 685 1446 discederent,
701 1412 810 1447 quam
825 1412 866 1438 se
879 1400 1026 1448 quidem
1052 1409 1203 1438 auctore
1217 1428 1230 1446 ,

123 1481 250 1510 verum
287 1479 323 1508 et
350 1479 486 1518 sponte
521 1482 587 1507 sua
608 1469 767 1518 primum
793 1471 949 1518 amplexi
971 1469 1131 1508 fuerant.
1172 1470 1233 1508 Fi-

123 1549 206 1579 nem
225 1539 314 1579 fecit
342 1541 380 1578 in
400 1539 686 1587 cohortatione,
713 1552 759 1578 ne
773 1540 931 1589 amplius
958 1542 1097 1590 legatos
1123 1541 1233 1589 Spar·

125 1620 197 1649 tam
221 1611 408 1648 mitterent
424 1639 436 1657 ‚
447 1621 568 1656 eoque
584 1609 760 1647 omnibus
778 1610 1015 1647 ostenderent
1031 1639 1043 1657 ,
1059 1621 1140 1647 sese
1152 1609 1232 1647 his·

123 1692 167 1719 ce
185 1680 364 1719 molestiis
376 1680 540 1728 gravari3
571 1691 637 1719 eos
655 1679 751 1717 enim
772 1690 853 1718 esse
867 1680 1029 1728 optimos
1052 1690 1087 1718 et
1111 1680 1231 1728 priva-

122 1760 240 1789 tarum
256 1759 291 1788 et
304 1749 530 1798 publicarum
548 1761 666 1788 rerum
687 1750 972 1797 gubernatores,
991 1751 1054 1799 qui
1069 1750 1230 1789 fortissi-

123 1832 183 1865 me
196 1813 391 1869 aequoque
405 1820 526 1859 animo
539 1849 551 1868 ,
567 1821 749 1868 quidquid
759 1820 829 1858 sibi
843 1820 985 1859 eveniat
1001 1850 1013 1868 ,
1027 1821 1225 1870 perferant.

122 1891 209 1944 Qua
234 1891 402 1930 oratione
427 1890 576 1939 effecit,
603 1900 644 1929 ut
669 1890 916 1930 Athenienses
948 1891 984 1928 in
1014 1891 1123 1929 rebus
1160 1904 1230 1940 pu-

1160 1961 1230 1998 bli-

162 2069 215 2107 (1)
234 2072 349 2101 Plut.l.
366 2072 390 2101 1.
414 2085 451 2093 —
473 2072 600 2101 Aristid.
628 2073 668 2103 11.
685 2081 718 2108 p.
739 2080 790 2107 251
815 2080 845 2101 et
869 2075 935 2102 262-
960 2087 995 2094 —
1022 2073 1174 2102 Himerius
1193 2082 1226 2108 p.

126 2131 194 2161 318.
223 2135 241 2155 e
263 2129 362 2158 Photii
387 2128 532 2159 Biblioth.
558 2138 626 2165 pag.
655 2139 737 2168 1144.
761 2141 808 2154 ¹—
841 2132 989 2159 Cleonem
1017 2130 1226 2165 Periclemque

124 2183 242 2219 saepius
258 2192 274 2212 a
294 2185 512 2220 posterioribus
532 2187 731 2222 scriptoribus
747 2186 805 2216 sibi
829 2187 960 2216 invicem
983 2187 1076 2216 fuisse
1095 2188 1226 2223 ‘opposi—

126 2247 172 2269 tos
193 2249 314 2277 apparet
333 2250 363 2270 v.
383 2250 409 2271 c.
427 2250 466 2271 ex
481 2244 690 2279 Aristophanis
711 2245 826 2280 Equitt.
846 2253 891 2273 vs.
909 2248 995 2280 283..
