1523 2745
272 190 323 226 62
496 182 1153 224 COMMENTATIO

273 304 328 334 rat
355 297 422 333 tria
459 295 548 332 haec
583 293 722 342 requiri
761 293 798 330 in
836 301 1008 338 oratore,
1045 299 1240 338 naturam,
1267 292 1385 331 scien·

273 368 387 412 tiam,
417 357 551 411 usum,
588 374 665 417 non
700 362 844 401 dubitat
883 361 1057 400 Periclem
1094 362 1277 409 appellare
1303 373 1386 400 om-

263 436 366 474 nium
388 434 529 482 optime
553 435 597 471 ad
629 433 846 470 rhetoricam
864 432 1086 470 instructum
1112 432 1180 480 (1)
1207 434 1387 473 τελεῶτοι·

267 522 326 546 τον
361 508 410 549 εἰς
444 507 507 549 τὴν
543 506 747 553 ῥητορικὴν,
776 514 884 549 quem
918 501 1121 549 quominus
1150 509 1279 548 postea
1314 503 1385 551 (ε)

268 574 475 624 perfectum
514 582 696 611 oratorem
734 573 900 618 diceret,
940 572 1012 609 hoc
1042 583 1156 609 unum
1184 571 1389 619 obstabat,

272 646 374 693 quod
408 644 569 682 Pericles
606 652 686 680 arte
711 644 778 680 sua
813 643 914 679 cives
950 652 1026 678 non
1054 641 1228 679 meliores·
1254 649 1290 678 et
1311 641 1392 690 J'us·

277 715 394 752 tiores
416 713 635 753 reddiderat.
689 711 876 761 Singulari
896 712 1004 749 laude
1024 712 1123 759 apud
1148 710 1301 749 eundem
1317 709 1387 760 (3)

278 794 431 823 ornatur
472 784 518 822 ab
550 783 769 830 Alcibiade,
826 783 912 820 dum
954 782 1109 820 Nestori
1143 791 1181 819 et
1210 780 1393 819 Antenori

281 855 510 904 opponitur3
541 855 710 902 quamvis
744 853 897 890 dubium
931 851 1048 890 videri
1075 852 1225 900 possit,
1251 853 1395 890 dictane

279 928 367 964 haec
400 925 601 975 respiciant
638 924 782 961 dicendi
819 922 1055 968 facultatem,
1101 933 1146 959 an
1185 933 1274 960 vero
1308 933 1397 970 pru·

282 996 441 1034 dentiam
481 996 519 1033 in
555 994 655 1032 omni
694 994 791 1032 vitae
821 993 975 1031 ratione.
1029 991 1174 1031 Platoni
1198 992 1395 1030 succedant

281 1067 447 1114 comici,
506 1065 572 1113 qui
623 1064 837 1111 ceteroquin
880 1063 950 1101 viri
998 1063 1200 1111 potentiam
1261 1063 1396 1109 exosi,

279 1137 444 1175 certatim
482 1136 520 1173 in
562 1147 606 1173 eo
654 1146 770 1183 genus
815 1132 992 1171 orationis
1030 1133 1190 1171 sublime
1240 1141 1277 1170 et
1314 1143 1398 1180 per·

278 1207 455 1245 suadendi
501 1206 574 1244 vim
617 1204 819 1244 celebrant.
885 1203 1158 1251 Aristophanes
1201 1203 1269 1252 (4)
1311 1212 1397 1239 eum

283 1277 373 1315 dicit
400 1276 555 1314 fulmina
581 1286 617 1313 et
636 1276 800 1312 tonitrua
832 1276 998 1312 emittere
1022 1282 1058 1310 et
1083 1273 1274 1311 Graeciam
1296 1283 1401 1310 com·

282 1346 465 1384 miscere:
509 1345 687 1383 Cratinus
724 1344 794 1394 (5)
830 1344 990 1391 linguam
1030 1342 1258 1380 Graecorum
1289 1341 1404 1379 maxi·

284 1428 402 1454 mam:
435 1415 599 1463 Eupolis
635 1414 706 1463 (6)
733 1415 847 1461 longo
886 1425 970 1450 eum
1004 1413 1199 1450 intervallo
1234 1411 1400 1459 reliquos

284 1497 449 1524 oratores
491 1495 578 1534 post
615 1496 655 1523 se
681 1484 903 1531 reliquisse,
931 1485 1080 1522 suadam
1104 1484 1142 1521 in
1167 1484 1249 1533 eJ‘us
1289 1481 1402 1521 labris

287 1556 551 1601 sessitavisse,
580 1563 793 1601 tantamque
829 1554 866 1592 in
886 1566 929 1592 eo
965 1555 1040 1592 vim
1064 1553 1182 1592 fuisse
1208 1561 1367 1592 testatur
1384 1581 1400 1602 ‚

1363 1631 1405 1662 ut

326 1729 379 1768 (ι)
401 1732 435 1759 ln
456 1732 610 1766 Phaedro,
631 1740 662 1767 p.
684 1734 751 1767 269.
769 1732 805 1760 E.

329 1788 381 1824 (2)
404 1789 437 1816 ln
455 1789 589 1824 Gorgia,
610 1797 642 1824 p.
664 1798 732 1823 503.

329 1843 381 1882 (3)
403 1845 436 1873 In
455 1846 633 1881 symposio,
655 1854 686 1881 p.
708 1854 774 1875 221.
796 1846 834 1874 C.
855 1847 927 1876 coll.
943 1853 976 1881 p.
999 1852 1065 1880 215.
1090 1846 1126 1875 E.

333 1902 385 1939 (4)
406 1904 538 1932 Acharn.
569 1910 637 1937 ⁵80-

336 1961 390 1995 (5)
410 1959 458 1987 Sic
489 1968 572 1988 certe
601 1960 726 1989 Aristid.
766 1959 823 1987 111.
860 1969 892 1994 p.
929 1968 995 1994 2¹5·
1033 1959 1140 1996 Cane,
1169 1966 1274 1995 putans
1312 1959 1407 1989 comi-

291 2024 361 2043 cum
385 2016 519 2050 dixisse,
542 2017 624 2050 quod
653 2017 797 2050 sentiret,
819 2016 940 2044 veritati
966 2025 1040 2044 vero
1072 2024 1112 2044 ex
1133 2024 1195 2044 arte
1224 2018 1276 2045 sud
1297 2017 1412 2052 aliquid

290 2072 391 2101 acerbi
413 2072 619 2101 admiscuisse.
649 2087 685 2093 —
708 2071 856 2101 Similiter
881 2072 1024 2102 Philostr.
1055 2073 1085 2101 in
1114 2082 1255 2108 prooem.
1274 2074 1309 2103 ad
1331 2073 1409 2103 vitas

299 2135 432 2168 Sophist.
454 2129 619 2175 μέγας
648 2132 662 2165 ὃ
691 2137 736 2166 Π.
767 2131 917 2174 ἒνομῖσόη
959 2136 1046 2171 τῆν
1081 2137 1338 2175 γλῶτταν.

329 2190 383 2228 (6)
405 2191 570 2229 Complura
596 2193 747 2228 congessi:
785 2196 1000 2230 wyttenbach.
1027 2197 1062 2224 ad
1085 2197 1162 2227 Plut.
1189 2197 1226 2226 de
1251 2200 1281 2227 S·
1312 2199 1352 2228 N.
1371 2200 1406 2229 V.

299 2256 327 2283 P-
345 2256 374 2283 7·
395 2256 461 2284 sqq·
