1564 2750
351 177 421 205 120
567 166 1242 209 COMMENTATIO

93 229 190 261 sectio
205 229 254 258 111.
285 237 333 258 .1.

265 224 280 266 ἕ
349 275 598 316 Athenienses
648 275 685 313 in
743 276 841 314 bello
888 277 1034 317 Persico
1081 289 1171 326 prae
1220 277 1352 316 ceteris
1390 288 1454 316 ex·

349 347 579 391 cellueranr‚
655 346 799 393 Populo
854 346 1014 385 animum
1062 356 1266 387 auxerunt:
1335 358 1453 394 eoque

348 416 487 454 facturn
536 424 620 463 est,
684 425 726 452 ut
766 416 925 464 blandi,
963 426 999 454 at
1049 416 1239 466 improbi,
1291 425 1455 454 oratores

350 486 606 532 multitudini,
645 496 739 533 quae
773 485 940 523 securior
970 485 1065 524 facta
1101 495 1176 524 erat
1207 486 1302 535 (ι),
1342 484 1455 533 magis

343 556 559 604 placerent,
610 566 718 602 quain
767 554 886 592 severi
916 556 1082 603 justique
1127 555 1457 594 administratores,

347 625 474 674 Quum
508 624 620 673 igitur
657 624 814 662 Pericles
845 626 936 662 hanc
964 625 1058 663 viam
1096 624 1266 672 iniisset,
1293 633 1336 662 ut
1371 635 1455 662 cum

346 694 522 742 Ephialte
561 694 789 731 multitudini
834 694 1066 743 indulgeret,
1105 695 1138 732 ei
1179 705 1309 733 meram
1347 694 1458 732 liber-

346 771 457 801 tatem
482 764 589 811 quasi
618 763 820 812 propinans
835 764 901 814 (2)
916 792 929 811 ,
956 764 1017 802 illa
1034 764 1259 812 exsultavit3
1278 767 1455 811 omnique

346 831 453 870 freno
485 843 569 870 sese
597 833 871 880 subtraxisset,
911 834 983 871 nisi
1024 833 1120 872 idem
1150 835 1310 873 Pericles
1341 833 1457 883 impe·

347 909 427 939 tum
456 901 495 939 in
532 913 746 940 communes
778 903 957 942 Civitatis
983 905 1110 943 hostes
1133 904 1248 942 averti
1276 912 1456 943 curasset.

347 971 469 1010 Etiam
503 981 631 1021 postea
668 974 849 1020 Populum
886 972 924 1010 in
955 974 1075 1012 officio
1106 974 1288 1021 retinuit,
1326 973 1456 1012 nimias

347 1041 428 1090 ejus
468 1043 761 1089 exspectationes
805 1043 1041 1091 deprimens,
1081 1044 1454 1092 expeditionibusque

346 1109 592 1158 suscipiendis
625 1119 737 1159 atque
773 1112 981 1150 emittendis
1015 1113 1174 1150 coloniis
1212 1114 1380 1151 Athenas
1413 1113 1460 1150 lia·

346 1180 479 1218 berans
511 1180 560 1218 iis
604 1180 781 1227 civibus,
832 1181 897 1229 qui
940 1181 1080 1228 alioqui
1118 1192 1298 1220 novarum
1333 1182 1454 1219 rerum

347 1248 476 1287 studio
527 1249 758 1297 privatisque
805 1250 843 1288 in
883 1249 1087 1299 principem
1127 1251 1224 1288 odiis
1250 1279 1263 1299 ‚
1303 1251 1455 1289 turbas

344 1317 546 1356 cievissent
577 1319 665 1367 (3).
710 1319 773 1356 -1ta
806 1318 965 1357 moriens
1001 1330 1118 1368 remp.
1146 1321 1241 1358 bene
1275 1307 1459 1359 constitu-

344 1396 418 1425 tam
444 1387 623 1434 reliquit,
651 1388 799 1425 eandem
832 1387 910 1426 fere
928 1388 1105 1426 rationem
1138 1376 1316 1438 secutus,
1345 1401 1455 1438 quam

344 1465 474 1506 postea
495 1458 691 1506 Augustus
706 1486 719 1504 ,
748 1470 911 1506 quocum
939 1460 1052 1496 multa
1074 1460 1284 1498 communia
1307 1460 1456 1510 habuit3

347 1527 397 1564 ita
413 1535 455 1564 ut
478 1527 705 1575 comparatio
733 1527 828 1565 inter
851 1539 917 1565 eos
940 1538 1017 1565 non
1041 1527 1165 1576 inepte
1181 1528 1327 1566 institui
1341 1539 1456 1577 posse

346 1596 528 1636 videatur.
580 1596 753 1644 Uterque
793 1598 940 1646 juvenis
976 1598 1106 1635 bellica
1143 1597 1260 1646 gloria
1299 1598 1451 1647 clarus,

347 1667 482 1715 Populi
505 1676 634 1704 contra
661 1666 814 1704 ditiores
840 1676 1095 1715 tyrannosque
1120 1667 1324 1706 defensor:
1355 1677 1454 1706 uter-

345 1748 418 1783 que
468 1737 505 1774 in
547 1737 624 1774 vita
665 1737 805 1784 privata
842 1737 999 1776 callidus
1023 1738 1299 1786 dissimulator,
1340 1739 1455 1787 impe-

343 1805 399 1843 rio
438 1806 612 1854 potitus,
649 1806 741 1844 lenis
777 1806 1000 1855 imperator:
1038 1807 1196 1855 denique
1228 1817 1383 1856 uterque
1408 1809 1454 1846 li-

343 1885 499 1914 terarum
545 1875 870 1923 eruditionisque,
921 1885 1031 1924 atque
1069 1877 1265 1926 elegantiae
1311 1886 1453 1916 amator

1417 1955 1454 1985 et

378 2065 430 2103 (1)
451 2068 592 2102 Xenoph.
615 2068 711 2096 Mem.
734 2068 789 2097 111.
812 2076 840 2103 s.
863 2069 889 2105 ς.
911 2076 957 2104 13.

378 2123 431 2161 (2)
453 2126 532 2154 Plut.
559 2125 590 2153 in
615 2128 681 2155 Per.
707 2133 774 2160 cap.
799 2135 827 2160 7.
851 2134 883 2160 p.
903 2135 967 2161 155.
992 2134 1040 2162 sel,
1057 2141 1092 2148 —
1112 2127 1185 2155 Plat.
1205 2127 1245 2154 de
1263 2125 1343 2162 Rep.
1367 2125 1449 2157 vm,

341 2190 372 2217 p.
392 2185 460 2215 562.
483 2182 523 2210 D.
543 2196 581 2203 —
601 2182 666 2210 Cic.
688 2183 725 2210 de
747 2183 830 2218 Rep.
851 2184 875 2212 1.
898 2193 948 2220 43.

379 2237 431 2278 (3)
453 2239 599 2269 Themist.
622 2241 707 2269 Orat.
728 2241 794 2270 vn.
815 2249 847 2276 p.
866 2250 915 2277 94.
937 2243 970 2270 Β.
