1502 2767
194 188 238 236 28
401 181 1068 227 COMMENTATIO

186 302 303 342 rent,
355 295 451 334 haud
483 293 548 333 abs
579 304 618 332 re
647 293 758 332 nobis
789 293 911 332 visum
946 301 1033 340 est,
1074 293 1202 342 paucis
1241 304 1305 332 ex·

197 376 362 414 ponere,
418 376 526 412 quarn
560 363 656 401 viam
699 363 970 413 ingrediendam
1007 373 1094 401 esse
1131 369 1310 410 putemus

200 425 280 482 ilii,
321 434 456 482 quiex
485 432 640 472 Ethices
678 432 914 472 Christianae
951 433 1117 471 doctrina
1147 433 1219 470 hoc
1254 443 1312 470 ar-

203 512 417 552 gumentum
460 511 613 541 tractare
662 512 847 550 conetur,
888 512 930 542 ut
959 504 1073 541 simul
1113 509 1313 551 appareat,

203 584 298 620 quae
330 581 366 610 et
403 573 552 620 qualia,
592 583 661 622 pro
702 573 888 622 religionis
925 572 1162 613 Christianae
1189 571 1315 610 indole

201 650 242 679 et
275 641 462 689 consilio,
514 642 588 681 huc
629 643 834 692 spectantia
876 651 1072 691 praecepta
1110 641 1316 691 exspectari

208 720 372 759 queant,
405 723 500 759 quae
531 712 671 751 minus.

260 780 299 818 Si
333 781 377 820 ad
409 781 609 820 consilium
642 783 839 830 attendas,
892 793 970 831 quo
993 781 1108 832 Jesus
1140 781 1318 822 Christus

210 850 249 889 in
283 850 392 889 terris
427 860 595 890 versatus
631 861 711 897 est,
759 852 798 889 in
828 853 1029 901 propatulo
1065 851 1136 898 fit,
1180 851 1253 888 hoc
1287 849 1324 888 ei

211 921 448 970 propositum
480 921 598 961 fuisse
629 922 858 970 consilium,
904 932 947 961 ut
984 921 1175 959 hominum
1199 919 1326 968 generi

213 990 309 1028 viam
337 1000 373 1029 et
396 991 575 1029 rationem
601 1000 849 1040 monstraret,
879 995 954 1039 qua
974 991 1148 1030 homines
1161 1001 1246 1029 eum
1274 1001 1330 1028 ta·

215 1061 309 1107 lem,
325 1062 468 1109 qualern
493 1073 533 1099 se
556 1061 683 1099 haberi
699 1062 925 1110 voluit,per
941 1061 1049 1100 fidem
1075 1060 1298 1109 accipientes
1313 1087 1330 1107 ‚

216 1131 383 1178 amoris,
427 1143 472 1170 ex
509 1131 581 1170 fide
620 1131 797 1179 oriundi,
847 1131 948 1169 ducti
985 1131 1201 1180 principio,
1251 1141 1331 1168 mo-

220 1202 313 1238 rales
345 1212 430 1238 suas
462 1201 559 1239 vires
591 1201 815 1250 explicantes
834 1229 847 1248 ‚
875 1210 913 1239 et
942 1201 1095 1238 Numen
1117 1211 1331 1248 supremum

217 1273 257 1312 ἐν
292 1272 470 1319 πνεύματι
505 1279 541 1307 et
575 1273 727 1321 ἀληθείᾳ
759 1272 956 1317 colentes,
993 1271 1038 1308 ad
1073 1270 1193 1318 ipsius
1233 1280 1337 1307 sum·

223 1339 274 1377 mi
311 1339 382 1378 Dei
416 1339 680 1389 perfectionem
717 1341 923 1380 tenderent.
995 1341 1106 1379 Hanc
1138 1351 1242 1378 suam
1280 1339 1337 1377 di-

222 1409 365 1447 vinitus
411 1421 497 1448 cum
529 1410 720 1448 hominum
763 1421 896 1459 genere
934 1411 1243 1449 communicatam
1281 1421 1337 1447 re-

225 1479 400 1528 ligionem
444 1480 619 1518 omnibus
667 1480 866 1528 gentibus,
928 1480 1068 1528 quippe
1120 1479 1159 1517 in
1207 1477 1340 1517 morali

229 1549 394 1587 omnium
430 1549 625 1588 hominum
652 1558 782 1588 natura
813 1548 1000 1587 fundatam
1017 1579 1030 1597 ‚
1057 1558 1229 1596 tanquam
1257 1549 1340 1587 uni-

229 1629 308 1656 cam
351 1629 504 1666 eamque
549 1630 672 1658 veram
719 1629 787 1666 per
829 1619 921 1656 hanc
964 1618 1002 1656 in
1045 1618 1191 1656 alteram
1224 1617 1338 1657 vitam

231 1689 388 1735 ducem,
415 1679 671 1726 annunciatam
704 1700 786 1726 esse
810 1688 944 1726 voluit.

282 1757 433 1807 Quodsi
480 1769 623 1805 porro,
682 1758 815 1806 populi
864 1757 1036 1807 Judaici‚
1092 1757 1343 1796 Galilaeorum

236 1828 412 1874 maxime,
452 1828 498 1865 ad
526 1827 746 1866 seditionem
772 1829 904 1875 proni,
941 1826 1107 1874 indolis,
1136 1827 1239 1873 odii,
1268 1839 1346 1875 quo

238 1907 366 1935 omnes
395 1895 473 1934 fere
502 1907 586 1934 eum
609 1897 918 1936 consectabantur
935 1925 948 1944 ‚
986 1906 1214 1944 receptarum
1245 1897 1350 1936 deni·

242 1978 314 2014 que
340 1967 405 2004 illo
427 1975 595 2014 tempore
623 1967 667 2004 de
683 1977 797 2015 regno
825 1967 1020 2005 Messiano
1045 1967 1266 2015 opinionum
1294 1979 1351 2005 ra·

242 2037 380 2074 tionem
405 2035 564 2084 habeas;
592 2036 689 2073 haud
715 2036 846 2074 mirum
872 2037 1202 2086 videatur,Jesum
1215 2036 1350 2076 Chris·

244 2114 350 2152 tum,
376 2105 520 2143 nullum
559 2103 635 2143 fere
657 2106 702 2143 de
723 2107 835 2145 rebus
862 2106 1036 2146 civilibus
1068 2107 1214 2146 dedisse
1246 2118 1352 2155 prae·

246 2184 410 2223 ceptum.
450 2175 535 2223 lpse
557 2175 653 2213 enim
675 2176 890 2223 religionem
912 2177 1072 2216 condere
1098 2176 1245 2225 voluit,
1271 2188 1353 2216 om-

247 2244 358 2283 nibus
396 2244 636 2283 societatibus
661 2244 861 2294 civilibus,
889 2257 965 2286 non
999 2247 1171 2286 obstante
1206 2245 1353 2296 diversa
