1523 2745
451 150 971 199 LITssRAleAt
1219 153 1268 198 87

147 278 181 304 κ.
207 279 244 304 τ.
268 262 355 312 30).
407 263 461 301 Ita
496 262 654 300 liberum
687 262 755 300 erit
781 270 940 300 statuere
966 260 1098 300 divites
1123 261 1266 310 portio-

146 342 215 370 nes
256 342 341 371 suas
369 333 617 370 recusavisse:
663 343 777 380 quum
816 340 975 378 contra,
1009 330 1043 368 si
1079 331 1264 369 Plutarchi

147 401 260 441 verba
287 412 512 449 sequamur,
564 412 679 449 eaque
704 400 938 438 conferamus
979 411 1064 437 cum
1099 400 1265 449 diligenti

146 470 386 520 Thucydidis
438 472 506 522 (1)
541 470 847 519 computatione,
895 469 1033 507 civium
1088 479 1263 506 numerus

144 539 242 578 intra
277 551 417 590 paucos
459 551 576 579 annos
610 541 868 585 vehementer,
911 539 1002 586 quin
1036 550 1149 587 supra
1184 548 1263 575 om-

146 620 231 648 nem
273 619 453 659 captum‚
492 618 624 647 auctus
657 608 774 647 fuisse
799 609 977 647 dicendus
1004 609 1068 647 sit.

196 680 320 718 Aliam
355 681 462 718 etiam
498 681 670 729 majorem
693 679 942 717 difficultatem
967 679 1038 717 viri
1065 679 1166 717 docti
1191 678 1264 717 sibi

146 749 414 799 deprehendere
449 749 520 788 visi
547 758 634 787 sunt
670 749 707 786 in
736 749 863 786 eodem
897 750 968 786 hoc
995 748 1182 786 Plutarchi
1208 749 1264 785 lo-

142 830 217 867 ce,
245 829 421 868 negantes
448 819 601 858 verbum
630 820 949 868 ἐπράθησαν,
978 831 1107 856 venum
1135 821 1264 856 ierunt

146 890 244 940 (ipsi
291 890 433 928 scilicet
497 900 718 936 eorumque>
748 888 868 935 bona)
916 887 1053 924 dictum
1097 888 1143 925 de
1189 887 1262 923 illis

146 959 314 1006 quinque
331 959 495 997 millibus
514 987 526 1006 ‚
541 958 678 1006 quibus
701 957 831 995 civitas
858 957 1026 1004 adempta
1041 984 1053 1002 ‚
1071 955 1261 994 ferendum

144 1039 242 1066 esse.
300 1028 429 1066 Talem
462 1028 635 1066 nimirum
662 1028 914 1064 crudelitatem
948 1027 1098 1064 alienam
1125 1026 1265 1075 judica-

144 1106 233 1136 runt
255 1098 299 1135 ab
329 1097 555 1135 humanitate
584 1097 733 1142 Attica,
762 1096 942 1143 imprimis
959 1107 1050 1133 aevo
1077 1097 1260 1134 Pericleo:

144 1175 181 1204 et
206 1177 420 1214 opportune
453 1166 814 1211 animadverterunt,
843 1176 917 1202 eam
941 1166 1190 1203 venditionem
1216 1176 1263 1203 ne

142 1236 314 1285 potuisse
345 1235 490 1284 quidem
518 1236 716 1282 procedere
742 1235 822 1271 sine
847 1235 987 1282 magnis
1025 1235 1138 1283 Reip.
1185 1247 1263 1272 mo-

140 1305 272 1352 tibus,
300 1306 346 1343 de
372 1305 510 1352 quibus
533 1316 719 1351 nusquam
749 1306 944 1341 memoriae
972 1305 1159 1352 proditum
1188 1315 1259 1343 est.

142 1376 353 1423 Corruptae
386 1374 471 1412 hinc
502 1375 587 1412 voci
625 1374 801 1412 medelam
839 1373 980 1411 adferre
1015 1375 1140 1411 conati
1172 1384 1255 1412 sunl

141 1445 202 1483 alii
224 1445 292 1494 (α)
321 1444 449 1492 aliam,
478 1444 674 1491 variasque
699 1445 931 1492 conjecturas
964 1454 1258 1491 proposuerunt.

141 1514 292 1564 Quibus
316 1513 474 1563 singulis
505 1522 546 1550 ut
575 1514 752 1561 denegare
775 1513 889 1550 nolim
921 1513 1056 1561 ingenii
1091 1514 1258 1560 laudem,

141 1584 193 1622 ita
216 1583 391 1622 omnibus
416 1583 729 1631 supersedendum
756 1582 825 1632 (3)
846 1594 926 1620 esse
954 1593 994 1619 ut
1026 1592 1150 1630 putem
1167 1611 1178 1628 ,
1206 1583 1263 1621 fa-

1156 1661 1261 1690 ciunt

181 1748 233 1785 (1)
252 1748 349 1777 Thuc.
370 1746 414 1776 11.
438 1755 484 1782 ¹³·

183 1805 236 1845 (α)
258 1809 371 1840 coraes
404 1807 570 1837 lectionem
598 1808 682 1837 affert
708 1816 725 1837 e
751 1810 821 1838 cod.
850 1809 941 1839 Paris.
966 1804 1154 1847 ἐφάνησαν·
1174 1812 1260 1841 aliam

113 1886 116 1889 «
146 1869 213 1906 ipse
236 1870 383 1906 proponit
413 1866 633 1910 ἀπεκρίθησαν
664 1873 684 1903 i.
707 1881 736 1903 e.
759 1868 1039 1912 εἰπεψηφῖσθνισιιν
1054 1897 1063 1910 ,
1091 1875 1173 1908 quod
1190 1882 1277 1908 ἓῑΡῑθἸ

146 1932 313 1969 opponitur
335 1934 474 1968 sequenti
496 1932 673 1973 κρίθευτες.
696 1950 732 1957 -
755 1936 872 1965 Orellio
888 1939 923 1965 ad
944 1938 1039 1966 Isocr.
1069 1946 1100 1972 p.
1122 1941 1175 1974 461
1198 1938 1259 1972 pla-

147 2002 198 2024 cet
212 1994 304 2024 scribi
324 1991 551 2035 ἐφωράθησαν.
573 2011 609 2018 -
628 1998 753 2025 Clinton
780 1998 831 2032 (F.
849 1998 905 2030 H.)
924 1997 1013 2025 unice
1031 2006 1135 2026 verum
1157 2006 1261 2026 censet

147 2049 392 2096 ἀπηλάθησαν,
421 2060 601 2095 cujusvocis
628 2069 713 2089 usum
733 2061 868 2096 pluribus
888 2068 1026 2089 veterum
1047 2061 1125 2089 locis
1149 2061 1258 2089 confir-

147 2124 220 2147 mat.

185 2177 238 2212 (3)
258 2176 445 2205 Schaefferus
471 2175 647 2210 adnotavit,
667 2176 805 2204 Bekkero
835 2177 985 2209 vulgatum
1010 2175 1108 2209 videri
1133 2177 1259 2206 defendi

141 2239 250 2269 vosse.
292 2233 352 2263 Sed
375 2232 483 2262 frustra
500 2234 649 2262 laudatum
665 2231 800 2262 libellum
820 2231 1034 2268 circumspexi.
