1502 2767
380 141 1024 187 1NTR0DUcho
1204 152 1248 189 ις

205 257 314 295 Licet
325 255 412 294 haec
435 266 493 292 me
505 254 555 292 ita
568 252 813 291 absterrerent
826 280 839 298 ,
857 259 899 289 ut
914 251 957 288 de
976 250 1126 298 incepto
1140 258 1254 298 opere

156 327 232 366 fere
242 326 451 366 desisterem
466 352 478 371 ‚
490 332 611 361 tamen
625 334 766 360 mecum
783 330 956 369 reputans
967 320 1110 369 judices
1120 332 1139 357 a
1148 320 1256 367 juve-

154 408 202 435 ne
228 407 304 434 non
329 405 425 443 opus
442 402 655 441 exspectare
676 391 849 429 omnibus
869 390 1030 428 numeris
1046 390 1257 428 ahsolutum

161 475 198 504 et
220 465 425 515 perfectum
441 490 456 511 ,
482 474 608 501 verum
638 462 742 510 ipsos
768 468 924 499 conatus
946 461 1091 498 laudare
1116 461 1258 506 solere,

154 536 194 574 in
218 547 261 574 eo
278 546 430 584 pergere
441 532 619 571 constitui
634 544 648 580 ;
665 532 784 579 iisque
800 559 814 578 ‚
831 542 923 579 quae
949 530 994 568 ab
1014 529 1094 567 aliis
1121 528 1260 566 monita

154 607 333 653 sunt„in
361 616 470 644 usum
493 615 614 641 meum
649 601 871 648 conversis,
907 599 978 638 alia
1014 599 1099 646 via,
1140 601 1258 646 efique

153 685 197 714 ut
234 676 399 724 opinor,
423 675 524 712 nova
558 672 710 711 incessi.
763 670 945 721 Quamvis
980 669 1099 718 probe
1126 668 1262 705 intelli-

155 757 236 794 gam
261 757 319 784 me
342 741 598 794 argumentum
617 770 630 791 ‚
645 753 714 790 pro
738 743 818 790 eJus
845 739 1022 789 gravitate
1032 764 1049 785 ,ι
1071 749 1148 776 non
1171 736 1260 775 satis

153 816 264 865 digne
288 825 473 864 exponere
499 825 611 862 posse
634 821 670 850 et
696 810 887 850 victoriam
914 810 953 846 in
978 808 1174 846 certamine
1198 807 1262 845 vix

152 896 301 934 sperare
336 886 485 923 audeam
509 911 522 930 ‚
566 883 604 920 id
639 890 737 920 certe
775 880 868 918 lucri
900 878 984 916 inde
1018 877 1115 924 tuli,
1159 875 1263 924 quod

155 967 302 994 summo
322 954 456 1002 gaudio
471 953 508 990 in
528 952 640 990 hacce
664 948 974 988 commentatione
999 944 1267 986 conscribenda

153 1034 323 1063 versatus
349 1024 448 1069 sim,
475 1032 544 1060 nec
579 1031 746 1068 unquam
775 1019 954 1069 temporis
983 1045 996 1066 ,
1018 1018 1052 1056 ei
1081 1016 1263 1066 impensi,

157 1092 385 1142 poenitentia
409 1099 468 1130 'me
499 1100 650 1140 captura
673 1090 738 1133 sit.

151 1213 266 1242 slaehe.
287 1213 330 1243 N.
352 1214 389 1243 G.
419 1220 451 1243 v.
481 1213 678 1248 Kampen,
705 1211 921 1248 Vergeh‘jking
940 1220 1001 1240 van
1025 1211 1078 1239 hee
1099 1210 1193 1247 geluk
1209 1210 1264 1238 der

154 1270 228 1298 aude
247 1270 354 1299 votken
375 1276 436 1297 met
454 1269 510 1297 dar
537 1270 593 1297 der
617 1269 813 1304 nieuweren,
833 1268 864 1297 in
886 1270 1064 1298 comment.
1087 1270 1155 1298 Soc.
1179 1267 1263 1297 Teil.

155 1327 247 1356 Torn.
269 1328 372 1356 XXIV.
388 1325 470 1362 aliis,
495 1333 573 1361 quos
590 1325 624 1353 in
649 1325 906 1354 commentatione
932 1325 1103 1354 citabimus.
1144 1326 1186 1353 Hi
1201 1333 1269 1355 suas

155 1383 287 1419 singuli,
303 1391 416 1419 easque
430 1385 569 1418 magnas,
583 1383 694 1411 habent
711 1383 825 1412 laudes.
846 1382 890 1411 At
913 1390 1009 1418 vero,
1030 1390 1123 1418 quum
1147 1383 1271 1411 univer-

154 1450 189 1471 se
206 1443 244 1470 de
266 1442 298 1470 vi
323 1440 479 1475 religionis
497 1439 569 1469 Chr.
589 1440 621 1468 in
641 1439 796 1469 hominum
817 1440 945 1468 salutem
968 1446 1109 1475 agerent,
1128 1447 1190 1468 non
1212 1439 1271 1468 nisi

155 1499 188 1527 in
217 1498 342 1527 transitu
369 1497 526 1526 hominum
556 1496 714 1532 religionis
737 1498 809 1526 Chr.
840 1496 978 1525 doctrina
1003 1497 1175 1525 emendatas
1201 1505 1272 1525 sen-

154 1555 264 1585 tentias
286 1556 325 1584 de
345 1556 428 1583 bello
447 1555 602 1589 gerundo,
622 1554 796 1588 attigerunt.
827 1554 894 1582 Una
917 1560 963 1581 est
989 1553 1154 1582 Clarissimi
1170 1555 1269 1583 W.A.

154 1620 230 1641 v=an
258 1613 411 1647 Hengel
442 1611 571 1647 Oratio,
599 1610 726 1647 (Leidae
753 1611 872 1644 habita,
898 1618 976 1640 anuo
1002 1611 1105 1646 1832.)
1136 1611 1171 1638 de
1194 1610 1272 1638 relt-

154 1671 258 1706 giom's
285 1669 358 1698 Chr.
388 1667 569 1704 efficacitate
596 1669 630 1695 in
658 1669 792 1703 bellum,
828 1667 952 1697 omnino
979 1670 1061 1697 lectu
1087 1666 1270 1702 dignissima.

155 1727 217 1754 Pro
242 1724 388 1754 orationis
409 1725 518 1754 finibus
541 1731 640 1753 tamen
657 1733 721 1753 rem
742 1725 883 1754 nonnisi
905 1725 1019 1753 ultimis
1041 1723 1130 1753 labiis
1148 1732 1270 1759 tangere

155 1783 277 1819 potuit,
297 1781 421 1811 minime
445 1789 543 1817 vero,
573 1788 607 1810 ut
635 1782 668 1810 in
691 1789 827 1811 accurata
849 1782 895 1810 rei
920 1781 1115 1817 expositione
1135 1789 1271 1810 necessa-

155 1841 237 1869 rium
266 1847 323 1869 est.
364 1842 429 1869 Nos
444 1832 514 1869 sane
547 1839 595 1869 illi
620 1830 773 1874 orationi,
801 1839 832 1867 in
852 1840 909 1868 hac
939 1837 1157 1868 conscribenda
1187 1845 1287 1867 com·-

157 1896 364 1933 mentatione‚
391 1898 519 1926 multum
542 1897 676 1933 debere,
702 1897 844 1926 lubentes
862 1897 1004 1926 fatemur.

1105 2274 1272 2318 PARS
