1502 2767
249 199 301 236 90
466 183 1131 227 COMMENTATIO

245 296 356 335 altera
393 293 657 346 disputationis
699 306 785 344 pars
811 295 995 335 dividatur
1030 296 1071 336 in
1105 305 1180 336 tres
1211 296 1349 338 sectio·

227 376 324 406 nes.

518 528 1079 548 ——-——-—-*-—————-

473 672 792 712 SECTIO
844 673 1130 733 PRIMA.

470 831 528 860 DE
569 831 718 860 CAUSIS
747 832 875 861 BELLI
903 832 1118 861 GERUNDI.

733 963 773 1011 §-
830 973 866 999 1.

294 1118 541 1169 Exponitur,
567 1117 786 1168 quibusnam
820 1117 996 1168 inprimis
1028 1116 1150 1155 causis
1171 1115 1308 1155 ductae

286 1205 294 1211 “
321 1198 446 1240 gentes
463 1216 478 1237 ‚
522 1197 721 1238 antequam
759 1188 902 1226 Christi
929 1199 1056 1225 nomen
1080 1186 1271 1237 professae

526 1258 694 1307 fuerunt
709 1285 724 1305 ,
739 1258 835 1296 bella
854 1265 1063 1308 gesserunt.

288 1413 358 1453 Est
370 1423 458 1451 sane
478 1410 732 1451 difficillimum
759 1419 891 1448 omnes
902 1407 991 1447 beni
1013 1405 1170 1456 gerundi
1197 1416 1349 1444 caussas

236 1493 463 1523 enumerare.
493 1482 733 1533 Quapropter
762 1480 979 1528 praecipuas
1005 1477 1262 1516 tantummodo
1292 1488 1356 1514 ex·
1380 1516 1384 1518 ,

240 1565 381 1605 ponere
401 1555 506 1604 J‘uvat
520 1580 533 1600 ‚
551 1553 677 1600 quales
696 1561 806 1590 sunt:
825 1551 954 1601 religio
963 1551 1130 1600 gentium
1145 1576 1159 1596 ‚
1182 1541 1305 1587 odium
1321 1557 1358 1586 et

239 1624 407 1677 vindicta
424 1651 437 1672 ‚
457 1622 580 1663 caedis
592 1622 754 1662 aviditas
767 1650 779 1668 ‚
801 1621 886 1659 belli
909 1632 1016 1658 amor
1026 1628 1062 1657 ct
1079 1620 1206 1669 gloria
1222 1628 1355 1668 ,opum

229 1703 266 1734 ct
284 1692 438 1733 dominii
460 1692 661 1745 cupiditas.
682 1708 740 1718 —
753 1692 811 1730 De
839 1690 978 1739 quibus
1005 1690 1162 1739 singulis
1187 1690 1350 1730 breviter

236 1765 441 1805 videamus.

500 1913 744 1943 RELIGIO
798 1912 1085 1943 GENTIUM.

292 2055 420 2105 Quum
453 2052 668 2101 religionem
717 2050 908 2100 gentium,
953 2062 973 2088 e
1013 2050 1148 2098 quibus
1184 2049 1351 2088 hodierni

239 2126 417 2177 Europae
445 2124 587 2162 incolae
620 2122 717 2160 enati
745 2129 858 2168 sunt,
884 2120 1173 2169 spectamus,in
1202 2132 1241 2159 ea
1266 2132 1353 2159 sane

245 2197 360 2236 multa
381 2193 584 2244 reperimus
611 2192 701 2231 belli
727 2192 880 2232 semina.
935 2192 1088 2241 Scythae
1114 2191 1258 2240 antiqui
1279 2191 1356 2230 fer-

1238 2274 1318 2301 rum
1333 2291 1348 2311 ,
