1523 2745
380 190 902 235 LITERARIA.
1169 208 1214 247 19

95 299 275 349 oppidum
315 311 404 339 vero
434 312 512 340 non
550 303 680 352 cepit,
706 304 773 342 sed
799 304 950 342 domum
988 304 1095 344 rediit
1119 306 1212 356 (ι).

91 371 215 421 Cujus
243 370 489 420 expeditionis
515 372 616 411 hunc
636 373 875 421 potissimum
901 372 1064 412 fructum
1099 374 1210 424 tulit,

91 441 197 489 quod
224 449 364 480 metum
391 441 567 480 hostibus
594 442 721 492 injecit
749 451 785 483 et
804 443 999 492 prudentis
1031 444 1121 483 belli
1144 445 1214 484 du-

89 510 145 549 cis
171 521 307 549 nomen
344 510 417 548 sibi
455 510 628 559 paravit,
656 511 858 550 exercitum
891 512 972 550 sine
1010 514 1089 552 ullo
1113 514 1214 555 dam-

91 591 142 619 no
163 580 370 618 reducenti.
407 579 501 618 Non
527 580 647 630 igitur
680 580 829 631 decepit
849 581 1099 621 Athenienses
1120 584 1216 623 affir-

90 649 225 688 mando
256 660 347 698 εοε,
389 657 572 698 quantum
614 650 655 689 in
698 661 739 689 se
780 649 910 700 esset,
951 663 1099 702 semper
1130 653 1212 693 fore

89 719 315 759 immortales
341 719 426 769 (2).
568 716 572 721 ”

586 854 622 903 §-
675 868 716 904 7.

141 1017 316 1056 Induciae
329 1017 624 1067 quinquennales
640 1045 653 1066 ‚
667 1029 764 1066 quae
789 1017 1034 1068 quadriennio
1048 1025 1136 1066 post
1145 1016 1215 1066 (3)

94 1085 256 1126 Cimone
276 1095 429 1125 auctore
450 1086 569 1126 factae
591 1094 707 1134 sunt,
735 1086 895 1135 aliquam
922 1085 1217 1125 Atheniensibus

94 1155 256 1205 quietem
292 1156 502 1195 attulissent
516 1184 530 1204 ,
555 1155 629 1195 nisi
652 1166 802 1205 semper
825 1155 1056 1204 cogitassent
1073 1156 1120 1194 de
1145 1166 1215 1204 po·-

92 1225 210 1266 tentia
239 1226 422 1275 augenda.
476 1226 585 1276 Quae
616 1225 733 1276 igitur
765 1225 922 1265 Graecis
956 1225 1095 1265 inferre
1118 1238 1216 1264 arma

92 1305 170 1334 non
190 1304 390 1344 poterant,
417 1304 549 1335 contra
569 1296 736 1335 Thraces
769 1305 997 1344 moverunt,
1024 1296 1220 1335 Periclem-

92 1376 166 1413 que
204 1377 291 1405 cum
326 1367 449 1405 classe
492 1366 532 1404 in
575 1366 859 1406 Chersonesum
905 1368 1087 1406 miserunt
1131 1368 1216 1417 (4).

93 1436 191 1475 Rem
231 1436 339 1475 etiam
374 1435 534 1475 feliciter
574 1435 629 1474 ibi
673 1435 791 1485 gessit
831 1445 868 1474 et
906 1436 1095 1485 regionem
1132 1444 1218 1475 cum

93 1505 359 1553 munimentis,
390 1513 471 1544 tum
508 1517 599 1545 vero
617 1507 764 1545 colonis
788 1507 891 1545 mille
916 1506 971 1545 ibi
993 1506 1131 1546 relictis
1158 1508 1222 1546 ad·

93 1587 225 1618 versus
273 1575 506 1615 incursiones
559 1575 750 1616 Thracum
791 1589 955 1616 securam
1011 1577 1213 1627 praestitit.

93 1631 273 1685 Pru'denti
291 1646 488 1685 admodum
514 1647 674 1687 consilio
697 1647 831 1697 inopes
864 1647 966 1687 cives
1000 1656 1036 1685 et
1065 1648 1159 1686 illud
1180 1657 1218 1686 et

1123 1719 1220 1757 mul·

135 1816 190 1857 (ι)
210 1817 370 1852 Plut.per.
394 1819 549 1855 19.Thuc.
567 1818 592 1848 Ι.
607 1825 672 1847 111.
688 1824 767 1847 extr.
787 1819 870 1847 mille
888 1825 1003 1847 tantum
1020 1817 1222 1852 Athenienses

97 1877 170 1907 huic
187 1876 380 1914 expeditioni
398 1875 575 1905 interfuisse
590 1882 700 1905 narrat.
720 1875 814 1904 Diod.
828 1875 887 1905 sic.
905 1876 959 1904 Χῖ.
982 1884 1012 1906 c.
1034 1879 1084 1909 85.
1105 1877 1154 1905 88.
1175 1874 1221 1903 bis

47 1917 52 1922 ⁵
98 1935 181 1964 idem
196 1935 292 1964 refert
305 1941 473 1971 ‚tamquam
481 1940 544 1962 non
554 1933 664 1961 eodem
673 1939 750 1962 anno
759 1939 888 1968 gestum.
903 1932 1223 1968 VideibiWesseling.

139 1991 192 2031 (2)
210 1993 291 2022 Plut.
311 1993 380 2021 Per.
405 1994 452 2021 18.

137 2049 193 2088 (3)
214 2049 263 2078 Ad
293 2049 423 2077 eundem
455 2055 565 2076 annum
598 2048 720 2082 Olymp.
748 2047 876 2075 LXXXI.
904 2046 970 2075 illas
997 2046 1093 2075 refert
1128 2045 1221 2075 Diod.

97 2106 162 2138 Sic.
181 2107 235 2136 XI.
259 2109 312 2136 86.
334 2106 370 2134 ad
388 2112 479 2140 quern
494 2106 517 2135 1.
526 2104 598 2133 vide
617 2106 750 2135 Wessel.
774 2104 874 2133 Thuc.
898 2105 922 2133 l.
945 2113 1009 2134 112.
1032 2104 1144 2134 diserte
1162 2104 1221 2134 ait:

103 2164 242 2208 ὕστρεον
268 2163 330 2205 δὲ,
357 2163 584 2200 διαλιπόντων
607 2162 693 2199 ἐτῶν
718 2166 828 2206 τριῶν.
858 2169 900 2197 cf.
941 2167 1077 2198 clinton.
1116 2169 1152 2197 ad
1192 2177 1220 2197 a.

105 2228 143 2257 c.
163 2235 231 2263 450.

144 2283 200 2322 (4)
221 2284 302 2313 Plut.
321 2285 386 2313 Per.
412 2292 457 2319 ¹9·-

629 2340 704 2377 132
