1564 2750
414 157 920 205 LITERARIA.
1171 181 1220 219 77

114 263 271 310 amplius
307 266 464 313 patrium
495 271 616 309 solum
648 271 924 313 devastantibus
942 303 955 323 ‚
982 276 1116 316 Graeci
1147 277 1217 315 hu·

119 330 343 371 manioribus
386 336 526 375 artibus
567 350 712 388 operam
761 344 846 382 dare
895 355 1129 395 coeperunt,
1181 356 1219 386 et

113 399 298 450 Pericles,
340 416 452 451 quum
508 407 774 450 adolescentiae
825 415 1044 464 prioresque
1099 416 1216 455 virilis

110 470 237 508 aetatis
258 482 375 512 annos
398 474 604 515 Literarum
629 481 764 520 studiis
791 484 1031 532 impendisset
1047 514 1061 534 ‚
1089 485 1127 524 in
1148 498 1219 535 pu·

112 537 250 578 blicum
288 543 471 592 prodens,
510 548 693 588 suavitate
741 563 806 591 sua
842 555 997 594 maxime
1047 557 1218 595 hilaravit

109 608 297 660 Athenas3
347 625 440 661 quae
470 617 549 666 ejus
585 619 787 661 ubertatem
820 632 858 661 et
893 625 1037 674 copiam
1065 627 1218 665 admira-

1232 231 1333 260 sectio
1343 231 1381 263 11.
1394 229 1422 270 §.
1432 240 1461 267 3·
1500 217 1501 221 Ἰ

109 685 192 726 tae,
233 681 394 730 ejusdem
427 685 502 723 vim
536 688 679 729 dicendi
711 700 747 730 et
778 700 955 733 terrorem
995 698 1213 736 timuerunt.

111 747 173 785 Ab
203 749 270 787 hac
310 751 425 800 igitur
456 756 601 795 demum
636 768 781 808 aetate,
810 763 980 802 Athenae
1021 765 1215 804 Oratorem

109 827 227 866 prope
250 821 454 867 perfectum
489 826 713 870 habuerunt.
754 833 890 881 Neque
912 834 1007 872 enim
1040 835 1216 874 Periclem

108 886 284 927 clamator
328 892 461 940 aliquis
504 898 549 935 ad
586 899 816 948 clepsydram
849 894 978 942 latrare
1016 906 1213 954 docuerat3

109 958 176 996 sed
207 959 252 997 ab
285 962 502 1012 Anaxagora
524 967 715 1016 erudiam,
752 969 1048 1011 exercitationem
1080 975 1215 1013 mentis

110 1038 131 1064 a
163 1029 366 1069 reconditis
393 1033 651 1084 abstrusisque
683 1039 794 1077 rebus
828 1043 874 1080 ad
921 1054 1049 1083 causas
1089 1043 1216 1083 foren-

108 1107 168 1135 ses
201 1102 476 1151 popularesque
515 1106 692 1148 traduxit.
736 1110 818 1158 (1).
870 1111 1110 1163 physicarum
1150 1127 1217 1154 au-

105 1177 200 1217 tem,
226 1170 517 1221 sublimiumque.
546 1187 667 1215 rerum
694 1178 887 1228 disciplina
915 1191 994 1221 tum
1021 1183 1088 1222 alia
1108 1196 1213 1233 prae-

104 1237 201 1276 clara
237 1239 360 1287 ipsum
401 1243 551 1292 docuit,
605 1255 685 1286 tum
724 1248 872 1288 uberem
906 1250 994 1290 fecit
1037 1262 1072 1291 et
1132 1254 1213 1294 foe-

104 1309 296 1357 cundum‚
322 1322 550 1363 gnarumque
580 1316 706 1365 (quod
738 1327 796 1356 est
830 1320 1062 1368 eloquentiae
1100 1325 1213 1363 maxi-

106 1385 251 1430 mum),
294 1382 431 1429 quibus
471 1385 650 1426 orationis
696 1388 816 1427 modis
863 1402 1031 1439 quaeque
1070 1393 1213 1432 animo-

107 1459 193 1489 rum
235 1460 358 1498 partes
405 1454 643 1501 pellerentur.
722 1457 885 1497 Grandis
932 1469 1008 1499 erat
1057 1462 1209 1511 verbis,

106 1518 233 1558 creber
254 1523 470 1571 sententiis,
496 1527 776 1574 compressione
797 1540 919 1568 rerum
943 1530 1067 1571 brevis
1084 1545 1095 1572 z
1112 1534 1210 1582 ejus-

103 1600 178 1638 que
201 1590 343 1630 dicendi
356 1595 532 1632 rationem
559 1595 691 1635 imitati
716 1606 806 1636 sunt
831 1611 958 1639 omnes
974 1629 987 1649 ,
1015 1614 1136 1650 usque
1159 1604 1207 1643 ad

100 1659 323 1709 Isocratem,
351 1663 630 1704 Atheniensium
652 1676 816 1706 oratores
833 1697 846 1716 ‚
882 1671 947 1718 qui
978 1671 1064 1710 item
1086 1674 1207 1712 subti-

101 1727 183 1778 les,
218 1731 342 1780 acuti,
366 1731 527 1782 breves,
554 1737 746 1776 sententiis
774 1739 887 1788 magis
926 1753 1034 1789 quam
1083 1745 1204 1784 verbis

103 1801 358 1850 abundantes,
389 1803 489 1841 illurn
515 1804 666 1844 Periclis
702 1819 854 1853 succum
886 1811 1116 1860 retinebant,
1138 1815 1206 1853 sed

100 1872 226 1920 paullo
249 1872 418 1911 uberiore
443 1883 543 1913 erant
564 1875 643 1915 filo.
669 1878 731 1917 Ex
742 1879 916 1919 Isocratis
930 1894 1017 1920 vero
1039 1885 1127 1922 ludo
1140 1886 1204 1933 qui

102 1941 296 1990 exierunt,
327 1943 458 1992 partim
497 1944 534 1983 in
559 1958 722 1997 pompa,
760 1951 891 1998 partim
921 1951 960 1990 in
992 1954 1094 2002 acie,
1121 1955 1205 1993 illu-

100 2020 192 2050 stres
239 2024 319 2051 esse
361 2013 593 2070 cupientes,
634 2029 720 2056 mox
757 2020 842 2059 loco
889 2032 1079 2062 cesserunt
1121 2026 1202 2064 aliis

289 2072 292 2078 ’
1119 2096 1203 2143 qui·

137 2179 188 2218 (ι)
207 2182 280 2210 Plat.
311 2183 340 2210 in
370 2185 489 2214 phaedr.
524 2194 590 2222 cap.
619 2193 666 2222 53.
692 2195 721 2222 p.
759 2196 822 2222 270.
853 2191 890 2217 A.
922 2190 1007 2218 Unde
1041 2198 1092 2219 sua
1107 2192 1201 2220 „Plut-

97 2236 126 2264 in
149 2236 215 2266 Per.
238 2247 303 2273 cap.
327 2243 355 2269 8.
375 2250 404 2275 p.
425 2245 493 2274 156.
515 2247 550 2271 Α.
570 2250 601 2271 et
618 2252 662 2277 ις.
692 2252 723 2278 p.
749 2249 813 2274 161.
834 2246 875 2274 D.
