1507 2876
548 202 935 274 oRAfri'o.
1263 214 1299 277 ,7

177 336 496 401 gratulationem
535 331 756 398 opperiar,
818 352 948 395 quum
976 352 1154 392 amunus,
1208 354 1295 396 quo

174 413 254 461 ille.
281 413 500 474 proximus
543 420 640 458 ante
683 428 752 458 me
794 414 961 477 functus
1002 421 1090 469 est,
1120 429 1295 473 succes-
1352 473 1355 475 q

172 491 393 548 sori-meo
431 489 675 548 tradider03
705 512 760 525 —
791 504 871 535 nec
905 505 981 536 vos
1014 492 1066 538 A.
1081 491 1287 549 A.H.H1

172 555 454 626 dulcissimam
494 567 582 626 ejus
635 566 847 628 simulque*
881 566 1083 612 fervidam
1128 555 1292 630 oratio}

170 659 269 700 nem
303 659 489 702 unquam
528 644 710 704 posthac
744 633 946 705 audietis,
989 637 1124 704 neque
1159 644 1291 688 disci-

167 720 286 779 puli,
316 721 389 778 qui
417 720 531 766 illum
572 720 676 765 tanti
710 720 848 765 facere
878 721 1091 774 solebant,
1124 735 1174 765 ex
1201 720 1288 778 ejus

167 810 244 841 ore
269 804 497 856 praecepta
532 796 762 856 excipient,
808 804 895 841 tam
932 783 1129 843 veritatis‘
1159 812 1286 854 quam

166 872 393 932 sapientiae
422 874 548 933 plena
563 876 573 917 l

217 1024 286 1069 De
319 1025 371 1070 iis
411 1032 579 1080 autem,
625 1022 732 1083 quos
773 1025 913 1084 magni
951 1026 1282 1086 aestimavimus,

162 1113 353 1158 quosque
392 1102 611 1161 inopinata
652 1109 788 1146 morte
826 1102 951 1147 nohis
993 1110 1162 1164 ereptos
1202 1104 1282 1148 de-

158 1177 395 1235 ploramus,
424 1178 624 1237 privatim
662 1179 868 1236 colloqui,
899 1178 959 1222 uti
987 1179 1145 1223 doloris
1175 1193 1281 1242 nosg-

157 1253 213 1306 tri
246 1254 434 1299 levamen
475 1256 652 1314 praebet
693 1262 820 1312 atque
867 1255 1088 1309 solatium,
1133 1255 1191 1300 ita
1233 1256 1278 1299 in

157 1343 302 1375 eorum
334 1331 525 1387 laudem,
557 1332 630 1389 qui
664 1332 885 1376 nobiscum
923 1332 1107 1376 muneris
1144 1333 1278 1377 vitae-

157 1422 239 1464 que
269 1408 468 1453 societate
506 1408 718 1466 conjuncti
752 1416 896 1461 erant,
929 1409 1098 1467 publice
1136 1409 1276 1471 dicere

154 1484 441 1542 gravissimum
483 1484 632 1530 merito
672 1485 852 1529 habetur
888 1485 1087 1529 officium.
1202 1486 1272 1541 Me

150 1559 278 1618 igitur
320 1561 530 1620 Collegam
574 1562 625 1605 de
666 1562 856 1620 Collega,
917 1562 1001 1606 vita
1042 1562 1270 1615 defuncto,

150 1637 311 1681 etiamsi
339 1638 591 1682 Academiae
619 1639 729 1696 leges
752 1639 886 1696 'verba
912 1639 1051 1683 facere
1080 1653 1168 1682 non
1198 1639 1269 1696 ju·-

146 1713 295 1759 herent
305 1715 385 1768 ,(¹)
419 1715 657 1759 utamicus
683 1723 824 1759 tamen
859 1716 912 1760 de
942 1715 1078 1759 amico
1113 1716 1267 1774 loque0

145 1805 242 1845 rer,
274 1799 392 1850 grata
429 1807 496 1836 me
539 1799 708 1849 cogeret
742 1792 889 1850 optimi
928 1792 1008 1837 viri
1046 1793 1262 1849 memoria.

146 1868 450 1926 Argumentum
477 1869 672 1927 profecto
699 1883 748 1912 ex
774 1883 847 1922 ea,
880 1883 1005 1925 quam
1032 1869 1262 1927 profiteor,

146 1945 367 2004 disciplina
405 1946 698 2004 depromtum,
756 1945 792 1989 si
827 1945 908 1988 hac
943 1946 1261 2004 opportunitate

142 2028 322 2067 tractare
367 2023 577 2076 licuisset,
616 2023 747 2066 multo
787 2022 891 2065 mihi
924 2023 1112 2080 optatior
1152 2023 1261 2082 foret

143 2098 308 2143 dicendi
340 2099 546 2144 materies.
607 2101 664 2142 At
688 2112 789 2143 vero
819 2097 1063 2157 disciplinae
1087 2107 1259 2145 nostrae

143 2189 263 2218 amor
298 2175 426 2218 officii
470 2173 714 2233 cogitationi
764 2174 886 2218 cedat
928 2182 1111 2233 oportet.
1204 2178 1259 2222 Et

141 2250 240 2296 licet
269 2251 405 2310 probe
430 2251 584 2305 sciam,
616 2252 772 2306 virum,
802 2252 846 2295 in
871 2252 1106 2309 eloquentia
1136 2262 1175 2299 et
1202 2255 1256 2300 li-
