1538 2689
561 114 910 155 MEDICA.
1081 127 1083 132 Α
1255 131 1301 166 23

190 220 284 274 (Αο.
326 221 463 271 1710.)
511 222 646 270 ligabat
688 223 861 271 primus,
930 231 1085 272 propter
1124 234 1303 273 aneurys-

190 303 281 340 ma,
330 291 496 330 arteriam
543 292 738 340 radialem,
796 293 951 341 ligatura
988 293 1149 342 simplici
1190 306 1302 342 supra

188 369 370 400 tumorem
409 371 445 400 et
474 362 622 410 quidem
658 364 803 412 optimo
837 374 922 402 curn
962 372 1113 403 eventu.
1179 366 1299 415 Quam

184 443 294 480 quam
343 440 467 470 autem
516 432 644 481 ligatio
687 445 866 482 prospera
913 432 1055 482 fuerit,
1120 434 1297 484 deinceps

184 509 306 539 tamen
344 503 510 550 neglecta
540 511 595 541 est
624 512 659 541 et
703 504 884 552 legimus,
914 504 1004 552 (Αο.
1033 507 1172 554 1785.)
1213 507 1301 544 De-

183 572 410 622 sault(1)
450 573 581 610 iterum
617 574 839 612 instaurasse
882 575 974 612 hanc
1010 575 1224 612 methodum
1261 575 1298 614 in

182 641 310 680 arteria
345 643 543 690 proplitea.
597 643 740 681 Eodem
776 654 872 681 anno
908 644 1112 682 Hunter
1147 645 1295 683 eandem

180 710 395 749 methodum
435 712 619 751 invenisse
652 713 801 751 dicitur.
870 713 1058 754 Nonnulli
1095 714 1297 763 scriptores

179 781 322 820 laudem
363 782 533 836 tribuunt
570 783 682 832 hujus
703 783 930 820 inventionis
963 783 1043 821 sine
1063 785 1146 832 Jure
1167 784 1296 821 Hun-

179 859 294 889 tero
318 851 404 899 (2).
435 853 573 889 Verum
605 853 751 900 quidem
778 861 862 898 est,
887 853 991 889 illum
1017 863 1096 889 eam
1122 853 1159 890 in
1186 863 1296 894 usum

179 921 365 968 duxisse,
393 922 544 959 minime
582 933 669 959 vero
704 921 904 959 invenisse.
932 943 984 952 --
1021 921 1102 958 Hac
1141 922 1296 969 periodo

181 989 404 1027 mentionem
441 991 584 1028 faciunt
618 991 884 1039 ligaturarum,
924 1002 1019 1038 quae
1065 991 1210 1029 Gallice
1242 992 1297 1029 di-

177 1069 314 1097 cuntur
349 1060 533 1108 ligatures
576 1059 760 1099 d’attentc
776 1090 789 1106 ‚
831 1060 970 1108 quibus
1008 1061 1234 1108 utebantur,
1265 1062 1295 1100 si

176 1129 452 1177 haemorrhagia
481 1130 697 1168 secundaria
729 1131 901 1169 oriretur.

223 1198 326 1237 Inter
350 1201 574 1237 recentiores
611 1201 918 1249 Deschamps
954 1200 1030 1249 (3),
1049 1200 1138 1250 ligat
1162 1202 1290 1240 multis

176 1266 250 1305 filis
287 1279 399 1316 supra
440 1278 476 1306 et
522 1268 617 1307 infra
654 1281 873 1318 aueurysma
912 1271 1107 1317 arteriam,
1158 1271 1295 1319 illaque

175 1337 377 1376 circumdat
410 1350 482 1386 ope
515 1350 604 1377 acus
635 1340 796 1388 argentei
822 1341 907 1390 (4).
961 1341 1151 1378 Describit
1169 1369 1183 1389 ,
1206 1353 1294 1390 por-

175 1420 219 1447 ro
253 1408 539 1447 instrumentum
574 1409 888 1456 compressorium
915 1409 1059 1447 Gallice
1083 1421 1208 1461 presse
1228 1424 1294 1449 ar-

174 1480 253 1516 zere
284 1478 450 1525 dictum,
495 1490 573 1525 quo
615 1479 745 1516 arteria
787 1479 1012 1516 intervfilum
1048 1488 1084 1516 et
1122 1480 1289 1517 laminam

177 1549 393 1587 metallicam
420 1548 655 1596 comprimet.
682 1549 721 1586 H
738 1559 800 1586 un
817 1557 896 1586 ter
930 1549 1000 1597 (5)
1026 1550 1233 1598 proponit,
1250 1560 1291 1589 ut

1202 1632 1290 1668 qua·

218 1733 272 1772 (ι)
295 1733 383 1762 Chir.
399 1733 588 1767 Nachtass„
609 1733 694 1762 Gott.
718 1739 874 1765 1801.2en
894 1732 986 1767 band,
1010 1740 1068 1768 4en
1085 1733 1128 1761 th.
1148 1740 1168 1767 p
1199 1740 1267 1768 297.

211 1787 264 1825 (α)
285 1789 463 1825 Hunter,
501 1790 586 1819 Med.
615 1799 646 1819 u.
676 1790 761 1819 Chir.
789 1790 998 1819 Heitmethoda
1017 1798 1073 1817 aus
1098 1790 1161 1816 dem
1190 1789 1286 1826 Engl.

175 1846 319 1882 Leipsich
337 1849 421 1884 1784.
451 1848 508 1875 lste
535 1848 578 1876 th.

208 1903 262 1942 (3)
282 1904 549 1939 Deschamps‚
575 1906 797 1934 observatiam
816 1913 873 1932 sur
888 1906 919 1932 Ia
938 1905 1077 1940 ligature
1095 1904 1144 1931 des
1164 1904 1286 1931 artetes

175 1961 321 1995 blessles,
348 1961 428 1989 Paris
448 1968 538 1997 1793.
562 1970 594 1996 Ρ,
626 1972 675 1992 21·

216 2017 270 2053 (4)
290 2018 339 2046 De
360 2017 586 2054 instrumentis,
604 2019 712 2054 quibus
733 2018 922 2054 temporibus
937 2017 1032 2047 ‘variis
1047 2017 1094 2047 usi
1112 2017 1287 2052 sunt,infra

176 2068 323 2103 dicemus.

212 2128 264 2165 (5)
282 2131 455 2159 Everard
479 2131 573 2160 Hom
585 2131 648 2168 e's,
671 2137 785 2168 Papcrs
805 2143 840 2161 on
857 2141 1035 2168 anourysm,
1056 2134 1089 2160 a'n
1103 2133 1151 2161 tho
1172 2134 1283 2161 Tram-

174 2192 237 2217 ιη.
253 2187 316 2224 osa
337 2189 400 2217 Soc.
417 2189 467 2224 fr.
486 2188 616 2226 impr-ov.
634 2190 756 2226 osmeri.
786 2191 918 2228 known,
935 2192 1000 2221 vol.
1022 2190 1045 2220 1.
1063 2201 1093 2220 2.
