1523 2745
303 208 374 244 228
453 203 709 242 COMM.
764 202 1271 245 LITERAR'IA.

305 313 343 350 in
369 323 452 350 eum
490 312 623 349 fecisse
662 311 748 361 (ι).
813 311 1051 359 Ambigitur,
1092 320 1215 351 utrum
1253 314 1406 361 Cleon,

306 392 352 419 an
384 380 412 418 Ἰ
425 381 626 428 hucydides
659 381 829 419 Milesiae
856 380 979 427 filius,
1005 381 1273 430 Philosophum
1300 394 1410 421 accu-

308 450 456 488 saverit.
487 450 669 497 Equidem
688 462 708 487 a
736 451 879 488 Cleone
900 450 936 487 id
962 451 1097 488 facturn
1119 460 1271 500 putem3
1296 464 1407 501 nam,

309 531 531 568 quamquam
554 520 837 567 Thucydidem,
852 520 895 557 ab
924 521 1052 559 exsilio
1077 521 1270 568 reducem,
1300 532 1412 569 expe-

309 589 442 626 ditioni
455 589 593 627 Samiae
612 588 825 626 interfuisse
843 589 1004 627 diximus
1019 589 1085 638 (2)
1102 619 1114 637 ,
1142 600 1228 638 post
1239 590 1410 630 exsilium

308 668 427 696 tamen
452 658 580 697 Pericli
604 669 682 695 non
705 658 861 705 amplius
897 659 1108 697 adversatus
1135 671 1216 697 esse
1245 660 1408 698 videtur.

307 728 368 769 De
390 728 532 766 Cleone
563 728 630 765 alia
656 729 761 775 plane
790 738 847 765 res
884 737 966 775 est,
1002 728 1066 777 qui
1104 728 1204 768 hisce
1236 729 1412 778 tempori·

307 798 404 844 bus,
432 798 569 845 quibus
583 797 737 835 Pericles
756 797 1008 835 Democratiae
1033 799 1182 836 nomine
1198 799 1330 846 regiam
1344 809 1414 846 po·

308 875 475 904 testatem
518 867 737 913 exercebat,
775 867 908 915 Populi
952 876 1073 915 partes
1107 869 1297 916 ampiexus
1329 876 1411 915 est,

308 948 422 984 seque
446 936 577 974 Pericli
602 937 807 984 opposuit3
837 940 1011 983 quocirca
1033 945 1068 974 et
1089 949 1109 974 a
1129 936 1294 976 Comicis
1321 948 1411 985 qua-

308 1006 364 1044 vis
384 1005 578 1044 occasione
590 1007 735 1054 Populo
750 1005 1034 1053 ostendebatur,
1051 1006 1190 1054 utqui,
1204 1006 1306 1045 bello
1315 1015 1410 1045 stre·

308 1087 382 1114 nue
403 1076 564 1125 gerendo
578 1103 591 1122 ‚
605 1076 770 1114 hostiurn
791 1076 863 1114 vim
884 1075 1062 1114 citissime
1085 1077 1332 1124 propulsurus
1353 1087 1412 1114 es-

308 1156 365 1183 set
390 1147 473 1195 (3).
500 1146 600 1184 Idem
624 1145 727 1183 brevi
753 1154 840 1192 post
861 1145 1033 1183 Periclem
1047 1145 1170 1193 ipsum
1193 1146 1407 1193 accusavit3

306 1223 464 1252 testante
491 1216 687 1252 Idomeneo
722 1215 820 1262 apud
856 1215 1091 1252 Plutarchum
1132 1213 1216 1262 (4).
1281 1216 1414 1263 Atque

306 1285 548 1331 Anaxagoras
585 1293 662 1320 non
687 1284 777 1320 adeo
810 1292 1002 1320 accusatus
1028 1292 1105 1329 est,
1145 1285 1317 1330 quoniam
1344 1284 1413 1322 im-

307 1352 452 1401 pietatis
479 1354 623 1399 culpam
653 1363 775 1389 revera
811 1360 1068 1398 contraxerat,
1111 1365 1218 1399 quam
1256 1355 1409 1402 potius,

307 1423 409 1468 quod
445 1421 594 1460 Periclis
636 1421 801 1468 inimici,
830 1422 973 1468 praevia
995 1422 1215 1470 Philosophi
1241 1425 1414 1463 condem·

307 1493 482 1539 natione,
518 1492 612 1529 viam
647 1491 719 1528 sibi
758 1500 938 1529 straturos
975 1503 1056 1529 esse
1087 1493 1311 1540 sperabant,
1340 1506 1412 1542 qua

309 1574 395 1600 mox
429 1562 551 1609 ipsum
585 1560 786 1607 principem
819 1560 856 1597 in
881 1561 1203 1608 republ.·virum,
1234 1573 1310 1600 non
1333 1563 1414 1602 sine

310 1642 511 1678 successu,
538 1632 833 1678 aggrederentur.
865 1630 1067 1678 Impietatis
1089 1643 1201 1680 vero,
1218 1644 1290 1678 qua
1304 1640 1413 1673 accu-‘

308 1701 463 1738 sationis
490 1709 680 1748 praetextu
707 1699 929 1745 utebantur,
960 1700 1151 1748 praecipua
1166 1702 1285 1749 capita
1309 1714 1416 1743 erant

308 1771 422 1808 haec:
475 1770 598 1806 Solem
640 1769 684 1805 ab
724 1771 941 1816 Anaxagora
986 1778 1157 1808 vocatum
1198 1783 1280 1810 esse
1317 1785 1414 1812 rnas·

307 1850 383 1877 sani
414 1838 554 1886 igneam
582 1838 675 1886 (5),
721 1850 879 1885 eumque
914 1838 1048 1876 librum
1085 1841 1306 1889 scripsisse,
1333 1855 1411 1891 quo

1334 1912 1415 1952 Lu-

346 2002 397 2040 (1)
418 2003 509 2030 conf.
527 2003 651 2031 schaub.
679 2003 744 2031 Lib.
767 2005 846 2032 laud.
864 2012 894 2038 p.
915 2013 963 2041 47.
985 2013 1054 2041 sqq.
1076 2020 1113 2028 -—
1133 2007 1267 2037 Addatur
1287 2012 1336 2039 w.
1353 2017 1416 2038 vam

308 2058 483 2088 swinden-n
509 2059 540 2086 in
567 2062 683 2087 (omui.
709 2061 746 2087 de
765 2062 936 2096 Areopago.
961 2070 992 2096 Ρ.
1017 2072 1060 2097 15.

346 2112 400 2150 (2)
420 2114 510 2142 Conf.
533 2115 604 2142 Obs.
628 2115 782 2144 XXVIII.

346 2172 400 2204 (3)
421 2172 499 2199 Plut.
518 2171 546 2198 in
568 2174 634 2200 Per.
657 2179 722 2206 cap.
743 2179 789 2205 33.
809 2171 840 2200 in
859 2172 918 2200 fine
937 2181 968 2208 p.
989 2183 1055 2208 170.
1077 2175 1115 2203 E.

342 2228 396 2263 (4)
417 2228 496 2256 lbid.
517 2236 580 2262 cap.
602 2235 649 2261 35..
669 2227 697 2255 in
717 2228 775 2256 line
800 2238 830 2263 p.
855 2237 916 2262 17¹·
940 2231 976 2258 E.

344 2283 394 2317 (⁵)
419 2283 516 2312 Conff.
535 2283 650 2319 scripit.
670 2284 723 2314 cit„
747 2293 761 2312 a
778 2286 894 2314 Schaub
925 2287 947 2315 k
971 2289 993 2316 1.
1013 2295 1043 2322 p.
1063 2297 1112 2323 49.
