<?xml version="1.0" encoding="UTF-8"?>
<!DOCTYPE html PUBLIC "-//W3C//DTD XHTML 1.0 Transitional//EN"
    "http://www.w3.org/TR/xhtml1/DTD/xhtml1-transitional.dtd">
<html xmlns="http://www.w3.org/1999/xhtml" xml:lang="en" lang="en">
 <head>
  <title>
</title>
<meta http-equiv="Content-Type" content="text/html;charset=utf-8" />
  <meta name='ocr-system' content='tesseract 3.04.00' />
  <meta name='ocr-capabilities' content='ocr_page ocr_carea ocr_par ocr_line ocrx_word'/>
</head>
<body>
  <div class='ocr_page' id='page_1' title='image "annalesacademiae33rhen_0092.png"; bbox 0 0 1507 2876; ppageno 0'>
   <div class='ocr_carea' id='block_1_1' title="bbox 235 203 1049 255">
    <p class='ocr_par' dir='ltr' id='par_1_1' title="bbox 235 203 1049 255">
     <span class='ocr_line' id='line_1_1' title="bbox 235 203 1049 255; baseline 0 -10"><span class='ocrx_word' id='word_1_1' title='bbox 235 221 255 255; x_wconf 78' lang='lat'>4</span> <span class='ocrx_word' id='word_1_2' title='bbox 534 203 1049 246; x_wconf 69' lang='lat' dir='ltr'><strong>PRAEFATIO.</strong></span> 
     </span>
    </p>
   </div>
   <div class='ocr_carea' id='block_1_2' title="bbox 237 313 1419 1891">
    <p class='ocr_par' dir='ltr' id='par_1_2' title="bbox 237 313 1419 1828">
     <span class='ocr_line' id='line_1_2' title="bbox 237 313 1352 366; baseline 0.003 -13"><span class='ocrx_word' id='word_1_3' title='bbox 237 318 390 366; x_wconf 80' lang='lat' dir='ltr'><strong>juvenes</strong></span> <span class='ocrx_word' id='word_1_4' title='bbox 420 315 569 352; x_wconf 85' lang='lat' dir='ltr'>amicae.</span> <span class='ocrx_word' id='word_1_5' title='bbox 628 342 652 360; x_wconf 80' lang='lat'><strong>„</strong></span> <span class='ocrx_word' id='word_1_6' title='bbox 677 313 803 361; x_wconf 82' lang='lat' dir='ltr'><strong>Quid,</strong></span> <span class='ocrx_word' id='word_1_7' title='bbox 835 313 1029 360; x_wconf 86' lang='lat' dir='ltr'><strong>dicebant,</strong></span> <span class='ocrx_word' id='word_1_8' title='bbox 1057 325 1145 354; x_wconf 86' lang='lat' dir='ltr'><strong>num</strong></span> <span class='ocrx_word' id='word_1_9' title='bbox 1174 318 1352 356; x_wconf 86' lang='lat' dir='ltr'><strong>convenit</strong></span> 
     </span>
     <span class='ocr_line' id='line_1_3' title="bbox 247 381 1353 432; baseline 0.003 -11"><span class='ocrx_word' id='word_1_10' title='bbox 247 414 269 432; x_wconf 82' lang='lat'><strong>„</strong></span> <span class='ocrx_word' id='word_1_11' title='bbox 298 386 422 423; x_wconf 85' lang='lat' dir='ltr'><strong>bellari</strong></span> <span class='ocrx_word' id='word_1_12' title='bbox 455 383 645 431; x_wconf 73' lang='lat' dir='ltr'>religionis</span> <span class='ocrx_word' id='word_1_13' title='bbox 673 381 907 420; x_wconf 79' lang='lat' dir='ltr'>Christianae</span> <span class='ocrx_word' id='word_1_14' title='bbox 929 384 1075 423; x_wconf 77' lang='lat' dir='ltr'><strong>indoli?</strong></span> <span class='ocrx_word' id='word_1_15' title='bbox 1110 385 1250 424; x_wconf 88' lang='lat' dir='ltr'>Nonne</span> <span class='ocrx_word' id='word_1_16' title='bbox 1278 398 1353 425; x_wconf 86' lang='lat' dir='ltr'><strong>me-</strong></span> 
     </span>
     <span class='ocr_line' id='line_1_4' title="bbox 246 451 1354 504; baseline 0.003 -13"><span class='ocrx_word' id='word_1_17' title='bbox 246 485 270 502; x_wconf 88' lang='lat'>„</span> <span class='ocrx_word' id='word_1_18' title='bbox 297 455 369 492; x_wconf 77' lang='lat' dir='ltr'><strong>rito</strong></span> <span class='ocrx_word' id='word_1_19' title='bbox 395 463 450 491; x_wconf 88' lang='lat' dir='ltr'><strong>tot</strong></span> <span class='ocrx_word' id='word_1_20' title='bbox 475 462 596 501; x_wconf 85' lang='lat' dir='ltr'><strong>patres</strong></span> <span class='ocrx_word' id='word_1_21' title='bbox 621 451 756 490; x_wconf 81' lang='lat' dir='ltr'><strong>veteris</strong></span> <span class='ocrx_word' id='word_1_22' title='bbox 784 453 957 490; x_wconf 86' lang='lat' dir='ltr'><strong>ecclesiae</strong></span> <span class='ocrx_word' id='word_1_23' title='bbox 980 454 1115 502; x_wconf 81' lang='lat' dir='ltr'><strong>aliique</strong></span> <span class='ocrx_word' id='word_1_24' title='bbox 1139 456 1354 504; x_wconf 82' lang='lat' dir='ltr'><strong>religionem</strong></span> 
     </span>
     <span class='ocr_line' id='line_1_5' title="bbox 245 521 1357 575; baseline 0.002 -13"><span class='ocrx_word' id='word_1_25' title='bbox 245 552 274 571; x_wconf 60' lang='lat' dir='ltr'><strong>u</strong></span> <span class='ocrx_word' id='word_1_26' title='bbox 295 533 457 562; x_wconf 88' lang='lat' dir='ltr'><strong>nostram</strong></span> <span class='ocrx_word' id='word_1_27' title='bbox 498 521 668 559; x_wconf 86' lang='lat' dir='ltr'>laudibus</span> <span class='ocrx_word' id='word_1_28' title='bbox 708 522 956 560; x_wconf 82' lang='lat' dir='ltr'><strong>celebrassent</strong></span> <span class='ocrx_word' id='word_1_29' title='bbox 982 525 1136 563; x_wconf 87' lang='lat' dir='ltr'><strong>summis</strong></span> <span class='ocrx_word' id='word_1_30' title='bbox 1159 553 1171 572; x_wconf 83' lang='lat'><strong>,</strong></span> <span class='ocrx_word' id='word_1_31' title='bbox 1214 526 1357 575; x_wconf 87' lang='lat' dir='ltr'><strong>quippe</strong></span> 
     </span>
     <span class='ocr_line' id='line_1_6' title="bbox 246 592 1357 644; baseline 0.003 -13"><span class='ocrx_word' id='word_1_32' title='bbox 246 622 270 641; x_wconf 83' lang='lat'><strong>„</strong></span> <span class='ocrx_word' id='word_1_33' title='bbox 295 595 393 631; x_wconf 88' lang='lat' dir='ltr'><strong>bello</strong></span> <span class='ocrx_word' id='word_1_34' title='bbox 436 592 744 638; x_wconf 84' lang='lat' dir='ltr'><strong>interdicentem,</strong></span> <span class='ocrx_word' id='word_1_35' title='bbox 783 603 828 629; x_wconf 91' lang='lat' dir='ltr'><strong>an</strong></span> <span class='ocrx_word' id='word_1_36' title='bbox 865 604 942 630; x_wconf 89' lang='lat' dir='ltr'><strong>non</strong></span> <span class='ocrx_word' id='word_1_37' title='bbox 974 594 1147 642; x_wconf 77' lang='lat' dir='ltr'><strong>injustius</strong></span> <span class='ocrx_word' id='word_1_38' title='bbox 1178 595 1357 644; x_wconf 86' lang='lat' dir='ltr'><strong>plurimi,</strong></span> 
     </span>
     <span class='ocr_line' id='line_1_7' title="bbox 246 659 1357 712; baseline 0.003 -13"><span class='ocrx_word' id='word_1_39' title='bbox 246 692 268 710; x_wconf 82' lang='lat'><strong>‚‚</strong></span> <span class='ocrx_word' id='word_1_40' title='bbox 296 663 360 709; x_wconf 85' lang='lat' dir='ltr'><strong>qui</strong></span> <span class='ocrx_word' id='word_1_41' title='bbox 408 659 627 708; x_wconf 81' lang='lat' dir='ltr'><strong>philosophi</strong></span> <span class='ocrx_word' id='word_1_42' title='bbox 680 672 762 697; x_wconf 80' lang='lat' dir='ltr'><strong>esse</strong></span> <span class='ocrx_word' id='word_1_43' title='bbox 802 660 1009 708; x_wconf 86' lang='lat' dir='ltr'><strong>gloriantur</strong></span> <span class='ocrx_word' id='word_1_44' title='bbox 1045 663 1113 712; x_wconf 82' lang='lat'><strong>(1)</strong></span> <span class='ocrx_word' id='word_1_45' title='bbox 1159 675 1264 711; x_wconf 81' lang='lat' dir='ltr'><strong>eam,</strong></span> <span class='ocrx_word' id='word_1_46' title='bbox 1313 675 1357 702; x_wconf 86' lang='lat' dir='ltr'><strong>ac</strong></span> 
     </span>
     <span class='ocr_line' id='line_1_8' title="bbox 247 727 1359 781; baseline 0.004 -13"><span class='ocrx_word' id='word_1_47' title='bbox 247 761 270 778; x_wconf 82' lang='lat'><strong>,.,</strong></span> <span class='ocrx_word' id='word_1_48' title='bbox 296 732 327 769; x_wconf 87' lang='lat' dir='ltr'><strong>si</strong></span> <span class='ocrx_word' id='word_1_49' title='bbox 349 741 425 768; x_wconf 88' lang='lat' dir='ltr'><strong>rem</strong></span> <span class='ocrx_word' id='word_1_50' title='bbox 449 732 653 768; x_wconf 83' lang='lat' dir='ltr'><strong>detestetur</strong></span> <span class='ocrx_word' id='word_1_51' title='bbox 692 727 916 779; x_wconf 75' lang='lat' dir='ltr'><strong>militarem,</strong></span> <span class='ocrx_word' id='word_1_52' title='bbox 954 733 1225 781; x_wconf 86' lang='lat' dir='ltr'><strong>repudiassent.</strong></span> <span class='ocrx_word' id='word_1_53' title='bbox 1240 734 1267 752; x_wconf 91' lang='lat'><strong>&#39;’</strong></span> <span class='ocrx_word' id='word_1_54' title='bbox 1302 756 1359 765; x_wconf 89' lang='lat'><em>-</em></span> 
     </span>
     <span class='ocr_line' id='line_1_9' title="bbox 242 801 1362 851; baseline 0.003 -11"><span class='ocrx_word' id='word_1_55' title='bbox 242 801 318 840; x_wconf 86' lang='lat' dir='ltr'><strong>Alii</strong></span> <span class='ocrx_word' id='word_1_56' title='bbox 363 812 476 838; x_wconf 86' lang='lat' dir='ltr'><strong>vero:</strong></span> <span class='ocrx_word' id='word_1_57' title='bbox 529 828 554 848; x_wconf 87' lang='lat'><strong>„</strong></span> <span class='ocrx_word' id='word_1_58' title='bbox 594 802 660 847; x_wconf 79' lang='lat' dir='ltr'><strong>qui</strong></span> <span class='ocrx_word' id='word_1_59' title='bbox 705 801 828 839; x_wconf 87' lang='lat' dir='ltr'><strong>divina</strong></span> <span class='ocrx_word' id='word_1_60' title='bbox 878 811 1010 849; x_wconf 87' lang='lat' dir='ltr'><strong>posset</strong></span> <span class='ocrx_word' id='word_1_61' title='bbox 1066 804 1209 841; x_wconf 86' lang='lat' dir='ltr'><strong>censeri</strong></span> <span class='ocrx_word' id='word_1_62' title='bbox 1265 815 1362 851; x_wconf 85' lang='lat' dir='ltr'><strong>quae</strong></span> 
     </span>
     <span class='ocr_line' id='line_1_10' title="bbox 247 870 1358 920; baseline 0.003 -11"><span class='ocrx_word' id='word_1_63' title='bbox 247 902 269 919; x_wconf 86' lang='lat'>„</span> <span class='ocrx_word' id='word_1_64' title='bbox 297 870 428 920; x_wconf 86' lang='lat' dir='ltr'><strong>religio</strong></span> <span class='ocrx_word' id='word_1_65' title='bbox 481 870 645 909; x_wconf 85' lang='lat' dir='ltr'><strong>civitatis</strong></span> <span class='ocrx_word' id='word_1_66' title='bbox 697 871 912 919; x_wconf 89' lang='lat' dir='ltr'><strong>civiumque</strong></span> <span class='ocrx_word' id='word_1_67' title='bbox 963 872 1200 920; x_wconf 86' lang='lat' dir='ltr'><strong>singulorum</strong></span> <span class='ocrx_word' id='word_1_68' title='bbox 1248 874 1358 912; x_wconf 86' lang='lat' dir='ltr'><strong>saluti</strong></span> 
     </span>
     <span class='ocr_line' id='line_1_11' title="bbox 247 941 1361 989; baseline 0.002 -9"><span class='ocrx_word' id='word_1_69' title='bbox 247 971 270 988; x_wconf 85' lang='lat'><strong>„</strong></span> <span class='ocrx_word' id='word_1_70' title='bbox 297 941 592 980; x_wconf 73' lang='lat' dir='ltr'><strong>adversetur?”</strong></span> <span class='ocrx_word' id='word_1_71' title='bbox 653 941 707 979; x_wconf 81' lang='lat' dir='ltr'><strong>Ita</strong></span> <span class='ocrx_word' id='word_1_72' title='bbox 757 941 1002 989; x_wconf 85' lang='lat' dir='ltr'><strong>disputatum.</strong></span> <span class='ocrx_word' id='word_1_73' title='bbox 1075 941 1244 981; x_wconf 85' lang='lat' dir='ltr'><strong>Tandem</strong></span> <span class='ocrx_word' id='word_1_74' title='bbox 1296 955 1361 982; x_wconf 89' lang='lat' dir='ltr'><strong>ve-</strong></span> 
     </span>
     <span class='ocr_line' id='line_1_12' title="bbox 244 1011 1363 1061; baseline 0.002 -12"><span class='ocrx_word' id='word_1_75' title='bbox 244 1024 286 1049; x_wconf 84' lang='lat' dir='ltr'><strong>ro</strong></span> <span class='ocrx_word' id='word_1_76' title='bbox 324 1011 600 1061; x_wconf 80' lang='lat' dir='ltr'><strong>intelligentes,</strong></span> <span class='ocrx_word' id='word_1_77' title='bbox 650 1011 866 1060; x_wconf 79' lang='lat' dir='ltr'><strong>religionem</strong></span> <span class='ocrx_word' id='word_1_78' title='bbox 910 1011 1160 1050; x_wconf 85' lang='lat' dir='ltr'><strong>Christianam</strong></span> <span class='ocrx_word' id='word_1_79' title='bbox 1212 1012 1363 1051; x_wconf 87' lang='lat' dir='ltr'><strong>minime</strong></span> 
     </span>
     <span class='ocr_line' id='line_1_13' title="bbox 247 1081 1362 1130; baseline 0.001 -10"><span class='ocrx_word' id='word_1_80' title='bbox 247 1092 409 1130; x_wconf 83' lang='lat' dir='ltr'><strong>spectare</strong></span> <span class='ocrx_word' id='word_1_81' title='bbox 439 1093 579 1130; x_wconf 87' lang='lat' dir='ltr'><strong>posse,</strong></span> <span class='ocrx_word' id='word_1_82' title='bbox 619 1090 661 1118; x_wconf 85' lang='lat' dir='ltr'><strong>ut</strong></span> <span class='ocrx_word' id='word_1_83' title='bbox 698 1081 859 1120; x_wconf 89' lang='lat' dir='ltr'><strong>civitatis</strong></span> <span class='ocrx_word' id='word_1_84' title='bbox 899 1083 997 1120; x_wconf 88' lang='lat' dir='ltr'><strong>salus</strong></span> <span class='ocrx_word' id='word_1_85' title='bbox 1034 1091 1182 1130; x_wconf 88' lang='lat' dir='ltr'><strong>pereat,</strong></span> <span class='ocrx_word' id='word_1_86' title='bbox 1231 1092 1267 1121; x_wconf 88' lang='lat' dir='ltr'><strong>et</strong></span> <span class='ocrx_word' id='word_1_87' title='bbox 1305 1083 1362 1121; x_wconf 85' lang='lat' dir='ltr'><strong>ni·</strong></span> 
     </span>
     <span class='ocr_line' id='line_1_14' title="bbox 243 1150 1362 1200; baseline 0 -10"><span class='ocrx_word' id='word_1_88' title='bbox 243 1154 274 1190; x_wconf 76' lang='lat' dir='ltr'><strong>si</strong></span> <span class='ocrx_word' id='word_1_89' title='bbox 308 1153 377 1190; x_wconf 83' lang='lat' dir='ltr'><strong>hoc</strong></span> <span class='ocrx_word' id='word_1_90' title='bbox 412 1161 580 1199; x_wconf 88' lang='lat' dir='ltr'><strong>tempore</strong></span> <span class='ocrx_word' id='word_1_91' title='bbox 615 1150 752 1188; x_wconf 88' lang='lat' dir='ltr'><strong>bellum</strong></span> <span class='ocrx_word' id='word_1_92' title='bbox 793 1160 1006 1200; x_wconf 84' lang='lat' dir='ltr'><strong>gereretur,</strong></span> <span class='ocrx_word' id='word_1_93' title='bbox 1054 1163 1131 1189; x_wconf 91' lang='lat' dir='ltr'><strong>non</strong></span> <span class='ocrx_word' id='word_1_94' title='bbox 1159 1154 1270 1200; x_wconf 87' lang='lat' dir='ltr'><strong>longe</strong></span> <span class='ocrx_word' id='word_1_95' title='bbox 1297 1153 1362 1191; x_wconf 86' lang='lat' dir='ltr'><strong>ab·</strong></span> 
     </span>
     <span class='ocr_line' id='line_1_15' title="bbox 243 1220 1363 1269; baseline 0 -9"><span class='ocrx_word' id='word_1_96' title='bbox 243 1222 349 1268; x_wconf 74' lang='lat' dir='ltr'><strong>fore,</strong></span> <span class='ocrx_word' id='word_1_97' title='bbox 404 1229 445 1258; x_wconf 86' lang='lat' dir='ltr'><strong>ut</strong></span> <span class='ocrx_word' id='word_1_98' title='bbox 478 1220 609 1259; x_wconf 84' lang='lat' dir='ltr'><strong>civitas</strong></span> <span class='ocrx_word' id='word_1_99' title='bbox 646 1221 807 1269; x_wconf 87' lang='lat' dir='ltr'><strong>periret,</strong></span> <span class='ocrx_word' id='word_1_100' title='bbox 871 1233 969 1259; x_wconf 85' lang='lat' dir='ltr'><strong>arma</strong></span> <span class='ocrx_word' id='word_1_101' title='bbox 1000 1221 1226 1260; x_wconf 89' lang='lat' dir='ltr'><strong>Christianis</strong></span> <span class='ocrx_word' id='word_1_102' title='bbox 1261 1222 1363 1260; x_wconf 89' lang='lat' dir='ltr'><strong>haud</strong></span> 
     </span>
     <span class='ocr_line' id='line_1_16' title="bbox 244 1291 1362 1340; baseline 0.003 -12"><span class='ocrx_word' id='word_1_103' title='bbox 244 1291 441 1329; x_wconf 78' lang='lat' dir='ltr'><strong>recusanda</strong></span> <span class='ocrx_word' id='word_1_104' title='bbox 474 1299 680 1339; x_wconf 67' lang='lat' dir='ltr'><strong>putaruntg,</strong></span> <span class='ocrx_word' id='word_1_105' title='bbox 722 1291 837 1328; x_wconf 88' lang='lat' dir='ltr'><strong>immo</strong></span> <span class='ocrx_word' id='word_1_106' title='bbox 870 1291 973 1328; x_wconf 89' lang='lat' dir='ltr'><strong>ducti</strong></span> <span class='ocrx_word' id='word_1_107' title='bbox 1000 1303 1123 1329; x_wconf 88' lang='lat' dir='ltr'><strong>amore</strong></span> <span class='ocrx_word' id='word_1_108' title='bbox 1160 1292 1362 1340; x_wconf 86' lang='lat' dir='ltr'><strong>animoque</strong></span> 
     </span>
     <span class='ocr_line' id='line_1_17' title="bbox 243 1359 1362 1410; baseline 0.002 -12"><span class='ocrx_word' id='word_1_109' title='bbox 243 1369 346 1407; x_wconf 71' lang='lat' dir='ltr'><strong>grato</strong></span> <span class='ocrx_word' id='word_1_110' title='bbox 377 1371 459 1408; x_wconf 79' lang='lat' dir='ltr'><strong>erga</strong></span> <span class='ocrx_word' id='word_1_111' title='bbox 495 1359 675 1408; x_wconf 85' lang='lat' dir='ltr'><strong>patriam,</strong></span> <span class='ocrx_word' id='word_1_112' title='bbox 703 1360 764 1397; x_wconf 84' lang='lat' dir='ltr'><strong>cui</strong></span> <span class='ocrx_word' id='word_1_113' title='bbox 799 1370 998 1408; x_wconf 87' lang='lat' dir='ltr'><strong>parentes,</strong></span> <span class='ocrx_word' id='word_1_114' title='bbox 1026 1369 1236 1410; x_wconf 85' lang='lat' dir='ltr'><strong>cognatos,</strong></span> <span class='ocrx_word' id='word_1_115' title='bbox 1270 1363 1362 1400; x_wconf 88' lang='lat' dir='ltr'><strong>ami-</strong></span> 
     </span>
     <span class='ocr_line' id='line_1_18' title="bbox 240 1429 1360 1480; baseline 0.002 -13"><span class='ocrx_word' id='word_1_116' title='bbox 240 1442 331 1477; x_wconf 83' lang='lat' dir='ltr'><strong>cos,</strong></span> <span class='ocrx_word' id='word_1_117' title='bbox 358 1429 610 1467; x_wconf 82' lang='lat' dir='ltr'><strong>educationem</strong></span> <span class='ocrx_word' id='word_1_118' title='bbox 630 1459 643 1477; x_wconf 90' lang='lat'><strong>,</strong></span> <span class='ocrx_word' id='word_1_119' title='bbox 672 1430 889 1468; x_wconf 84' lang='lat' dir='ltr'><strong>academiam</strong></span> <span class='ocrx_word' id='word_1_120' title='bbox 908 1458 921 1475; x_wconf 89' lang='lat'><strong>,</strong></span> <span class='ocrx_word' id='word_1_121' title='bbox 949 1431 1147 1478; x_wconf 86' lang='lat' dir='ltr'><strong>magistros</strong></span> <span class='ocrx_word' id='word_1_122' title='bbox 1182 1440 1217 1469; x_wconf 89' lang='lat' dir='ltr'><strong>et</strong></span> <span class='ocrx_word' id='word_1_123' title='bbox 1249 1443 1360 1480; x_wconf 85' lang='lat' dir='ltr'><strong>quam</strong></span> 
     </span>
     <span class='ocr_line' id='line_1_19' title="bbox 243 1499 1358 1549; baseline 0.001 -11"><span class='ocrx_word' id='word_1_124' title='bbox 243 1500 397 1547; x_wconf 78' lang='lat' dir='ltr'><strong>plurima</strong></span> <span class='ocrx_word' id='word_1_125' title='bbox 422 1500 743 1542; x_wconf 81' lang='lat' dir='ltr'><strong>debueranr,tum</strong></span> <span class='ocrx_word' id='word_1_126' title='bbox 768 1499 844 1546; x_wconf 80' lang='lat' dir='ltr'><strong>illi,</strong></span> <span class='ocrx_word' id='word_1_127' title='bbox 863 1509 975 1547; x_wconf 86' lang='lat' dir='ltr'><strong>atque</strong></span> <span class='ocrx_word' id='word_1_128' title='bbox 989 1512 1083 1549; x_wconf 85' lang='lat' dir='ltr'><strong>eg0,</strong></span> <span class='ocrx_word' id='word_1_129' title='bbox 1110 1501 1245 1548; x_wconf 85' lang='lat' dir='ltr'><strong>cupide</strong></span> <span class='ocrx_word' id='word_1_130' title='bbox 1262 1513 1358 1539; x_wconf 84' lang='lat' dir='ltr'><strong>arma</strong></span> 
     </span>
     <span class='ocr_line' id='line_1_20' title="bbox 243 1556 1419 1619; baseline 0.004 -13"><span class='ocrx_word' id='word_1_131' title='bbox 243 1569 424 1616; x_wconf 75' lang='lat' dir='ltr'><strong>cepimus.</strong></span> <span class='ocrx_word' id='word_1_132' title='bbox 453 1592 504 1599; x_wconf 92' lang='lat'><strong>—-</strong></span> <span class='ocrx_word' id='word_1_133' title='bbox 531 1568 630 1608; x_wconf 85' lang='lat' dir='ltr'><strong>Hinc</strong></span> <span class='ocrx_word' id='word_1_134' title='bbox 647 1569 786 1616; x_wconf 86' lang='lat' dir='ltr'><strong>igitur,</strong></span> <span class='ocrx_word' id='word_1_135' title='bbox 811 1570 1006 1608; x_wconf 82' lang='lat' dir='ltr'><strong>clarissimi</strong></span> <span class='ocrx_word' id='word_1_136' title='bbox 1029 1556 1121 1618; x_wconf 80' lang='lat' dir='ltr'><strong>viri,</strong></span> <span class='ocrx_word' id='word_1_137' title='bbox 1143 1572 1360 1619; x_wconf 81' lang='lat' dir='ltr'><strong>quaestione</strong></span> <span class='ocrx_word' id='word_1_138' title='bbox 1417 1578 1419 1580; x_wconf 82' lang='lat'>&#39;</span> 
     </span>
     <span class='ocr_line' id='line_1_21' title="bbox 244 1639 1362 1692; baseline 0.004 -17"><span class='ocrx_word' id='word_1_139' title='bbox 244 1640 436 1688; x_wconf 74' lang='lat' dir='ltr'><strong>proposita</strong></span> <span class='ocrx_word' id='word_1_140' title='bbox 472 1639 623 1685; x_wconf 64' lang='lat' dir='ltr'><strong>gavisus</strong></span> <span class='ocrx_word' id='word_1_141' title='bbox 650 1651 731 1678; x_wconf 81' lang='lat' dir='ltr'><strong>snm</strong></span> <span class='ocrx_word' id='word_1_142' title='bbox 758 1649 794 1676; x_wconf 84' lang='lat' dir='ltr'><strong>et</strong></span> <span class='ocrx_word' id='word_1_143' title='bbox 824 1651 951 1688; x_wconf 72' lang='lat' dir='ltr'><strong>magna</strong></span> <span class='ocrx_word' id='word_1_144' title='bbox 983 1652 1067 1677; x_wconf 86' lang='lat' dir='ltr'><strong>cum</strong></span> <span class='ocrx_word' id='word_1_145' title='bbox 1091 1641 1202 1678; x_wconf 86' lang='lat' dir='ltr'><strong>animi</strong></span> <span class='ocrx_word' id='word_1_146' title='bbox 1226 1643 1362 1692; x_wconf 88' lang='lat' dir='ltr'><strong>volup-</strong></span> 
     </span>
     <span class='ocr_line' id='line_1_22' title="bbox 243 1710 1361 1757; baseline 0.004 -12"><span class='ocrx_word' id='word_1_147' title='bbox 243 1719 314 1746; x_wconf 73' lang='lat' dir='ltr'><strong>tate</strong></span> <span class='ocrx_word' id='word_1_148' title='bbox 351 1710 386 1746; x_wconf 87' lang='lat' dir='ltr'><strong>in</strong></span> <span class='ocrx_word' id='word_1_149' title='bbox 423 1722 462 1746; x_wconf 80' lang='lat' dir='ltr'><strong>ea</strong></span> <span class='ocrx_word' id='word_1_150' title='bbox 497 1711 684 1748; x_wconf 77' lang='lat' dir='ltr'><strong>tractanda</strong></span> <span class='ocrx_word' id='word_1_151' title='bbox 722 1719 916 1757; x_wconf 72' lang='lat' dir='ltr'><strong>versatus,</strong></span> <span class='ocrx_word' id='word_1_152' title='bbox 964 1710 1015 1747; x_wconf 88' lang='lat' dir='ltr'><strong>ita</strong></span> <span class='ocrx_word' id='word_1_153' title='bbox 1051 1720 1086 1748; x_wconf 89' lang='lat' dir='ltr'><strong>et</strong></span> <span class='ocrx_word' id='word_1_154' title='bbox 1129 1712 1217 1748; x_wconf 83' lang='lat' dir='ltr'><strong>haec</strong></span> <span class='ocrx_word' id='word_1_155' title='bbox 1256 1723 1361 1750; x_wconf 91' lang='lat' dir='ltr'><strong>com·</strong></span> 
     </span>
     <span class='ocr_line' id='line_1_23' title="bbox 246 1780 1361 1828; baseline 0.005 -12"><span class='ocrx_word' id='word_1_156' title='bbox 246 1780 420 1816; x_wconf 59' lang='lat' dir='ltr'><strong>menta-:zio</strong></span> <span class='ocrx_word' id='word_1_157' title='bbox 449 1790 575 1824; x_wconf 64' lang='lat' dir='ltr'><strong>cnara,</strong></span> <span class='ocrx_word' id='word_1_158' title='bbox 619 1791 726 1826; x_wconf 79' lang='lat' dir='ltr'><strong>qnam</strong></span> <span class='ocrx_word' id='word_1_159' title='bbox 761 1780 950 1828; x_wconf 82' lang='lat' dir='ltr'><strong>accipiatis</strong></span> <span class='ocrx_word' id='word_1_160' title='bbox 982 1792 1067 1819; x_wconf 82' lang='lat' dir='ltr'><strong>cum</strong></span> <span class='ocrx_word' id='word_1_161' title='bbox 1102 1781 1361 1822; x_wconf 84' lang='lat' dir='ltr'><strong>benevolentia</strong></span> 
     </span>
    </p>

    <p class='ocr_par' dir='ltr' id='par_1_3' title="bbox 1302 1864 1360 1891">
     <span class='ocr_line' id='line_1_24' title="bbox 1302 1864 1360 1891; baseline 0.017 -1"><span class='ocrx_word' id='word_1_162' title='bbox 1302 1864 1360 1891; x_wconf 88' lang='lat' dir='ltr'><strong>m-</strong></span> 
     </span>
    </p>
   </div>
   <div class='ocr_carea' id='block_1_3' title="bbox 240 1987 1360 2251">
    <p class='ocr_par' dir='ltr' id='par_1_4' title="bbox 240 1987 1360 2251">
     <span class='ocr_line' id='line_1_25' title="bbox 286 1987 1360 2026; baseline 0.004 -12"><span class='ocrx_word' id='word_1_163' title='bbox 286 1990 337 2026; x_wconf 77' lang='lat'><strong>(1)</strong></span> <span class='ocrx_word' id='word_1_164' title='bbox 359 1988 471 2024; x_wconf 72' lang='lat' dir='ltr'><strong>Quales</strong></span> <span class='ocrx_word' id='word_1_165' title='bbox 497 1989 620 2015; x_wconf 77' lang='lat' dir='ltr'><strong>suerunt</strong></span> <span class='ocrx_word' id='word_1_166' title='bbox 649 1987 780 2021; x_wconf 63' lang='lat' dir='ltr'><strong>Tin-dal,</strong></span> <span class='ocrx_word' id='word_1_167' title='bbox 811 1988 946 2022; x_wconf 67' lang='lat' dir='ltr'><strong>Tamna,</strong></span> <span class='ocrx_word' id='word_1_168' title='bbox 976 1989 1248 2025; x_wconf 73' lang='lat' dir='ltr'><strong>Collr&#39;n,Wiston,</strong></span> <span class='ocrx_word' id='word_1_169' title='bbox 1268 1991 1360 2026; x_wconf 78' lang='lat' dir='ltr'><em>Shaf-</em></span> 
     </span>
     <span class='ocr_line' id='line_1_26' title="bbox 243 2043 1356 2080; baseline 0.004 -10"><span class='ocrx_word' id='word_1_170' title='bbox 243 2045 387 2078; x_wconf 56' lang='grc' dir='ltr'><strong>κώπη-3,</strong></span> <span class='ocrx_word' id='word_1_171' title='bbox 422 2043 623 2075; x_wconf 69' lang='lat' dir='ltr'><strong>Trana-hard,</strong></span> <span class='ocrx_word' id='word_1_172' title='bbox 657 2045 773 2078; x_wconf 78' lang='lat' dir='ltr'><strong>Bayle,</strong></span> <span class='ocrx_word' id='word_1_173' title='bbox 812 2045 974 2078; x_wconf 75' lang='lat' dir='ltr'><strong>Voltaire,</strong></span> <span class='ocrx_word' id='word_1_174' title='bbox 1013 2045 1192 2080; x_wconf 81' lang='lat' dir='ltr'><strong>Rousseau,</strong></span> <span class='ocrx_word' id='word_1_175' title='bbox 1219 2046 1356 2074; x_wconf 73' lang='lat' dir='ltr'><strong>Dr’derot</strong></span> 
     </span>
     <span class='ocr_line' id='line_1_27' title="bbox 240 2100 1356 2141; baseline 0.003 -13"><span class='ocrx_word' id='word_1_176' title='bbox 240 2102 365 2136; x_wconf 72' lang='lat' dir='ltr'><strong>aliique.</strong></span> <span class='ocrx_word' id='word_1_177' title='bbox 407 2101 539 2141; x_wconf 54' lang='lat' dir='ltr'><strong>Quoi-um</strong></span> <span class='ocrx_word' id='word_1_178' title='bbox 579 2109 687 2135; x_wconf 53' lang='grc' dir='ltr'><strong>εστ-ραι</strong></span> <span class='ocrx_word' id='word_1_179' title='bbox 723 2100 1004 2130; x_wconf 73' lang='lat' dir='ltr'><strong>citaviz&#39;Petrus</strong></span> <span class='ocrx_word' id='word_1_180' title='bbox 1033 2102 1206 2137; x_wconf 81' lang='lat' dir='ltr'><strong>Verstap</strong></span> <span class='ocrx_word' id='word_1_181' title='bbox 1231 2102 1262 2130; x_wconf 90' lang='lat' dir='ltr'><strong>in</strong></span> <span class='ocrx_word' id='word_1_182' title='bbox 1285 2103 1356 2132; x_wconf 87' lang='lat' dir='ltr'><strong>Dis-</strong></span> 
     </span>
     <span class='ocr_line' id='line_1_28' title="bbox 242 2149 1357 2196; baseline 0.002 -12"><span class='ocrx_word' id='word_1_183' title='bbox 242 2166 308 2193; x_wconf 69' lang='grc' dir='ltr'><strong>μυί.</strong></span> <span class='ocrx_word' id='word_1_184' title='bbox 333 2159 463 2185; x_wconf 78' lang='lat' dir='ltr'><strong>Nullum</strong></span> <span class='ocrx_word' id='word_1_185' title='bbox 490 2159 521 2182; x_wconf 77' lang='lat' dir='ltr'><strong>in</strong></span> <span class='ocrx_word' id='word_1_186' title='bbox 547 2157 661 2184; x_wconf 74' lang='lat' dir='ltr'><strong>Etlzr&#39;ca</strong></span> <span class='ocrx_word' id='word_1_187' title='bbox 692 2158 875 2184; x_wconf 67' lang='lat' dir='ltr'><strong>Christiana</strong></span> <span class='ocrx_word' id='word_1_188' title='bbox 895 2165 1095 2193; x_wconf 76' lang='lat' dir='ltr'><strong>praeceptum</strong></span> <span class='ocrx_word' id='word_1_189' title='bbox 1120 2168 1205 2194; x_wconf 75' lang='lat' dir='ltr'><strong>esse,</strong></span> <span class='ocrx_word' id='word_1_190' title='bbox 1241 2149 1298 2196; x_wconf 59' lang='lat' dir='ltr'><strong>quo</strong></span> <span class='ocrx_word' id='word_1_191' title='bbox 1325 2167 1357 2188; x_wconf 75' lang='lat' dir='ltr'><strong>ee</strong></span> 
     </span>
     <span class='ocr_line' id='line_1_29' title="bbox 241 2203 1359 2251; baseline 0 -9"><span class='ocrx_word' id='word_1_192' title='bbox 241 2216 378 2250; x_wconf 70' lang='lat' dir='ltr'><strong>tinguli,</strong></span> <span class='ocrx_word' id='word_1_193' title='bbox 406 2203 496 2247; x_wconf 54' lang='lat' dir='ltr'><strong>r&#39;eliq.</strong></span> <span class='ocrx_word' id='word_1_194' title='bbox 520 2229 564 2233; x_wconf 91' lang='lat'><strong>—-</strong></span> <span class='ocrx_word' id='word_1_195' title='bbox 583 2214 653 2241; x_wconf 64' lang='lat' dir='ltr'><strong>Via.</strong></span> <span class='ocrx_word' id='word_1_196' title='bbox 683 2222 755 2247; x_wconf 62' lang='lat' dir='ltr'><strong>opp.</strong></span> <span class='ocrx_word' id='word_1_197' title='bbox 787 2223 802 2242; x_wconf 76' lang='lat' dir='ltr'><strong>n</strong></span> <span class='ocrx_word' id='word_1_198' title='bbox 837 2214 1027 2242; x_wconf 74' lang='lat' dir='ltr'><strong>curatoribus</strong></span> <span class='ocrx_word' id='word_1_199' title='bbox 1058 2214 1174 2250; x_wconf 72' lang='lat' dir='ltr'><strong>Legati</strong></span> <span class='ocrx_word' id='word_1_200' title='bbox 1200 2216 1359 2251; x_wconf 65' lang='lat' dir='ltr'><strong>scalpta-2·</strong></span> 
     </span>
    </p>
   </div>
   <div class='ocr_carea' id='block_1_4' title="bbox 242 2271 1290 2312">
    <p class='ocr_par' dir='ltr' id='par_1_5' title="bbox 242 2271 1290 2312">
     <span class='ocr_line' id='line_1_30' title="bbox 242 2271 1290 2312; baseline -0.001 -11"><span class='ocrx_word' id='word_1_201' title='bbox 242 2273 322 2301; x_wconf 73' lang='lat' dir='ltr'><strong>edita</strong></span> <span class='ocrx_word' id='word_1_202' title='bbox 347 2272 380 2299; x_wconf 72' lang='lat' dir='ltr'><strong>de</strong></span> <span class='ocrx_word' id='word_1_203' title='bbox 407 2279 517 2312; x_wconf 56' lang='lat' dir='ltr'><strong>myrum</strong></span> <span class='ocrx_word' id='word_1_204' title='bbox 544 2271 686 2297; x_wconf 66' lang='lat' dir='ltr'><strong>doctriua</strong></span> <span class='ocrx_word' id='word_1_205' title='bbox 716 2271 919 2305; x_wconf 67' lang='lat' dir='ltr'><strong>Cierium-a,</strong></span> <span class='ocrx_word' id='word_1_206' title='bbox 943 2271 980 2299; x_wconf 75' lang='grc' dir='ltr'><strong>Τ.</strong></span> <span class='ocrx_word' id='word_1_207' title='bbox 1003 2271 1058 2299; x_wconf 75' lang='lat' dir='ltr'><strong>lv,</strong></span> <span class='ocrx_word' id='word_1_208' title='bbox 1080 2279 1112 2306; x_wconf 79' lang='lat' dir='ltr'><strong>p.</strong></span> <span class='ocrx_word' id='word_1_209' title='bbox 1136 2274 1183 2309; x_wconf 85' lang='lat'><strong>96.</strong></span> <span class='ocrx_word' id='word_1_210' title='bbox 1203 2279 1290 2307; x_wconf 76' lang='lat' dir='ltr'><strong>seqq.</strong></span> 
     </span>
    </p>
   </div>
  </div>
 </body>
</html>
