1502 2767
206 171 277 207 103
413 166 1076 210 COMMENTATIO

197 275 356 326 damno,
374 276 549 315 auxilium
576 279 782 325 praestandi
807 279 969 318 studium
985 280 1152 319 alendum
1167 280 1307 331 (μὴ),

199 344 287 383 iram
312 354 349 384 et
382 346 564 385 vindictae
591 348 830 396 cupiditatem
863 350 1190 399 compescendam3
1230 350 1310 389 cui-

197 415 286 463 vis,
314 426 422 464 quem
445 416 579 455 liostili
622 429 707 467 erga
746 429 817 456 nos
855 420 977 458 animo
1019 419 1191 458 affectum
1226 431 1310 459 esse

195 485 400 532 novimus,
438 486 532 525 bene
563 487 786 536 cupiendum
824 490 981 540 ejusque
1023 490 1132 528 saluti
1174 500 1312 529 consu-

194 556 373 604 lendum
413 556 575 604 denique
604 557 662 596 fac
693 559 821 606 (quod
854 569 976 598 tamen
1011 560 1108 598 sumi
1154 560 1309 609 nequit)

191 622 316 672 Jesum
357 624 595 663 Christianos
634 627 718 676 jura
755 639 821 665 sua
859 626 1057 666 defendere
1091 638 1127 667 et
1162 629 1236 667 vim
1270 630 1309 667 vi

195 695 371 742 repellere
409 696 600 742 vetuisse,
637 707 715 733 non
739 706 859 734 tamen
892 698 975 735 inde
1006 691 1206 746 sequitur,
1234 698 1313 737 bel·

194 766 271 802 lum
309 775 434 813 gerere
461 765 559 803 haud
588 765 727 803 licitum
765 778 875 815 esse3
913 767 1023 816 Jesus
1047 767 1141 805 enim
1169 767 1229 806 hic
1264 768 1311 806 de

198 833 340 882 privata
369 842 514 872 tantum
546 835 678 885 inJuria
706 837 903 884 loquitur,
945 849 1060 885 quum
1095 838 1307 887 principum

198 912 235 940 et
258 903 394 942 civium
424 904 487 942 tali
514 905 553 942 in
578 916 667 943 casu
707 906 776 943 alia
811 906 861 944 sit
897 910 1020 954 ratio,
1049 919 1158 956 quam
1193 908 1313 946 homi·

199 984 289 1012 num
317 974 545 1022 privatorum
564 1004 576 1022 ‚
604 987 698 1021 nec,
729 977 842 1025 quod.
862 976 1021 1025 singulis
1052 978 1308 1027 praecipitur,

198 1044 293 1082 idem
323 1044 475 1093 populis
502 1045 645 1094 inJ'ungi
675 1057 816 1094 posse,
850 1047 974 1094 quivis
1000 1048 1214 1096 perspiciat.

252 1114 342 1151 Duo
366 1122 506 1151 restant
523 1115 603 1152 loca
619 1143 631 1162 ‚
659 1115 770 1153 nobis
796 1116 1080 1156 consideranda.

253 1184 379 1232 Quum
414 1184 528 1234 Jesus
560 1184 598 1222 in
623 1186 734 1223 horto
766 1186 1088 1225 Gethsemanitico
1110 1199 1130 1225 a
1147 1187 1314 1226 satelliti-

202 1254 276 1292 bus
301 1261 518 1301 caperetur,
547 1255 677 1292 Petrus
702 1256 771 1305 (1)
806 1267 874 1303 pro
897 1255 1097 1294 fervidiore
1119 1257 1231 1294 animi
1256 1258 1312 1295 in-

201 1324 314 1370 dole,
342 1323 463 1372 gladio
480 1350 493 1369 ‚
534 1335 610 1370 quo
638 1325 852 1372 magistrum
888 1325 1122 1373 defenderet,
1150 1327 1310 1376 stricto,

202 1393 357 1431 Malcho
380 1404 502 1430 aurem
523 1393 706 1430 abstulit:
738 1394 902 1442 (Matth.
929 1396 1071 1436 XXVI.
1103 1409 1169 1445 47-
1195 1400 1311 1446 sqq.)

201 1463 311 1502 Petro
339 1462 513 1502 Servator
539 1461 656 1500 dixit:
688 1465 912 1514 οἷπόστρεψόν
945 1481 1006 1505 σου
1031 1467 1095 1512 τῆν
1121 1467 1310 1516 μάχαιραν

204 1532 253 1578 εἷς
279 1534 338 1573 τὸν
364 1532 470 1571 τόπον
499 1535 623 1577 αὐτῆς.
657 1533 796 1578 Πάντες
819 1535 890 1583 γὰρ
917 1536 947 1575 οἱ
971 1536 1148 1584 λαβόντες
1167 1537 1312 1586 μάχαι-

205 1619 267 1651 ραν
299 1604 334 1642 ἐν
359 1603 529 1652 μαχαίρᾳ
557 1604 774 1642 ἀπολοῦνται
800 1603 868 1651 (2)
886 1630 898 1648 ,
929 1604 1066 1650 quibus
1101 1616 1146 1642 ex
1186 1606 1310 1644 verbis

201 1673 329 1722 Jesum
368 1673 533 1718 Petrum,
561 1671 683 1719 gladio
708 1683 754 1709 ne
791 1681 981 1720 uteretur,
1011 1675 1173 1713 vetuisse
1196 1685 1313 1724 patet.

204 1742 380 1789 Etenim,
408 1732 631 1790 proverbiali
670 1742 825 1799 quadam
862 1743 963 1780 addit
996 1745 1188 1785 locutione
1219 1747 1313 1795 (3),

1251 1818 1317 1865 qui

246 1921 298 1959 (ι)
319 1921 364 1950 Ex
373 1920 492 1955 Joannis
503 1920 739 1957 (qui‚quidnam
758 1924 885 1960 quisque
904 1933 953 1954 aut
969 1925 1083 1956 dixerit
1100 1930 1269 1959 autfecerit
1285 1939 1316 1959 ct

208 1986 270 2013 quo
292 1976 426 2014 quidque
452 1978 544 2007 modo
572 1986 688 2012 gestum
714 1980 772 2014 sit,
801 1981 1029 2016 diligentissime
1053 1986 1197 2021 persequi
1220 1989 1319 2026 solet)

207 2034 376 2068 Euangelio
398 2035 474 2069 Cap.
494 2035 603 2063 va.
629 2043 683 2071 ιο,
704 2037 823 2066 Petrum
841 2038 935 2068 fuisse
951 2059 961 2075 ,
977 2040 1085 2076 liqu‘et.
1111 2043 1173 2071 Fri
1187 2046 1318 2080 mehe,

208 2091 248 2118 ad
266 2091 385 2120 Matth.
400 2092 501 2119 locum
520 2090 550 2120 in
568 2099 651 2121 textu
670 2092 723 2123 cit.

249 2152 302 2189 (ε)
321 2153 428 2183 Lectio
451 2149 699 2186 ἀποθανοῦνται
723 2157 871 2190 glossema
891 2166 958 2189 esse
980 2158 1110 2192 videtur.

249 2208 303 2245 (3)
327 2210 392 2239 Cfr.
416 2211 627 2250 Elsnerus,
651 2213 901 2245 Kuinoeiius
927 2216 1180 2258 Friucffius,
1202 2222 1319 2251 naha.
