1564 2750
84 234 183 267 sectio
191 235 243 265 111.
255 230 284 272 §.
293 240 321 266 3.

339 189 409 226 134
470 175 725 215 COMM.
780 169 1285 211 LITERARIA.

333 283 515 334 ponendis
542 285 562 329 (
568 282 611 331 1)
626 311 638 331 ,
667 283 745 332 eius
772 291 908 320 nomen
928 278 1190 318 immortalitati
1211 277 1351 316 tradere
1371 287 1439 315 vo·

332 355 494 391 luerunt.
521 353 625 403 Quas
658 360 822 398 statuas,
851 351 907 388 uti
932 358 970 388 et
994 350 1073 398 ers
1099 349 1309 396 sepulcrum
1337 345 1436 396 (α),

333 434 436 472 grato
467 424 589 461 animo
627 423 822 460 coluerunt
852 419 1021 468 posteri3
1075 418 1126 455 ita
1163 426 1204 455 ut
1240 417 1436 456 Pausaniae

331 494 450 532 adhuc
481 502 648 540 ternpore
680 498 932 539 superessent.
1009 489 1122 526 Hunc
1156 486 1352 525 admiratus
1384 493 1441 523 est

329 561 538 610 Dionysius
565 559 925 606 Halicarnassensis,
959 557 1024 606 qui
1048 558 1086 595 in
1110 555 1333 605 Thucydide
1354 566 1442 604 pro·

329 633 456 679 bavit,
496 631 598 679 quod
632 631 732 669 hunc
773 629 895 667 virum
929 636 1121 676 tantopere
1153 626 1315 665 laudaret
1351 625 1436 674 (3).

329 701 509 750 Ejusdem
542 699 690 738 laudum
726 699 827 747 pleni
853 697 1003 736 fuerunt
1032 697 1260 746 posteriores
1297 695 1442 733 Rheto-

328 781 415 817 res,
441 769 491 807 ita
514 778 555 806 ut
587 780 669 806 eum
700 755 847 816 saepius
880 767 1082 815 eligerent,
1110 766 1157 804 ad
1185 776 1294 812 quem
1325 765 1442 802 decla·

329 840 509 878 mationes
533 850 618 878 suas
651 839 827 877 referrent
855 836 941 888 (4).
970 837 1083 874 Hunc
1108 836 1289 884 imprimis
1312 844 1441 872 omnes

329 911 557 957 laudabunt,
599 909 765 957 quibus,
804 918 898 957 quae
928 915 1055 945 nostra
1081 915 1138 944 est
1162 904 1344 951 felicitas,
1372 903 1442 958 rei.-

331 981 500 1030 publicae
540 981 762 1019 Curatorem
797 978 931 1017 habere
967 977 1196 1024 contigerit,
1223 973 1442 1013 eruditionis

332 1052 586 1098 bonarumque
619 1050 807 1087 literarum
840 1047 996 1086 amicum
1024 1058 1064 1085 ac
1098 1044 1295 1083 fautorem.

369 1202 422 1242 (1)
443 1207 527 1234 Paus.
549 1204 644 1232 Attic.
665 1211 734 1238 cap.
756 1212 804 1237 ας.
827 1203 894 1231 init¹
915 1206 962 1231 28.
983 1199 1013 1240 §.
1037 1212 1066 1231 2.
1090 1202 1165 1232 Plin.
1187 1203 1226 1230 H.
1249 1202 1288 1230 N.
1308 1201 1438 1229 XXXIV.

331 1265 360 1291 8.
400 1262 436 1289 In
453 1269 577 1296 quarum
593 1269 652 1288 una
668 1261 742 1288 haec
759 1260 852 1287 verba
871 1259 1104 1287 inveniebantur
1115 1278 1126 1293 ‚
1143 1266 1258 1287 servata
1276 1258 1306 1285 in
1323 1258 1439 1286 Antho-

330 1319 428 1352 logia,
448 1317 518 1346 Lib.
542 1318 580 1344 V.
603 1317 708 1346 Tit.1.
731 1315 872 1350 Inscript.
899 1322 944 1349 23.
964 1321 1053 1349 atque
1075 1314 1203 1343 Aristid.
1224 1316 1323 1343 schol.
1338 1315 1440 1342 From-

330 1376 401 1404 mel.
420 1383 452 1409 p.
476 1378 544 1410 ²89·

400 1430 605 1476 Ἠγεισοίμην
630 1429 661 1465 δ’
688 1431 783 1473 δρυῶν
809 1443 847 1465 σε
871 1432 1074 1473 Περίκλεες,
1100 1429 1178 1464 ὅττι
1203 1433 1260 1466 καὶ
1282 1430 1375 1473 αὐτῷ

398 1500 527 1540 Χαλκῷ
551 1494 725 1538 ἂναυδῆτῳ
747 1494 930 1537 δημηγόρον
954 1491 1022 1534 ἦθος
1046 1493 1231 1534 ἀνιέντα-εις,

392 1559 470 1601 ”Ω,ς
492 1560 546 1595 ἔτι
572 1558 795 1601 Κεκροπίὲῃσι
821 1558 1038 1600 Θεμιστεῦων
1062 1558 1260 1599 πολιήταις,

393 1617 442 1653 ’Ἡ
468 1618 564 1661 μόθον
587 1616 730 1652 ἓντύνων
755 1614 950 1655 namn-nm
973 1628 1005 1650 κ.
1034 1629 1067 1651 τ.
1086 1621 1123 1651 λ.
1150 1620 1187 1647 ad
1208 1621 1401 1654 Pythagoram

1226 1671 1401 1706 spectantia.

369 1730 419 1769 (α)
441 1732 530 1760 Paus.
550 1730 645 1759 Attic.
665 1738 732 1764 cap.
756 1738 805 1767 29.
828 1728 858 1767 §.
881 1736 911 1762 3.
932 1743 970 1750 -
990 1728 1055 1759 Cic.
1075 1730 1112 1757 de
1135 1729 1198 1757 Fin.
1220 1730 1259 1758 V.
1279 1737 1347 1764 cap.
1369 1740 1398 1759 2.

370 1788 422 1824 (3)
444 1789 477 1815 In
496 1787 611 1822 iudicio
633 1787 671 1814 de
692 1786 790 1816 Thuc.
809 1794 841 1821 p.
867 1789 934 1820 825.
957 1786 996 1814 R.

369 1844 420 1882 (4)
439 1845 544 1873 Liban.
575 1844 631 1878 Ep.
656 1852 721 1879 372.
750 1846 820 1873 Non
846 1850 943 1871 tamen
970 1850 1160 1872 enumeratur
1183 1850 1198 1870 a
1221 1841 1374 1874 cicerone
1400 1843 1437 1871 de

335 1904 416 1932 Orat.
437 1901 476 1931 11.
499 1909 565 1935 cap.
586 1904 636 1938 84.

1356 2304 1440 2342 013-
