1523 2745
245 178 290 225 36
434 171 1099 214 COMMENTATIO

246 283 505 332 Thucydidem
533 283 624 332 (1):
656 282 762 330 cuius
788 279 1026 329 potissimum
1064 282 1265 320 auctoritas
1300 293 1365 319 me·

248 360 400 399 movet,
427 361 469 389 ut
496 351 670 389 Periclem
709 349 810 387 omni
845 350 953 397 culpa
982 348 1132 387 liberem
1167 359 1202 387 et
1233 360 1362 389 aucto·

252 436 326 461 rem
364 430 548 459 tantorum
583 421 758 458 malorum
798 418 914 457 fuisse
947 429 1103 468 negem,
1130 420 1203 458 nisi
1236 429 1363 467 quate*

251 504 323 530 nus
349 491 545 539 plurimum
568 491 630 527 ille
654 488 855 526 contulerit
881 489 926 527 ad
946 489 1153 538 potentiam
1177 497 1216 528 et
1239 491 1364 539 splen-

254 562 377 599 dorem
398 560 536 609 patriae
557 569 645 597 suae
671 558 848 607 augenda.

753 698 788 745 ξ.
826 708 886 736 11.

308 838 503 885 Exponam
513 847 612 874 nunc
639 835 858 874 contrariam
883 834 1128 883 sententiam,
1155 846 1249 884 quae
1271 837 1369 874 mul·

257 915 317 943 tos
358 916 537 954 patronos
567 914 672 943 nacta
695 914 752 943 est
774 905 843 954 (α)
858 933 871 953 ‚
895 905 962 943 sed
992 916 1098 952 quam
1123 906 1207 955 ipse
1226 906 1370 944 Plutar-

259 976 351 1013 chus
379 986 456 1012 non
481 975 625 1012 dubitat
654 986 786 1013 vocare
805 980 928 1016 ποια-ῶν
952 977 1220 1025 χειρίστηνμ-
1243 975 1372 1013 Inimi-

250 1047 285 1084 ci
323 1055 359 1083 et
386 1045 500 1082 invidi
537 1056 614 1082 non
649 1046 795 1083 deerant
836 1044 995 1091 Pericli,
1025 1056 1122 1092 quos
1146 1056 1230 1083 cum
1258 1044 1369 1083 maxi·

260 1128 318 1153 ma
351 1117 430 1164 eJ'us
467 1115 665 1152 auctoritas
694 1122 732 1151 et
757 1115 855 1162 apud
880 1115 1063 1162 populum
1088 1114 1203 1161 gratia
1224 1125 1371 1152 coerce-

257 1194 313 1222 ret
339 1185 383 1221 ab
407 1184 508 1222 omni
530 1182 723 1221 conamine
757 1191 884 1230 aperto
921 1191 1050 1220 contra
1075 1183 1198 1231 ipsum
1217 1211 1230 1231 ‚
1259 1183 1370 1222 iidem

258 1264 380 1292 tamen>
418 1254 510 1291 clam
552 1253 688 1299 quovis
722 1253 834 1289 modo
876 1252 950 1300 ipsi
985 1263 1121 1290 nocere
1157 1252 1371 1294 studebant.

260 1324 359 1362 Hinc
387 1324 457 1360 tela
487 1334 554 1359 sua
580 1322 617 1358 in
637 1320 803 1358 Phidiam
836 1321 932 1369 (3),
960 1321 1113 1358 Periclis
1147 1321 1305 1360 amicum
1335 1330 1372 1361 et

262 1394 436 1432 asseclam
472 1391 709 1440 dirigebant,
755 1400 946 1437 quumque
983 1389 1054 1428 viri
1100 1390 1288 1438 integritas
1336 1400 1374 1430 et

263 1463 455 1511 prudentia
479 1471 624 1499 omnem
650 1461 840 1508 peculatus
873 1460 1122 1507 suspicionem
1143 1471 1162 1498 a
1189 1472 1228 1498 se
1254 1473 1373 1499 remo-

261 1534 402 1579 visset,
429 1533 508 1570 sola
532 1530 667 1568 invidia
685 1538 722 1567 et
759 1530 882 1576 inepta
905 1528 1136 1576 criminatio,
1174 1532 1278 1577 quod
1315 1532 1375 1569 sui

262 1602 487 1648 Periclisque
530 1599 667 1637 similes
719 1597 857 1636 formas
891 1597 1104 1636 inclusisset
1151 1598 1189 1636 in
1240 1602 1374 1650 clypeo

263 1669 456 1708 Minervae
487 1666 584 1718 (4),
625 1674 768 1704 tantum
805 1664 955 1714 effecit,
993 1674 1034 1704 ut
1075 1667 1243 1715 populus
1280 1669 1373 1708 levis

1310 1750 1377 1788 pa·

299 1845 349 1882 (ι)
371 1848 414 1873 De
425 1844 560 1874 veritatis
579 1846 679 1875 studio
700 1846 795 1875 Thuc.
814 1852 925 1874 testem
945 1829 1217 1882 locupletissimum
1234 1848 1379 1879 habemus*

268 1905 361 1931 Dion.
384 1904 451 1930 Hal.
473 1911 503 1937 p.
524 1906 592 1938 824.
1158 1935 1160 1938 ,

299 1959 350 1995 (2)
370 1960 449 1987 Inter
466 1967 541 1994 quos
554 1958 647 1988 Diod.
659 1959 718 1988 Sic.
738 1960 803 1987 ΧΠ.
827 1962 951 1995 38—40·
973 1959 1025 1994 qui
1042 1960 1127 1988 illum
1145 1968 1300 1996 exponere
1317 1970 1379 1992 ma-

263 2016 344 2051 luit,
364 2017 516 2050 Ephorum
539 2022 679 2050 secutus,
701 2023 732 2043 ut
760 2015 825 2049 ipse
858 2022 982 2044 testatur
999 2017 1036 2045 C.
1053 2026 1102 2052 4¹·
1116 2037 1125 2051 ,
1147 2025 1235 2052 quam
1260 2019 1377 2053 Thucy-

262 2073 362 2102 didem
379 2074 486 2100 ducem
514 2071 572 2100 sibi
599 2079 731 2100 sumere.
765 2072 806 2100 cf.
832 2073 947 2107 Ephori
978 2073 1141 2108 fragmenta
1168 2074 1243 2105 edit.
1277 2076 1376 2107 Marx.

261 2138 294 2166 p.
317 2137 370 2162 227
423 2136 489 2161 23:-

260 2206 270 2222 ζ
301 2186 352 2220 (2)
374 2183 530 2218 Aristoph.
553 2182 584 2209 in
604 2183 697 2216 Pace,
721 2191 752 2210 v.
771 2186 842 2217 60⁵.
866 2190 897 2211 et
914 2185 967 2217 615
982 2187 1092 2217 -6ι8,

300 2239 357 2279 (4)
375 2239 427 2269 Cs.
449 2239 514 2267 Cic.
539 2239 633 2266 Tusc.
659 2239 684 2266 1.
711 2244 757 2272 1'5.
