1502 2767
203 164 247 191 η
421 133 1064 194 INTRODUCTIQ

200 268 243 297 ut
280 259 412 298 deinde
442 262 562 310 (Part.
589 261 622 300 Ι.
651 262 747 309 Cap.
773 262 821 302 11:
849 264 886 312 ς.
918 263 979 312 1.)
1003 262 1167 312 patebit,
1191 263 1223 301 si
1246 262 1296 302 ri-

197 337 234 367 te
269 331 313 368 ad
344 330 572 378 quaestionis
606 340 743 381 partem
776 332 935 381 priorem
961 334 1181 383 respondere
1208 333 1301 371 veli·

194 412 276 439 mus
292 429 304 448 ‚
333 401 488 439 maxime
516 402 776 441 necessarium.
834 403 948 453 Quod
971 405 1015 442 ad
1039 405 1187 442 alteram
1213 403 1299 441 atti·

189 478 280 515 net,
317 470 407 517 quid
444 471 596 509 suavius
624 472 693 520 sit,
732 484 838 520 quam
873 474 918 511 de
953 474 1141 523 religionis
1165 474 1298 512 Chris-

191 538 308 576 tianae
338 539 503 578 doctrina
541 542 698 590 eJ'usque
728 541 767 580 vi
795 544 834 580 in
865 544 1058 582 hominum
1094 543 1295 583 sententias

190 609 453 656 emendandas,
479 610 598 657 deque
621 612 731 660 hujus
764 613 1026 651 emendationis
1060 616 1294 662 sequelarum

189 676 399 716 efficacitate
425 687 467 716 ut
493 679 691 729 universe,
720 681 770 719 ita
793 682 981 730 speciatim
1007 682 1045 720 in
1065 683 1159 721 bella
1175 710 1188 731 ,
1215 683 1300 732 phi·

185 745 334 794 sophari
372 755 408 785 et
439 758 605 787 accurate
641 749 679 788 in
715 762 790 789 eam
817 735 1029 800 inquirere!

237 815 310 853 Vel
321 816 374 854 sic
389 825 509 856 tamen
523 819 568 857 ab
581 821 690 859 altera
706 831 808 870 parte
816 821 960 862 diffiteri
974 824 1151 864 nolumus
1163 853 1176 873 ‚
1190 836 1261 864 nos
1276 854 1291 874 ,

183 892 334 923 nostrae
370 886 503 927 virium
542 890 734 930 tenuitatis
756 893 927 931 conscios
944 922 957 942 ‚
984 894 1049 932 vix
1074 896 1120 933 ad
1140 906 1297 944 respon-

184 954 343 994 dendum
353 967 424 995 nos
437 958 622 1007 accingere
633 972 744 1000 ausos
759 962 876 1002 fuisse
892 991 905 1010 ‚
920 973 1132 1012 reputantes
1146 993 1160 1013 ‚
1175 976 1259 1004 eum
1277 994 1292 1013 ,

187 1025 252 1072 qui
273 1026 319 1064 ad
340 1026 431 1066 hanc
448 1029 698 1077 quaestionem
723 1034 947 1081 respondere
959 1034 1083 1082 cupiat
1096 1062 1108 1082 ‚
1121 1045 1198 1073 non
1212 1043 1291 1073 tan-

184 1102 263 1132 tum
291 1096 440 1143 penitus
461 1099 613 1138 Ethices
628 1101 724 1140 Chr.
738 1101 899 1141 indolem
912 1103 1133 1153 investigare
1142 1113 1294 1153 oporte-

186 1175 248 1212 τες
264 1176 393 1204 verum
412 1168 518 1206 etiam
533 1170 723 1211 historiam
738 1196 752 1219 ,
763 1184 805 1211 ut
818 1175 1068 1222 antiquiorum
1084 1203 1096 1222 ‚
1107 1175 1156 1213 ita
1167 1186 1293 1213 recen·

184 1233 323 1272 tiorum
356 1239 582 1285 populorum
599 1270 612 1288 ‚
637 1252 842 1290 eorumque
875 1244 1056 1282 sentiendi
1082 1245 1258 1283 rationem
1275 1273 1289 1293 ,

184 1303 345 1352 itemque
377 1307 450 1345 vim
474 1317 508 1346 et
530 1309 803 1359 efficacitatem,
838 1324 946 1361 quam
981 1325 1108 1352 omnes
1144 1315 1294 1363 religio-

182 1373 242 1412 nis
274 1375 484 1425 doetrinae,
514 1387 553 1416 ut
569 1380 791 1429 gentilium,
821 1382 871 1421 ita
892 1383 1127 1432 Christiana,
1158 1384 1197 1422 in
1219 1385 1289 1422 ho-

183 1444 322 1484 minum
343 1447 484 1486 animos
514 1449 559 1487 de
583 1449 680 1488 bello
710 1453 875 1500 gerundo
900 1453 1093 1492 habuerint
1109 1481 1121 1502 ,
1147 1454 1290 1504 perspi-

180 1523 278 1553 cere.

678 1676 716 1720 ἕο
759 1685 794 1722 5·

229 1838 338 1888 ,Quid
361 1838 573 1878 censendum
599 1838 643 1880 de
661 1842 724 1887 iis,
750 1853 847 1892 quae
865 1840 910 1879 de
933 1851 1095 1893 utraque
1119 1855 1249 1893 quaese

304 1909 413 1946 tionis
435 1917 547 1959 parte
572 1921 597 1947 a
634 1911 729 1955 viris
754 1909 869 1950 doctis
893 1913 1035 1963 scripta
1058 1921 1159 1951 sunt.

228 2067 328 2105 Huic
346 2067 548 2106 difficultati
560 2067 627 2106 alia
640 2067 778 2106 accedit
792 2081 805 2116 ς
822 2062 924 2116 quod
936 2067 1125 2116 nimirum,
1145 2079 1258 2117 quum
1272 2097 1287 2118 ,

179 2148 272 2186 quae
306 2138 376 2176 viri
409 2138 521 2187 longe
550 2137 661 2178 nobis
691 2138 879 2176 doctiores
914 2140 958 2176 de
985 2147 1140 2187 utraque
1171 2150 1286 2187 quae·

178 2207 310 2246 §tionis
347 2217 449 2257 parte
479 2208 519 2247 in
557 2209 714 2248 medium
754 2209 1026 2258 protulerant„
1064 2208 1283 2258 perlegisse·

1195 2289 1277 2318 mus
