1507 2876
518 187 965 260 ORATIOJ
1212 220 1269 262 39

145 357 240 389 sors
267 343 369 397 tibi,
418 342 682 387 ornatissime
713 337 981 388 Clarisse!
1025 345 1271 400 destinavit,

143 420 404 479 praemium,
448 434 535 463 non
573 427 735 464 tantum
760 420 852 473 ,tibi
893 421 999 480 ipsi,
1044 422 1117 466 sed
1157 425 1269 481 patri

143 511 338 554 quoque,
367 497 428 540 tui
454 497 764 551 amantissimo,
796 498 1067 555 gratulamur.
1134 499 1267 557 Perge

139 572 353 626 hac-via,
399 588 524 629 quam
555 573 767 632 ingressus
803 589 871 628 es,
900 582 946 618 ut
986 575 1067 620 tuis
1106 577 1264 621 meritis

138 656 340 710 paternas
383 650 544 694 imitere
583 651 726 695 laudes
775 658 815 695 et
860 651 1106 697 Leidensem
1146 654 1265 699 Aca-

141 726 322 771 demiam
364 741 516 771 ornare
554 742 721 786 pergas.
807 728 870 773 Te
901 743 1090 787 quoque,
1130 745 1266 776 orna-

139 803 296 848 tissime
325 804 499 848 Boot!
543 805 651 850 illius
683 805 936 851 Academiae
969 815 1262 854 ornamentum

140 895 257 936 esse,
287 895 373 925 non
403 889 566 926 tantum
598 883 704 927 haec
732 883 890 927 Charta
915 885 1099 942 probat,
1133 901 1261 942 quam

141 958 233 1003 auri
267 959 383 1010 loco,-
403 958 482 1002 tibi
514 957 664 1013 trade,
696 959 770 1003 sed
806 967 927 1004 antea
964 960 1076 1018 jam,
1104 962 1149 1005 in
1180 963 1262 1008 hac

137 1033 233 1094 ipsa
270 1035 524 1089 Academia,
577 1036 695 1080 relati
739 1036 925 1081 honores
972 1037 1134 1096 egregie
1178 1039 1263 1084 do-

138 1119 326 1157 cuerunt.

194 1187 284 1233 Vos
327 1187 506 1245 denique
554 1189 788 1243 accedatis,
856 1192 1111 1238 ornatissimi
1155 1208 1262 1238 van

136 1265 353 1311 Belkum
384 1273 424 1310 et
453 1266 679 1311 Backer!
741 1267 906 1313 Laudes
947 1278 1106 1315 vestras
1139 1271 1261 1317 Ordo

84 1349 86 1352 '
135 1340 342 1386 literar-ius
377 1342 534 1399 judicio
569 1357 647 1387 suo
687 1345 928 1391 celebravit.
1015 1348 1227 1405 Quocirca
1245 1383 1258 1404 ‚

135 1418 234 1463 iicet
278 1419 477 1464 victoriae
514 1421 698 1479 palmam
745 1422 813 1465 alii
851 1423 972 1468 vobis
1011 1426 1261 1485 praeripue-

136 1496 253 1549 rint,
283 1497 476 1541 secundis
514 1505 677 1551 tamen,
710 1513 817 1555 quos
853 1500 958 1545 haec
985 1501 1260 1547 instrumenta

137 1573 261 1626 vobis
295 1575 524 1634 praebent,
565 1590 831 1636 summopere
870 1578 1081 1631 laetamini
1116 1579 1260 1624 hono-

136 1651 268 1698 ribus.
706 1655 712 1664 '

196 1960 354 2005 Videtis
390 1962 545 2022 egregii
583 1963 774 2020 juvenes!
829 1981 925 2010 suas
964 1967 1136 2024 cuique,
1187 1970 1259 2026 qui

136 2036 292 2096 ingenii
317 2038 424 2082 vires
447 2038 658 2092 intendat,
692 2049 885 2087 constare
917 2043 1072 2088 laudes.
1134 2045 1257 2103 Agite

136 2109 326 2169 idcirco,
366 2130 522 2164 novum
562 2117 683 2162 vobis
724 2119 861 2163 denuo
900 2128 1112 2166 certamen
1151 2138 1259 2185 ape-

135 2190 246 2236 rient
277 2193 580 2252 praelegendae
618 2195 702 2252 jam
743 2196 1040 2254 szesfiones,
1099 2215 1122 2243 a
1164 2201 1256 2244 sin-

139 2267 244 2324 gulis
275 2270 507 2316 Ordinibus
539 2273 797 2332 propositae.
