1477 2725
362 197 1144 258 onsenvffl'rloNssss
1214 222 1284 259 153

179 331 221 359 ea
252 331 272 358 e
295 319 494 358 Plutarcho
524 327 559 356 et
593 317 814 366 Thucydide
848 318 916 366 (ι)
949 317 1156 364 discimus,
1187 318 1286 356 Tha·

179 401 262 428 sum
307 396 548 437 expugnatam
587 387 706 425 fuisse
742 397 826 426 ante
873 387 1091 426 Helotarum
1133 388 1287 426 seditio-

176 469 259 497 nem
275 485 288 506 ,
316 469 409 506 quae
436 457 594 503 accidit,
623 466 717 495 teste
743 457 919 496 Pausania
944 459 1011 507 (2)
1027 486 1040 504 ‚
1066 458 1195 496 eodem
1220 459 1283 496 illo

173 529 368 575 Archonte
405 527 689 575 Archidemide,
715 529 803 574 vel,
844 527 907 565 uti.
934 539 978 565 eo
1003 529 1087 565 loco
1113 537 1287 576 vocatur,

175 599 409 640 Archimede,
461 597 644 648 Quamvis
670 609 690 635 e
719 597 944 646 Thucydide
967 598 1036 646 (3)
1060 598 1288 647 concludas,

173 676 264 717 post
297 668 492 708 Cimonem
519 668 563 706 ab
587 669 660 706 alio
691 667 858 706 Thasum
883 669 1015 707 iterum
1043 677 1285 717 expugnatam

172 737 306 776 fuisse.

223 807 353 846 Pericli
380 807 425 845 ab
456 807 549 855 ipsis
575 807 867 846 Atheniensibus
891 807 1101 845 mandatum
1128 814 1185 844 est
1202 834 1215 853 ‚
1243 815 1285 843 ut

174 876 371 916 Cimonem
398 876 587 915 inimicum
616 877 766 925 publice
787 885 990 915 accusaret.
1042 877 1174 924 Itaque
1205 887 1286 913 om·-

171 956 238 984 nes
262 945 500 993 metuebant,
531 957 578 983 ne
603 945 702 984 foret
734 946 831 985 inter
855 946 1051 985 acerrimos
1085 947 1196 996 hujus
1223 946 1288 988 ad-

172 1015 386 1054 versanos:
440 1027 569 1054 verum
604 1015 648 1054 ab
689 1016 888 1065 Elpinice,
939 1015 1111 1054 Cimonis
1156 1026 1286 1053 sorore

171 1086 371 1133 eademque
407 1096 528 1124 uxore
565 1095 738 1124 exoratus
778 1087 878 1135 (4),
911 1098 988 1124 rem
1024 1097 1102 1124 non
1129 1086 1285 1124 ulterius

165 1164 388 1204 persecutus
423 1164 502 1199 est,
531 1164 568 1193 et
594 1156 707 1193 semel
744 1164 886 1193 tanturn
917 1156 1103 1203 surrexit,
1129 1164 1173 1193 ut
1205 1156 1287 1193 offi-

173 1224 235 1262 cio
260 1223 523 1273 defungeretur
540 1253 553 1272 ,
589 1225 638 1262 ita
665 1233 707 1262 ut
734 1236 778 1262 ex
802 1225 977 1263 omnibus
1004 1225 1282 1263 accusatoribus

165 1293 318 1333 Cimoni
337 1293 530 1330 minimum
559 1295 737 1332 molestus
761 1294 874 1332 fuerit
902 1296 986 1343 (5).
1040 1295 1114 1333 Hic
1141 1295 1281 1343 igitur,

166 1363 336 1411 quamvis
357 1363 477 1400 tribus
496 1371 636 1402 tantum
665 1364 851 1413 suffragiis
876 1364 1072 1403 absolutus
1086 1393 1099 1412 ‚
1127 1375 1164 1404 et
1184 1377 1279 1414 poe.

164 1440 212 1472 na
241 1435 444 1472 mulctatus
469 1433 737 1481 quinquaginta
761 1435 984 1473 talentorum
1001 1463 1015 1482 ‚
1050 1435 1182 1483 capitis
1217 1447 1282 1484 pe-

164 1503 324 1542 riculum
347 1503 499 1552 effugit:
525 1504 657 1541 deinde
683 1504 986 1542 Lacedaemoniis
1012 1505 1151 1542 auxilio
1190 1517 1279 1554 pro-

162 1572 285 1612 fectus
325 1584 411 1621 est,
451 1585 522 1621 qua
551 1574 649 1611 illius
682 1573 848 1612 absentia
885 1586 978 1612 usus
1017 1584 1077 1613 est
1097 1575 1279 1623 Pericles,

163 1651 208 1682 ut
232 1655 317 1682 cum
337 1644 512 1692 Ephialte
537 1644 788 1694 Areopagum}
812 1645 994 1694 plurimiis
1029 1646 1179 1695 judiciis
1203 1646 1281 1695 pri-

163 1721 282 1752 varet-

213 1802 301 1842 obs.
329 1803 433 1842 VIII.
461 1802 656 1842 Silentium
690 1804 791 1851 quod
817 1804 916 1851 apud
941 1804 1118 1852 antiquos
1155 1805 1274 1853 scrip·
1312 1846 1315 1847 ⁷

164 1880 264 1912 tores
299 1872 345 1911 de
367 1875 502 1925 primis
527 1874 685 1912 Periclis
718 1885 808 1915 πο).
823 1891 896 1915 ιτε
911 1876 986 1920 ἴοις
1012 1877 1121 1914 annis
1145 1875 1276 1913 obser·

403 1980 405 1982 .
1211 1957 1275 1984 Va·

199 2011 246 2047 (ι)
264 2012 299 2042 1n
313 2010 393 2041 Cim.
421 2019 489 2047 cap.
505 2019 556 2047 14.
579 2020 612 2047 p.
628 2015 697 2048 487.
718 2012 761 2042 D.
783 2019 849 2049 cap.
872 2015 918 2044 16.
938 2021 971 2048 p.
989 2015 1045 2051 488
1062 2021 1162 2049 sq.—
1175 2014 1273 2045 Thuc-

161 2067 188 2097 1.
211 2075 277 2099 101.
384 2106 386 2109 y

198 2126 255 2162 (Β)
276 2125 348 2155 Lib.
368 2126 422 2155 1v.
441 2134 508 2162 cap.
531 2135 580 2162 24·
600 2126 627 2162 §-
643 2134 673 2155 2.

198 2183 252 2220 (3)
273 2184 297 2212 l.
317 2184 341 2211 1.
362 2184 447 2212 conf.
474 2184 638 2212 Torrenius
658 2183 694 2211 ad
711 2183 870 2212 va1.Max.
889 2183 946 2212 111.
966 2187 996 2214 8.
1014 2185 1139 2214 Exrcrn.
1156 2194 1186 2221 4.

194 2239 248 2277 (4)
267 2239 314 2268 De
332 2241 456 2270 Periclis
473 2242 528 2270 hac
545 2240 705 2272 occasione
720 2247 807 2269 acute
824 2240 908 2271 dicto
926 2241 1009 2271 conf.
1023 2243 1092 2273 obs.
1113 2243 1194 2272 LIV.

196 2296 251 2334 (5)
271 2297 350 2327 Plut.
368 2297 399 2327 in
418 2300 483 2328 Per.
501 2307 568 2334 cap.
587 2306 636 2329 ιο,
653 2306 684 2334 p.
704 2306 771 2333 157.
792 2298 828 2326 E.
