1502 2767
233 135 300 171 128
450 128 1115 171 COMMENTATlo

278 240 460 279 Plurimae
486 249 640 288 gentes,
664 250 768 288 >quae
794 247 938 288 praeter
960 238 1039 277 illas
1065 233 1222 287 antiquo
1248 247 1341 277 aevo

229 311 421 359 Europam
460 310 701 356 habitarunt,
743 317 811 356 et,
853 319 930 356 quo
957 317 1123 357 tempore
1151 308 1343 346 Romano-

230 392 310 419 rum
337 381 530 429 imperium
559 379 789 417 occidentale
817 380 861 417 ad
884 390 1056 417 occasum
1086 387 1279 428 vergeret,
1306 387 1345 418 et

232 457 392 501 postea,
421 451 598 498 Europae
623 450 792 497 regiones
821 449 1011 487 turbantes
1041 448 1345 496 incursionibus,

232 521 271 558 in
307 522 443 567 rebus,
495 530 585 566 quas
623 527 848 567 gesserunt,
896 517 942 555 ab
976 518 1076 556 omni
1115 518 1344 557 humanitate

227 590 380 630 fuerunt
426 589 579 626 alienae.
647 589 802 635 Scythae
842 587 1075 636 captivorum
1125 587 1343 637 sanguinem

230 661 407 699 biberunt
431 671 450 696 e
473 658 663 705 hostium,
689 658 760 707 J'am
787 666 890 695 antea
923 657 1158 705 occisorum,
1185 658 1343 706 cremiis,

231 741 345 780 atque
375 742 394 768 e
425 740 510 767 cute
527 756 541 776 ‚
569 728 725 783 devictis
748 728 911 766 detracto
927 756 940 774 ‚
969 726 1211 766 confecerunt
1238 728 1345 776 lora,

229 801 346 842 frenis
372 800 617 850 adjungenda.
671 798 797 848 Quid!
831 799 933 846 quod
960 798 1161 836 humanum
1190 798 1345 838 fundere

230 873 447 923 sanguinem
477 869 642 917 assueti,
675 868 748 906 nisi
783 868 986 915 hostibus,
1027 877 1105 906 tum
1146 869 1226 907 suis
1259 869 1349 907 alie·

229 944 365 991 nisque
396 940 619 989 corporibus
662 939 757 977 inter
782 939 910 986 epulas
943 937 1080 976 ferrum
1114 939 1344 988 infixerunt,

231 1023 274 1053 ut
306 1010 566 1051 tantuinmodo
603 1008 819 1058 sanguinem
854 1007 1021 1046 viderent
1054 1008 1213 1046 effusum
1254 1009 1342 1057 (ι).

234 1086 367 1131 Galli,
415 1093 499 1120 curn
540 1080 698 1118 Romam
735 1086 1008 1125 occupassent,
1054 1077 1225 1116 saevitias
1261 1090 1347 1127 per-

233 1162 424 1206 petrarunt
458 1150 640 1189 inauditas
667 1149 705 1186 in
741 1159 846 1186 senes
888 1147 1207 1195 innocentesque,
1237 1147 1343 1196 quod

220 1228 288 1277 jus
326 1208 553 1273 repetieru'nt
599 1219 644 1257 ab
694 1218 803 1256 armis
843 1219 926 1268 (2).
994 1218 1180 1258 Germani
1222 1229 1343 1266 vero,
1399 1237 1403 1241 ·

232 1306 327 1336 teste
360 1293 570 1338 Tacito,
628 1290 666 1326 in
698 1289 826 1327 mediis
872 1288 994 1337 copiis
1029 1299 1154 1326 secum
1198 1287 1342 1327 ducunt

231 1366 414 1411 familias,
438 1359 737 1411 propinquitates
760 1358 990 1407 pignoraque
1005 1387 1018 1406 ,
1037 1354 1084 1396 'ut
1098 1357 1342 1398 foeminarum

233 1439 396 1477 ululatus
411 1443 446 1472 et
460 1431 655 1470 infantium
667 1438 822 1478 vagatus
834 1429 1078 1477 ploratusque
1090 1429 1134 1467 ad
1145 1429 1344 1469 certamina

235 1520 300 1548 eos
325 1507 548 1549 hortentur,
569 1509 606 1539 et
630 1500 731 1548 ipsae
752 1498 956 1536 hortamina
979 1497 1159 1545 cibosque
1177 1510 1347 1548 pugnan-

233 1579 336 1618 tibus
364 1582 523 1624 gestent.
566 1569 757 1609 Hostibus
784 1568 1042 1616 moribundis,
1071 1579 1105 1607 e.
1134 1579 1172 1617 g.
1201 1569 1346 1618 Vari,

1262 1640 1350 1679 tris·

233 1775 392 1804 stiram,
411 1769 434 1797 1.
456 1768 478 1795 1.
501 1773 533 1800 p.
557 1771 623 1798 255.
645 1771 713 1798 273.
743 1762 796 1797 qui
819 1763 868 1798 (p.
891 1763 981 1801 274.)
1001 1771 1146 1793 memorat
1172 1763 1202 1792 in
1229 1773 1347 1801 oppug-

234 1828 329 1857 nanda
357 1824 430 1852 urbe
457 1819 603 1850 cecidisse
632 1827 788 1855 1‚100‚000
815 1820 964 1858 Judaeos.
1016 1822 1128 1849 Omnes
1155 1820 1234 1850 infra
1261 1823 1347 1852 deci-

233 1891 317 1913 mum
339 1879 500 1916 septimum
518 1876 769 1914 anuumJudaeos
788 1876 880 1906 vendi
898 1876 988 1911 jussit
1003 1876 1136 1907 Titus.
1158 1878 1209 1908 ef.
1232 1879 1299 1909 Fra
1311 1888 1343 1911 v.

233 1937 509 1978 Joseph.‚1.l.
532 1935 589 1963 VI.

273 1996 324 2035 (ι)
346 1995 395 2024 Cf.
417 1993 458 2022 T.
481 1992 633 2026 Rome,
656 1990 699 2019 11.
722 1999 756 2025 p.
774 1998 841 2020 202.

210 2055 213 2057 ’
273 2053 327 2091 (2)
346 2051 405 2080 eff.
436 2049 583 2079 Herod.
604 2044 669 2077 >IV.
699 2049 825 2078 62-66.
858 2054 889 2076 et
913 2049 1107 2079 Ammian.
1139 2049 1347 2086 Marcell..

233 2109 380 2141 XXVIII.
403 2118 433 2145 4.
459 2100 507 2128 —'
524 2104 659 2134 Barbaras
687 2112 791 2140 gentes
818 2105 1010 2134 devictorum
1037 2105 1212 2141 sangninem
1239 2106 1346 2136 bibere

236 2177 267 2197 et
303 2172 424 2196 carnem
454 2164 616 2194 comedere
643 2164 744 2192 solere
768 2161 979 2191 animadvertit
1004 2163 1153 2199 lselin,
1181 2163 1203 2193 l.
1224 2164 1246 2194 Ι.
1267 2163 1296 2194 1.
1318 2172 1350 2200 p·

237 2235 306 2257 220.
327 2231 398 2253 1101ss
420 2232 448 2253 2.
