1507 2876
1202 176 1303 205 XIII

188 288 330 333 risse
373 287 598 342 epitomen
641 287 832 334 secutus,
904 292 1113 338 exponere
1154 284 1302 337 perget

188 359 242 404 Η.
258 356 511 403 BOUMAN
522 387 534 408 ,
551 354 698 398 diebus
716 352 822 396 iovis
836 358 874 395 et
889 350 1051 395 veneris
1063 383 1073 403 ‚
1105 350 1211 394 hora
1226 350 1300 396 IX.

251 437 545 489 leeologiam
577 433 853 475 Naturalem
894 428 1032 471 tradet
1078 427 1305 472 H.BOU-

188 506 338 560 MAN,
370 506 516 549 diebus
540 504 662 546 lunae
692 508 731 545 et
759 499 929 552 martis,
962 499 1068 542 hora
1086 498 1138 543 X.

245 585 579 633 Patr-inicam,
613 577 938 637 interpretandis
983 579 1172 620 Selectis
1199 578 1305 619 Pa..

189 662 316 698 trum
340 654 742 709 Apostolicorum,
806 645 913 692 duce
965 650 1301 690 Chrestomatia

188 741 264 770 sua
293 727 556 768 Patristica
588 720 726 779 (Trai.
745 720 799 763 ad
818 719 955 763 Rhen.
1003 717 1176 775 1831.)‚
1225 733 1303 762 ex·-

188 803 320 856 ponet
347 794 447 839 Η.Ι.
464 790 808 843 ROYAARDS,
842 790 908 833 die
922 789 1090 843 martis,
1120 789 1227 834 hora
1245 790 1299 834 II.

247 873 514 916 Historiam
548 870 785 912 Ecclesiae
815 869 1107 909 Christianae
1136 882 1163 910 a
1185 870 1244 909 M
1246 885 1304 910 a..

189 947 431 991 hammede
453 941 508 984 ad
534 948 692 982 nostra
722 952 854 994 usque
888 946 1120 993 tempora,
1163 938 1304 983 tradet

189 1015 243 1060 H.
262 1015 294 1057 1.
313 1009 658 1062 ROYAARDS,
701 1008 849 1053 diebus
887 1008 1009 1052 lunae
1052 1016 1093 1052 et
1129 1009 1303 1064 martis,

189 1085 297 1129 hora
325 1084 472 1128 XI..et
509 1081 574 1126 die
607 1080 826 1133 mercurii,
858 1079 965 1123 hora
997 1079 1052 1124 ΙΙ.

223 1178 225 1180 ·
247 1164 494 1208 Historiae
513 1163 780 1215 dogmatum
798 1159 1170 1201 Christianorum
1197 1172 1303 1217 par„

189 1241 300 1286 tem‘,
331 1244 456 1290 quam
481 1230 692 1289 superiori
717 1243 854 1282 anno,
883 1229 1036 1272 morbo
1053 1228 1303 1288 impeditus,

191 1306 408 1350 absolvere
439 1317 525 1346 non
561 1301 716 1361 potuit,
763 1301 878 1344 horis
907 1301 1185 1359 opportunis,
1232 1301 1304 1344 in-

191 1384 311 1422 eunte
345 1390 470 1419 cursu
512 1373 792 1426 Academico,
843 1372 898 1415 ad
938 1372 1063 1416 finem
1103 1372 1304 1431 perducet

191 1449 245 1494 H.
269 1449 301 1492 1.
321 1445 654 1492 ROYAARDS.

242 1529 333 1570 'Ius
357 1526 738 1568 Ecclesiasticum
761 1524 1033 1564 hodiernum
1058 1524 1303 1577 Belgicam

188 1595 533 1656 interpretabitur
561 1594 612 1638 H.
630 1595 662 1640 I.
682 1592 1027 1646 ROYAARDS,
1059 1593 1126 1637 die
1156 1594 1301 1648 lunae,

193 1670 301 1714 hora
323 1668 376 1713 Π.
427 1716 431 1719 ,

246 1746 679 1804 Disquisitiontbas,
746 1742 989 1803 probationi
1037 1742 1303 1787 academicae

189 1817 391 1878 praeviis,
423 1815 591 1860 vacabit
631 1815 683 1859 H.
702 1814 734 1858 Ι.
753 1813 1076 1859 ROYAARDS
1092 1846 1105 1867 ‚
1138 1814 1204 1858 die
1233 1811 1304 1857 io-

189 1890 279 1942 vis,
309 1889 417 1932 hora
439 1888 491 1931 11.

247 1969 303 2009 H
303 1967 656 2009 ermeneuticam
673 1965 862 2006 Veteris
879 1979 933 2004 ac
948 1965 1069 2006 Novi
1086 1964 1303 2005 Foederis

190 2037 423 2096 generalem
449 2042 628 2094 exponet
652 2034 704 2078 H.
719 2034 970 2079 BOUMAN
985 2066 997 2087 ,
1028 2033 1175 2077 diebus
1197 2034 1302 2080 iovis

191 2118 232 2153 et
265 2108 451 2161 veneris,
484 2107 589 2151 hora
605 2106 655 2149 X.

245 2189 529 2243 Exegeticccs
569 2184 612 2228 in
652 2182 761 2227 C.S.
800 2183 997 2227 lectiones
1031 2183 1204 2226 habebit
1246 2183 1299 2227 H.

193 2256 469 2310 BOUMAN,
508 2255 855 2313 interpretaturus
883 2269 977 2299 cum
1013 2257 1194 2299 Iesa'iae
1227 2269 1303 2297 va-

1245 2326 1302 2369 ti-
