1564 2750
435 155 947 198 LITERARIA.
1193 174 1262 210 107

148 263 375 318 clarissimos
417 274 606 312 oratores,
645 267 905 315 imperatores,
948 267 1124 316 politicos
1164 269 1266 308 viros

150 335 373 374 censendum
409 346 491 373 esse
521 336 733 383 putavimus
750 366 763 383 ‚
791 338 844 375 sic
867 347 901 376 et
929 339 1040 387 huJ‘us
1072 338 1122 376 rei
1144 339 1267 377 habita

145 405 314 454 ratione,
367 418 450 444 eum
483 406 845 454 cun124probissimis
881 408 920 445 in
958 409 1113 446 Graecia
1146 409 1264 457 viris,

146 476 372 528 Socrate-et
402 477 595 515 Phocione
637 489 848 525 comparare
880 489 957 515 non
1006 479 1138 515 dubito
1176 478 1261 529 (1).

143 545 269 584 Vocet
298 546 412 595 igitur
443 547 513 584 Ion
553 547 621 597 (2)
664 548 756 585 hanc
795 548 1013 596 gravitatem
1054 549 1262 597 jactantiam

143 624 181 654 et
212 615 378 665 fastum,
405 618 642 666 celebretque
676 619 846 658 Cimonis
881 618 920 655 in
949 619 1162 666 quotidiana
1187 618 1263 656 vita

140 686 327 726 lenitatem
359 699 399 725 ac
430 697 684 737 venustatem3
713 700 784 727 nos
811 701 896 727 cum
922 690 1077 728 Zenone
1105 691 1259 736 Eleate,

141 768 233 804 eos,
259 758 324 805 qui
351 759 432 796 Ioni
468 760 729 808 consentiant,
760 761 978 808 hortamur,
1006 769 1048 797 ut
1081 771 1158 798 eam
1184 761 1260 809 J'ac-

1281 222 1381 255 sectio
1393 222 1431 251 11.
1451 222 1477 259 §.
1492 227 1520 255 8.

138 827 289 877 tantiam
308 830 563 868 aemulentur:
592 830 734 878 optime
758 829 853 868 enim
870 830 944 868 illis
964 838 1183 868 eventurum
1204 841 1260 867 ar·
1298 878 1302 882 ὁ

138 895 392 945 bitramur,si
416 910 537 936 rerum
564 899 806 937 honestarum
830 899 1092 945 simulatione,
1120 898 1257 936 sensim

138 966 185 1004 ad
206 978 328 1005 earum
358 979 518 1006 amorem
554 977 668 1016 atque
701 969 978 1007 assuetudinem
1012 965 1256 1007 adducantur.

188 1036 329 1075 Verum
364 1037 524 1076 Pericles
561 1047 637 1076 erat
673 1038 815 1086 homo,
843 1051 884 1076 ac
914 1039 1007 1076 nihil
1035 1038 1185 1076 humani
1210 1038 1255 1075 ab

133 1116 179 1156 eo
207 1105 365 1144 alienum
400 1115 592 1155 putemus.
646 1108 880 1158 Quamquam
916 1110 984 1147 hac
1021 1110 1118 1147 vitae
1147 1109 1256 1146 insti-

132 1177 288 1215 tuendae
325 1176 493 1226 ratione‚
533 1178 696 1215 animum
742 1187 871 1217 contra
912 1181 1085 1218 adversae
1131 1179 1254 1217 fortu-

128 1257 199 1286 nae
235 1246 455 1286 calamitates
493 1248 739 1287 corroborare
777 1251 997 1297 studuerat;
1053 1258 1090 1287 et
1115 1249 1251 1288 amico-

129 1328 211 1355 rum
230 1317 434 1366 jacturam‚
464 1318 522 1356 vel
549 1328 694 1365 morte,
723 1320 782 1356 vel
803 1320 914 1357 caede
937 1320 1116 1358 exsiliove
1143 1320 1252 1358 amis-

127 1398 284 1435 sorum,
322 1388 373 1425 ita
404 1388 632 1437 pertulerat,
673 1398 714 1426 ut
747 1401 765 1426 a
806 1389 870 1426 tali
909 1389 990 1427 viro
1028 1400 1248 1438 exspectes:

127 1468 211 1495 raro
257 1458 434 1506 quidem,
491 1460 556 1498 sed
601 1467 721 1497 tamen
756 1470 1050 1508 nonnunquam,
1104 1461 1148 1499 ab
1185 1461 1248 1499 illa

127 1527 268 1577 egregia
316 1529 428 1567 animi
468 1529 721 1577 magnitudine
753 1530 916 1569 deflexit.
998 1530 1086 1580 Quo
1122 1540 1244 1569 autem

126 1597 249 1637 animo
295 1610 378 1647 erga
426 1598 532 1637 illum
569 1599 758 1638 hominem
798 1601 934 1639 erimus
976 1600 1121 1649 affecti,
1179 1603 1244 1649 qui

124 1676 320 1718 tantopere
351 1680 533 1717 uxorem,
580 1670 679 1709 filios
709 1673 799 1709 adeo
837 1673 1000 1719 amavit,
1032 1681 1097 1720 ut,
1132 1685 1243 1721 quem

123 1737 220 1776 nihil
271 1749 431 1787 unquam
476 1739 644 1787 frangere
693 1750 894 1789 potuerat,
948 1743 1044 1781 vitae
1099 1743 1244 1791 pericu·

121 1807 227 1854 lum,
277 1807 316 1845 in
359 1820 435 1856 quo
472 1809 633 1857 Aspasia
669 1811 916 1859 versabatur,
971 1813 1242 1862 amborumque

121 1875 284 1919 filiorum
308 1878 459 1917 amissio
487 1879 538 1918 ita
568 1882 835 1932 commoverit,
881 1892 922 1921 ut
955 1895 1111 1932 eorum,
1149 1897 1242 1932 quae

1158 1965 1239 1994 ant-

156 2068 208 2108 (1)
228 2071 306 2102 Plitr.
326 2073 366 2103 Η.
386 2074 426 2104 Ν.
445 2073 515 2104 Lib.
537 2074 607 2104 vll.
630 2084 695 2112 cap.
716 2085 766 2114 19.
787 2091 823 2098 —
846 2078 923 2107 Plut.
946 2079 977 2107 in
997 2081 1089 2110 Phoc.
1117 2088 1182 2116 cap,
1206 2091 1236 2118 4.

117 2135 150 2164 p.
161 2125 281 2166 743-1).
300 2142 349 2154 —
366 2133 623 2170 Apophthegmm.
648 2135 742 2170 Regg.
763 2135 794 2163 in
811 2137 965 2167 Phoc.n0.
978 2146 1005 2167 ι.
1017 2145 1047 2172 p.
1062 2141 1128 2172 187.
1141 2138 1178 2167 E.
1200 2152 1238 2160 —

121 2185 202 2225 addi
221 2186 310 2216 etiam
336 2196 477 2224 potuerat
501 2191 675 2227 Euripides.

158 2242 211 2280 (2)
232 2244 313 2274 Plut.
345 2246 376 2274 in
400 2248 465 2277 Per.
490 2256 554 2284 cap.
582 2259 613 2283 5·
644 2258 677 2284 p.
711 2260 776 2288 154.
806 2253 841 2281 E.
