1564 2750
95 1238 253 1270 Lxxxw.

273 1608 343 1636 440·

334 153 382 191 32
564 139 1225 181 COMMENTATIO

336 249 506 299 terlapsis
541 261 629 288 vero
664 250 933 299 quinquaginta
968 249 1086 287 tribus
1106 249 1240 297 annis,
1266 248 1440 287 nonnulli

339 318 514 359 Thessali
550 320 588 357 in
613 331 691 358 eam
717 320 921 358 habitatum
960 327 1242 366 concesserant,
1286 330 1444 366 verum,

338 388 596 437 quinquennio
625 389 688 426 vix
713 397 922 435 transactO,
962 389 1047 426 inde
1071 400 1091 427 a
1116 387 1353 427 Crotoniatis
1382 400 1445 426 ex-

339 458 444 506 pulsi
462 466 565 496 sunt.
620 446 807 497 Miserunt
836 459 948 506 igitur
969 460 1111 508 legatos
1137 458 1305 506 Spartam
1330 457 1449 496 Athe·

340 538 507 576 nasque,
533 536 575 565 ut
597 539 641 566 ex
665 528 736 565 illis
765 526 922 565 urbibus
949 529 1106 565 colonos
1130 535 1323 575 peterent,
1353 537 1451 574 quo-

342 608 421 635 rum
446 598 585 636 auxilio
605 597 761 647 Sybarin
790 597 906 635 redire
936 596 1011 634 sibi
1037 583 1177 635 liceret.
1206 596 1450 634 Advenerunt

343 667 382 705 hi
398 668 508 715 legati
531 668 698 706 Athenas
711 667 903 724 Archonte
927 666 1158 705 Callimacho
1172 694 1186 713 ,
1212 677 1254 703 ac
1271 677 1336 714 per
1353 667 1450 704 duos

347 749 464 776 annos
492 739 537 776 de
554 738 700 776 colonia
724 739 763 790 in
784 737 922 776 Italiam
946 737 1120 775 mittenda
1136 764 1149 784 ‚
1175 735 1221 774 ab
1246 735 1456 774 Athenien·

349 808 455 846 sibus
475 808 628 846 consilia
649 809 782 856 agitata
806 816 908 845 sunt.
939 806 1105 844 Tandem
1119 833 1133 853 ,
1147 814 1311 844 extremo
1332 805 1457 845 Praxi-

353 877 436 916 telis
457 889 553 917 anno
567 907 581 925 ,
611 878 915 917 Lacedaemoniis
938 877 1152 926 petitionem
1175 875 1424 914 abnuentibus
1441 903 1457 924 ‚

354 949 461 987 multi
472 948 717 987 Athenienses
731 976 744 995 ,
760 949 857 986 inter
878 958 976 996 quos
989 946 1208 996 amplissimi
1223 945 1320 993 viri,
1332 946 1457 983 decem

355 1017 514 1055 navibus
540 1017 698 1065 Sybarin
732 1016 917 1065 profecti,
941 1016 981 1054 in
1005 1017 1119 1065 hujus
1143 1014 1246 1053 urbis
1271 1014 1461 1052 vicinitate

356 1086 526 1125 Thurios
549 1087 795 1125 condiderunt
821 1086 890 1136 (1)
916 1084 1030 1136 (Vid.
1058 1084 1144 1123 Obs.
1166 1083 1336 1133 XXV.)-

335 1195 344 1204 ,
406 1157 664 1204 Eretrienses,
714 1158 779 1204 qui
823 1155 862 1194 in
909 1156 1064 1196 Euboea
1107 1154 1347 1201 habitabant,
1394 1163 1462 1191 no-

355 1238 421 1266 vas
467 1238 526 1264 res
568 1227 640 1264 hoc
687 1237 785 1263 anno
829 1225 950 1263 moliti
997 1235 1080 1262 esse
1128 1223 1325 1271 videntur3
1395 1224 1462 1262 sed

357 1308 484 1334 eorum
515 1305 671 1334 conatus
717 1295 877 1343 repressi
929 1302 1045 1340 sunt,
1097 1301 1208 1340 atque
1245 1303 1290 1331 ex
1333 1303 1462 1331 eorum

355 1377 511 1406 numero
555 1366 805 1404 Athenienses
849 1363 1023 1402 ditiorum
1071 1360 1171 1400 filios
1210 1361 1360 1400 obsides
1400 1360 1466 1399 ab·

357 1438 543 1475 duxerunt
559 1463 572 1482 ,
600 1435 853 1484 psephismate
880 1434 1030 1472 decreto
1047 1461 1060 1481 ,
1087 1434 1149 1471 cui
1170 1432 1303 1471 deinde
1328 1441 1465 1470 nomen

358 1507 431 1546 fuit
458 1508 680 1557 Ἐρετριοὶκου
714 1506 923 1553 καταλόγου
949 1504 1034 1553 (2).

410 1579 538 1616 Nullis
569 1576 681 1624 igitur
704 1575 880 1613 hostibus
914 1573 1075 1612 Atticam
1109 1569 1403 1617 infestantibus,
1430 1577 1472 1607 et

358 1648 509 1687 civitate
544 1646 660 1695 magis
687 1644 880 1693 magisque
909 1641 1152 1688 confirmata,
1189 1639 1375 1686 Pericles,
1401 1638 1468 1686 qui

359 1718 536 1765 nolebat,
584 1725 627 1754 ut
653 1716 819 1764 populus
852 1712 1082 1761 quiesceret,
1133 1709 1324 1758 nullisque
1357 1708 1468 1746 bellis

1408 1788 1473 1816 oc-

399 1879 451 1917 (1)
471 1881 550 1908 Plut.
578 1877 608 1906 in
631 1876 738 1908 Pericl.
765 1883 830 1910 cap.
854 1883 896 1904 ιι.
918 1882 951 1909 p.
976 1876 1041 1907 158.
1063 1872 1098 1901 D.
1128 1885 1173 1894 —
1199 1869 1316 1899 Pseudo
1339 1869 1418 1896 Plut.
1440 1866 1472 1895 in

361 1940 398 1968 Χ.
431 1939 514 1966 Orat.
542 1943 608 1970 cap>
635 1943 664 1968 3.
696 1942 728 1969 p.
757 1936 825 1966 835.
848 1932 888 1958 D.
914 1943 953 1951 —
979 1929 1071 1958 Diod.
1095 1926 1153 1956 Sic.
1181 1926 1250 1954 xil.
1276 1933 1342 1960 cap.
1366 1932 1411 1953 ιο.
1432 1936 1472 1945 -·

362 1995 452 2023 Dion.
484 1992 583 2021 Halic.
613 1992 700 2020 Tom.
726 1991 765 2018 V.
794 1997 825 2023 p.
848 1996 917 2025 453.
947 1987 986 2015 R.
1014 1999 1051 2007 —
1080 1983 1160 2013 Pliu.
1195 1982 1275 2012 Hist.
1299 1983 1368 2010 Nat.
1401 1981 1475 2010 ΧΠ.

363 2060 431 2087 cap.
459 2061 489 2087 4.
528 2048 721 2078 Catonianam
749 2053 848 2075 aeram
874 2051 1006 2074 secutus,
1033 2056 1070 2064 —
1099 2042 1203 2076 Steph.
1231 2042 1307 2075 Byz.
1340 2038 1372 2067 in
1404 2046 1477 2069 voc.

367 2111 438 2144 Θοῦ
459 2122 514 2143 coc.

404 2123 457 2208 (αἱ
480 2171 610 2205 Hesych.
630 2169 661 2198 in
678 2176 747 2199 voc.
769 2181 806 2189 -—
827 2165 960 2195 Lexicon
980 2165 1042 2193 MS.
1062 2160 1160 2191 Photii
1178 2160 1261 2191 citat.
1276 2167 1292 2189 a
1308 2159 1418 2189 nodw.
1438 2159 1474 2188 de

371 2229 472 2264 Cyclis
486 2248 495 2263 ,
516 2236 546 2264 p.
566 2235 634 2264 742.
