1502 2767
389 177 983 222 THEOLOGICA.
1175 193 1253 229 205

140 294 179 331 ni
210 304 294 331 sese
331 294 376 331 ad
407 292 545 331 bellum
583 292 805 341 accingunt,
858 292 1081 341 agebamus,
1131 291 1254 341 attigi·

139 374 221 401 mus
260 363 320 408 id,
374 363 477 411 quod
515 361 642 400 forsan
687 364 749 401 hic
795 362 926 400 melius
975 363 1099 400 locum
1149 361 1254 400 inve-

97 438 99 441 ’
138 432 280 481 nisset;
311 433 513 480 nimirum,
543 435 609 481 qul
642 433 812 472 homines
853 431 1070 471 melioribus
1099 443 1253 486 quoque

139 502 332 551 principiis
356 512 392 540 et
428 503 622 541 sententiis
654 504 756 542 ducti
792 504 916 552 ipsum
952 502 1090 541 bellum
1127 513 1252 552 gerere

138 574 277 612 solent.
343 574 423 620 At,
465 584 541 621 quo
581 573 694 622 tnagis
735 574 907 612 brevitati
938 574 1249 620 consuleremus,

140 654 234 690 quae
269 644 436 694 (paragr.
462 645 614 693 super.)
643 655 728 682 cum
764 643 895 691 agendi
920 643 1114 693 principiis
1153 651 1252 681 arcte

140 713 404 760 cohaererent,
434 726 602 763 quaeque
638 714 714 752 fere
749 716 870 753 eadem
902 725 990 753 sunt
1016 724 1053 753 et
1078 715 1116 752 in
1151 715 1252 753 bello

144 784 383 831 suscipiendo
413 793 449 822 et
476 785 514 822 in
547 786 674 823 eodem
701 786 892 834 gerundo,
919 784 972 822 ibi
1010 784 1121 822 simul
1143 796 1258 833 expo-

145 864 232 891 nere
259 853 412 902 placuit.
441 875 494 884 -—
522 854 728 893 Hominum
756 864 877 893 autem
907 855 952 893 de
990 855 1088 892 bello
1125 866 1260 904 gerun-

143 924 193 962 do
230 925 492 963 sententiarum
530 924 738 962 emendatio
776 935 853 962 non
878 932 1020 962 tantum
1052 925 1090 962 in
1116 936 1160 962 eo
1183 937 1262 963 cer-

143 993 271 1040 nitur,
315 995 419 1042 quod
456 994 674 1032 melioribus
715 994 910 1042 principiis
945 995 1072 1041 ducti,
1119 994 1259 1033 bellum

143 1063 353 1111 suscipiunt
389 1064 562 1111 idemque
594 1071 764 1111 gerunt,
807 1075 936 1101 verum
969 1063 1077 1102 etiam
1113 1064 1151 1102 in
1188 1076 1259 1112 eo,

144 1133 246 1181 quod
283 1134 404 1171 minus
420 1160 433 1180 ,
467 1132 580 1184 idque
611 1145 681 1171 non
717 1133 812 1171 data
845 1135 1061 1185 opera‘st‘nt
1097 1133 1263 1173 crudeles

141 1203 202 1241 vel
229 1212 397 1251 atroces,
444 1203 547 1255 quod
582 1205 755 1255 inprimis
782 1212 865 1255 post
902 1205 1100 1242 victoriam
1135 1215 1263 1256 repor-

141 1259 263 1313 tatam
298 1275 448 1321 injure
477 1274 563 1312 belli
584 1276 744 1324 aliisque
767 1276 954 1313 cernitur.

193 1345 294 1383 Haec
329 1345 399 1383 tria
429 1353 472 1382 ut
513 1344 633 1383 cuivis
677 1345 716 1383 in
758 1345 891 1382 oculos
926 1344 1144 1391 incurrant,
1183 1356 1260 1383 non

143 1426 299 1453 necesse
332 1416 446 1461 duxi,
499 1414 645 1462 singula
686 1415 862 1462 deinceps
903 1414 1087 1462 probare,
1129 1427 1259 1453 verum

144 1485 271 1532 paucis
297 1493 440 1522 tantum
474 1483 762 1532 descriptionem
787 1483 962 1522 exhibere
990 1493 1155 1522 veterum
1184 1485 1264 1523 bel-

142 1554 171 1592 li
205 1555 360 1603 gerundi
388 1554 543 1592 rationis
561 1583 574 1601 ‚
602 1554 712 1602 eique
739 1554 1004 1592 hodiernorum
1033 1555 1260 1603 populorum

146 1624 446 1663 Christianorum
473 1624 653 1662 rationem
681 1635 873 1673 opponere
900 1633 935 1662 et
961 1623 1145 1663 conferre.

197 1694 298 1733 Ante
325 1706 433 1742 quam
461 1705 548 1732 vero
578 1705 622 1732 eo
649 1702 877 1732 transeamus
895 1721 908 1741 ‚
938 1694 1132 1742 sequentia
1160 1706 1264 1743 prae-

150 1766 331 1804 monenda
370 1773 474 1804 sunt.

168 1848 173 1867 κ
210 1835 383 1882 Plerique
412 1834 616 1882 homines,
652 1833 717 1872 ubi
754 1834 877 1884 agitur
910 1836 955 1874 de
990 1836 1183 1875 hominum
1219 1837 1265 1874 de

146 1904 247 1942 bello
281 1904 448 1952 gerundo
483 1904 749 1942 sententiarum
791 1904 1074 1952 emendatione,
1115 1904 1153 1942 in
1188 1916 1268 1942 me-

148 1975 300 2013 moriam
348 1974 419 2012 sibi
467 1985 638 2012 revocare
676 1975 799 2012 solent
837 1974 916 2012 dira
951 1975 1012 2013 illa
1055 1984 1093 2014 et
1137 1973 1273 2013 nefan-¹

149 2049 225 2093 da,
278 2057 370 2094 quae
415 2044 549 2094 populi
596 2043 803 2083 Christiani
853 2044 1111 2092 belligerantes
1160 2056 1266 2093 pere-

151 2124 311 2163 gerunt,
363 2123 399 2152 et
432 2125 478 2152 cx
506 2112 615 2152 factis
651 2113 759 2151 unice
797 2124 874 2150 rem
911 2111 1155 2162 dijudicantes
1199 2113 1269 2150 du-

151 2185 204 2221 bii
230 2186 377 2222 haerent
406 2193 441 2222 et
468 2182 673 2232 disceptare
702 2184 764 2221 vix
797 2183 960 2229 audent,
1004 2190 1128 2220 utrum
1166 2192 1268 2221 vete—

150 2266 210 2292 res
235 2255 460 2293 Christianis
488 2253 640 2302 populis
674 2252 889 2290 crudelitate
918 2260 953 2289 et
978 2252 1170 2290 atrocitate
1206 2264 1268 2290 ce-

1153 2323 1268 2370 dant,
