1502 2767
251 167 300 212 64
469 158 1133 202 COMMENTATlo

734 283 769 332 §.
819 297 858 333 4.

281 434 283 436 '
329 426 462 465 Allata
499 432 721 474 argumenta
759 432 944 474 urgentur
981 436 1018 462 eo
1031 452 1044 472 ,
1085 422 1186 474 quod
1219 429 1266 462 ex

392 494 543 532 Ethices
578 494 816 531 Christianae
850 493 1021 531 doctrina
1054 493 1199 531 licitum

570 564 619 601 sit
646 563 720 601 vim
751 562 791 600 νί
828 562 1016 612 repellere.

296 689 467 729 Studium
504 690 606 738 (sive
653 688 919 736 instinctum),
968 687 1072 735 quod
1111 687 1250 724 homini
1287 697 1352 725 na-

244 768 326 797 tura
352 760 474 807 inest,
499 759 612 797 vitam
647 767 684 796 et
716 758 814 796 bona
843 757 998 805 tuendi,
1039 767 1088 795 ne
1121 755 1266 795 irritum
1293 767 1351 794 es-

213 851 216 853 ·
243 839 325 877 set,
352 841 472 868 rerum
495 839 646 867 naturae
672 829 889 867 Procreator
907 827 1116 876 prospexit.
1145 825 1224 864 Ubi
1250 824 1349 864 enim

245 900 289 937 ad
321 911 442 937 rerum
472 908 636 937 naturam
671 899 804 936 oculos
838 905 1061 944 convertas,
1090 894 1243 943 quaevis
1271 894 1352 932 ani-

240 969 402 1016 mantia,
430 969 508 1006 sive
542 968 693 1018 maJ'oris
731 968 874 1018 generis
914 967 1020 1015 sint,
1045 967 1127 1005 sive
1158 965 1313 1004 minoris
1332 993 1347 1014 ,

240 1052 260 1078 a
292 1051 437 1078 summo
486 1040 688 1085 Creatore,
741 1038 883 1086 armis,
937 1038 1078 1086 quibus
1119 1049 1157 1076 se
1203 1047 1346 1084 suaque

239 1118 412 1151 tueantur
448 1118 485 1147 et
520 1107 745 1155 defendant,
786 1108 968 1146 instructa
996 1107 1130 1155 vides3
1171 1107 1270 1144 unde
1300 1116 1347 1143 ex

241 1191 327 1219 vero
361 1179 577 1217 Venusinus
613 1178 770 1215 cecinit:

325 1264 436 1292 Dente
457 1261 574 1301 lupus,
594 1270 693 1290 cornu
715 1265 835 1289 taurus
850 1260 962 1300 petit,
986 1259 1070 1289 unde
1089 1258 1157 1288 nisi
1177 1259 1270 1288 intus

925 1323 1147 1347 mon-stratum
1168 1316 1217 1357 (ι)
1231 1317 1247 1347 ?

240 1394 338 1433 Hinc
375 1394 473 1431 haud
507 1401 644 1431 temere
684 1394 758 1442 Jam
799 1391 1003 1440 antiquitus
1036 1392 1160 1440 plures
1195 1401 1349 1428 monue-

241 1473 351 1511 runt,
379 1465 472 1502 hane
507 1474 590 1501 esse
621 1470 773 1500 naturae
806 1463 1032 1500 voluntatem
1051 1490 1064 1508 ‚
1104 1470 1146 1499 ut
1181 1461 1347 1499 animalia
1386 1511 1388 1513 Ι

239 1535 374 1581 bruta,
402 1532 465 1570 ubi
492 1533 536 1569 ab
567 1532 646 1569 aliis
675 1541 853 1579 petuntur
879 1532 976 1579 (2),
1004 1542 1087 1569 sese
1111 1530 1347 1569 defenderent

240 1617 276 1645 et
314 1607 351 1645 vi
386 1618 451 1644 sua
486 1606 558 1643 sibi
591 1605 834 1643 vindicarent.

291 1677 440 1726 Quodsi
455 1676 642 1713 hominem
655 1674 892 1719 consideres,
918 1673 983 1720 qui
1004 1673 1096 1711 semi
1119 1679 1260 1710 tantum
1273 1671 1350 1709 ani-

242 1749 312 1786 mal
336 1746 406 1783 dici
436 1743 587 1794 potest,
624 1746 663 1783 in
692 1747 821 1783 oculos
849 1744 1003 1782 incurrit
1021 1772 1034 1791 ‚
1074 1743 1161 1781 huic
1200 1742 1348 1789 quidem

1270 1822 1348 1850 non

211 1946 215 1949 ι
282 1908 333 1945 (ι)
354 1905 570 1939 Horatius,
595 1906 718 1940 Satyr.‚
740 1905 773 1934 L.
799 1905 836 1932 11.
859 1907 887 1933 S.
912 1904 938 1932 1.
962 1911 1010 1937 53.
1049 1903 1295 1937 Xenophon,
1315 1901 1348 1931 in

247 1968 376 2002 Cyrop.‚
400 1964 437 1992 L.
462 1964 502 1992 11.
524 1963 562 1990 C.
585 1971 612 1996 3.
632 1959 867 1994 Lucretius,
888 1961 935 1988 De
961 1961 1076 1987 Rerum
1093 1963 1240 1994 Natura,
1260 1961 1283 1988 1.
1303 1967 1350 1990 vs.

246 2031 329 2055 1032.
349 2023 395 2051 Ne
406 2021 443 2049 ad
459 2008 647 2048 notissimar'n
666 2017 940 2046 Anacreontis
961 2019 1067 2053 odam,
1087 2013 1188 2052 Φύσις
1216 2013 1348 2055 κέρας-κ

245 2077 379 2115 ταύροις
400 2086 431 2106 er
447 2085 523 2113 quae
538 2083 723 2111 sequuntur,
745 2083 956 2110 provocemus.

281 2139 333 2175 (ε)
355 2136 455 2164 Verbo
483 2136 556 2162 haec
583 2134 633 2161 Mc
658 2132 810 2160 monuisse
840 2132 985 2160 sufficiat:
1024 2133 1108 2166 plura
1144 2131 1196 2166 qui
1228 2130 1349 2166 cupiat,

242 2197 327 2224 adeat
346 2191 547 2224 Grotium,
573 2190 607 2216 de
625 2191 699 2224 jure
724 2190 801 2216 belli
821 2199 855 2216 ac
876 2191 985 2224 pacis,
1006 2189 1072 2217 Lib.
1097 2190 1124 2217 1.
1150 2189 1186 2217 C.
1211 2199 1240 2218 2.
1263 2187 1292 2225 ξ.
1315 2198 1346 2224 7.

237 2251 354 2281 ubiVir
363 2247 554 2280 doczissimus
569 2249 660 2275 multa
677 2254 812 2275 veterum
825 2248 908 2281 loca,
920 2246 998 2274 idem
1016 2246 1176 2274 referentia
1188 2246 1349 2282 ‚contulit.
