1502 2767
209 189 255 237 3⁶
414 170 1072 219 COMMENTATIO

213 295 384 343 gulorum
419 290 493 327 sint
530 286 750 330 commoda,
789 283 826 322 id
853 284 1066 332 postulare,
1100 282 1202 328 quod
1239 280 1321 318 fieri

217 374 296 402 non
331 368 485 410 potest,
513 366 549 394 et
581 364 658 393 tum
684 355 828 392 demum
857 353 975 401 ipsius
1002 351 1184 390 desiderio
1214 350 1321 388 satis-

220 432 301 471 fieri
327 440 461 479 posse,
489 426 521 464 si
548 425 672 464 orbem
707 433 882 461 terrarum
914 421 1195 460 commutaverit
1223 420 1322 457 aliis-

224 512 298 550 que
334 497 546 536 hominibus
587 493 821 532 habitandum
847 492 1086 530 concesserit.

275 569 381 618 Quae
415 577 530 615 quum
565 564 614 602 ita
642 563 742 610 sint,
770 573 1018 609 auguramur,
1041 561 1168 610 Jesum
1196 559 1329 599 Chris·

227 648 333 684 tum,
361 647 470 683 quem
500 635 714 682 depravatae
748 632 890 680 generiS
923 632 1070 669 humani
1101 629 1330 668 conditionis

229 708 347 758 probe
377 704 595 749 conscium,
621 702 691 752 per'
714 702 828 749 ipsam
865 713 967 739 suam
1001 701 1214 749 religionem
1252 709 1332 737 tur-

229 780 295 817 bas
320 784 508 815 exorturas
544 772 812 821 praevidentem
842 771 1113 819 comperimus,
1141 781 1210 818 pro
1231 780 1332 807 sum-

231 860 312 894 ma,
340 847 415 894 qua
443 842 646 893 gaudebat,
673 841 879 889 sapientia,
904 850 980 878 non
1013 841 1049 877 id
1086 838 1228 876 efficere
1261 849 1330 876 nec

231 915 480 967 praescribere
501 912 694 958 voluisse,
721 910 822 960 quod
837 910 914 948 fieri
931 921 1006 948 non
1035 919 1182 957 posset3
1211 918 1334 955 neque

232 987 326 1025 adeo
348 985 487 1022 bellum
515 982 593 1020 suis
624 980 875 1020 Sectatoribus
900 979 1067 1018 illicitum
1094 978 1335 1028 pronuncias·

234 1067 301 1094 se:
331 1055 424 1101 sed,
452 1052 497 1090 ab
530 1053 640 1089 altera
677 1060 806 1099 parte,
833 1050 942 1088 simul
967 1037 1125 1096 aon’
1154 1048 1219 1096 qui
1255 1049 1339 1085 reli·

236 1124 381 1174 gionem
413 1121 595 1168 condidit,
618 1122 690 1168 qua
702 1131 829 1157 omnes
843 1119 976 1168 populi
997 1119 1036 1156 in
1063 1121 1135 1156 hoc
1161 1127 1337 1156 terrarum

237 1194 330 1232 orbe
352 1192 497 1231 educari
530 1191 701 1238 beatique
739 1190 891 1227 evadere
930 1197 1110 1236 possent,
1150 1197 1340 1236 exspecta-

238 1256 346 1310 mus,
385 1273 470 1301 cum
509 1261 644 1298 bellum
671 1271 814 1307 semper
851 1267 991 1297 maneat
1031 1259 1163 1295 malum
1200 1268 1235 1295 et
1271 1256 1340 1293 ho-

239 1333 354 1372 mines
394 1332 509 1369 libere
549 1331 640 1368 illud
674 1329 859 1375 excitent,
899 1336 1049 1377 gerant,
1085 1337 1145 1375 et,
1187 1327 1342 1366 historia

239 1405 360 1449 duce,
385 1399 509 1449 negari
531 1408 715 1447 nequeat,
742 1399 923 1436 bellorum
939 1408 1131 1435 numerum
1158 1397 1340 1443 diminui,

242 1482 279 1511 et
316 1470 440 1518 varia,
468 1470 547 1509 sive
575 1468 781 1507 crudeliore
816 1468 894 1506 sive
920 1467 1087 1514 mitiori,
1117 1467 1256 1505 ratione
1282 1478 1344 1515 ge·

241 1542 273 1580 ri
305 1552 442 1589 posse3
484 1548 763 1588 exspectamus,
792 1537 940 1585 inquam
958 1565 971 1584 ,
998 1546 1039 1575 ut
1068 1538 1133 1574 hac
1166 1549 1231 1574 sua
1260 1537 1345 1574 reli-

242 1611 366 1659 gionis
407 1609 594 1655 doctrina,
649 1614 915 1655 quantumpote
954 1606 1040 1643 belli
1078 1617 1206 1644 causas
1242 1604 1344 1644 aufe-

242 1687 324 1726 rat,
353 1687 412 1725 et,
443 1688 519 1715 non
545 1676 615 1714 nisi
642 1688 782 1714 summa
814 1676 966 1724 iubente
998 1675 1239 1721 necessitate,
1268 1676 1345 1723 geri

243 1749 366 1796 sinat3
396 1756 430 1785 et
457 1746 642 1793 denique,
672 1745 703 1782 si
729 1745 806 1793 geri
845 1756 941 1792 opus
967 1744 1036 1791 sit,
1066 1756 1173 1791 quam
1203 1745 1345 1784 brevis·

244 1819 337 1857 sime
370 1827 406 1855 et
437 1815 719 1854 clementissime
746 1826 867 1863 gerere
905 1815 1048 1852 doceat.

295 1889 401 1938 Quae
421 1887 453 1924 si
474 1885 751 1934 probaverimus
778 1884 988 1932 religionem
1012 1885 1258 1923 Christianam
1289 1897 1345 1924 re·

245 1970 330 1998 vera
373 1958 505 1995 docere
542 1964 579 1992 et
615 1956 751 1991 efficere
781 1955 899 2000 velle,
951 1953 982 1990 si
1025 1954 1114 2001 quid
1146 1955 1345 1997 videmus,

247 2039 388 2067 novum
422 2026 530 2064 nobis
565 2032 711 2072 praesto
746 2024 814 2061 erit
844 2032 1123 2072 argumentum,
1158 2037 1232 2072 quo
1263 2026 1346 2063 reli.

249 2097 370 2147 gionis
398 2094 657 2141 Christianae,
685 2094 823 2142 quippe
858 2094 1030 2131 omnibus
1062 2095 1212 2141 populis
1240 2106 1346 2143 aptae

249 2176 289 2208 et
320 2169 475 2209 salutem
510 2165 698 2204 civitatum
734 2176 840 2212 quam
872 2164 1026 2201 maxime
1062 2166 1345 2213 promoventis,

253 2238 355 2275 etiam
380 2237 445 2274 hac
469 2235 505 2273 in
535 2242 636 2282 parte
659 2243 899 2282 agnoscamus
928 2233 1211 2283 praestantiam3
1238 2236 1347 2279 *Nu-

1279 2314 1347 2340 nn-
