1502 2767
243 186 291 222 30
464 180 1120 221 COMMENTATIO

246 292 389 334 soleat,
416 289 630 336 attendens,
647 300 828 338 auguror,
851 301 1040 338 perversas
1070 289 1159 328 istas
1183 289 1228 328 de
1253 291 1342 329 doc-

247 361 342 399 trina
378 358 589 398 Christiana
612 358 810 396 sententias
834 359 934 398 vario
963 367 1128 407 tempore
1157 358 1342 407 prolatas,

245 442 334 479 quas
349 430 555 467 Doctrinae
571 428 806 467 Christianae
821 457 834 476 ‚
861 441 953 477 quae
970 429 1040 466 dici
1064 430 1159 467 solet
1177 456 1192 476 ,
1216 428 1345 467 Histo-

247 503 309 538 ria
348 498 495 536 exhibet
511 526 524 545 ‚
563 498 639 536 fere
662 499 706 535 ad
729 509 836 535 unam
863 509 991 536 omnes
1027 499 1217 536 hominum
1242 508 1345 535 men-

245 570 300 617 ti,
340 580 433 616 quae
466 568 535 606 rite
570 567 834 615 interpretandi
868 568 1010 605 ratione
1047 576 1104 605 est
1135 567 1340 615 destituta,

245 639 500 677 obversaturas
532 649 628 675 esse.
643 658 681 665 —
699 637 886 684 Tempora
899 663 913 684 ‚
942 637 1078 685 quibus
1095 636 1275 674 sententia
1295 635 1343 674 de

242 708 368 755 bello,
395 698 610 746 Christiano
633 706 774 744 homini
801 705 899 743 haud
921 705 1028 743 licito
1043 733 1057 752 ,
1083 706 1255 752 exstitit„
1275 706 1346 744 ho-

244 779 359 816 mines
384 788 428 816 eo
462 777 669 824 ducebant3
709 774 929 824 consilium,
972 786 1048 823 quo
1086 775 1345 823 ducebantur,

243 850 315 886 hoc
354 856 428 886 erat
444 875 457 894 ,
496 855 538 884 ut
580 847 692 884 vitam
730 845 898 884 viverent
941 844 1194 894 spiritualem,
1236 844 1344 883 unice

243 920 325 957 Deo
359 927 396 956 et
423 916 579 956 Christo
609 917 777 955 dicatam.
839 940 842 945 ι

293 989 401 1038 Quae
434 998 567 1035 quum
586 995 745 1034 reputo,
792 986 968 1024 id-credo
1003 996 1039 1024 et
1067 985 1240 1034 confido,
1273 986 1344 1024 hos

241 1057 410 1097 homines
442 1057 487 1095 ad
517 1057 611 1095 hanc
637 1056 854 1094 sententiam
880 1056 1118 1104 pervenisse,
1139 1066 1216 1093 non
1248 1056 1338 1094 adeo

244 1127 392 1177 ignavia
428 1125 580 1164 malisve
625 1125 792 1164 consiliis
826 1125 988 1172 ductos,
1038 1127 1103 1163 sed
1136 1126 1263 1174 potius
1295 1138 1342 1164 ex

242 1199 308 1246 pio
338 1196 448 1234 animi
481 1207 622 1243 sensu,
658 1207 703 1233 ex
738 1206 784 1233 eo
825 1196 926 1242 quod
960 1198 1134 1243 perversa
1178 1198 1347 1244 amoris,

244 1268 387 1315 qualern
408 1266 521 1315 ¹Jesus
548 1265 688 1311 voluit,
717 1264 1051 1311 notione‘imbuti‚
1079 1264 1344 1314 opinarentur,

242 1350 304 1382 se,
332 1336 364 1374 si
386 1347 406 1373 a
431 1336 528 1373 bello
554 1334 660 1372 alieni
685 1342 810 1381 erant,
840 1334 994 1380 reliquis
1022 1334 1196 1373 omnibus
1219 1335 1259 1373 in
1274 1335 1345 1373 ob-

243 1405 434 1445 servandis
467 1405 538 1444 Dei
566 1414 602 1442 et
627 1405 717 1453 Jesu
743 1403 887 1442 Christi
919 1404 1153 1451 praeceptis,
1185 1415 1347 1452 praesta-

245 1488 298 1516 re.
325 1498 377 1507 —
403 1475 502 1514 Hinc
529 1482 726 1522 appareat,
756 1472 847 1520 quid
867 1474 911 1511 de
938 1473 983 1511 iis
1002 1474 1238 1522 J‘udicandum
1265 1475 1343 1522 sit,

247 1557 374 1584 eorum
409 1544 579 1582 nimirum
613 1542 741 1591 potius
778 1542 1020 1580 miserendum
1045 1554 1186 1591 eosque
1214 1543 1346 1583 leniter

243 1615 290 1653 ad
324 1613 494 1651 meliores
524 1611 723 1649 sententias
750 1612 938 1649 ducendos
967 1622 1072 1660 esse,
1100 1613 1260 1661 quisque
1286 1625 1347 1653 ae·-

243 1695 341 1731 quus
376 1683 488 1732 judex
513 1693 654 1719 mecum
687 1679 878 1719 fatebitur.
931 1681 1042 1718 Haud
1070 1681 1150 1719 scio
1176 1694 1251 1731 an,
1278 1683 1345 1732 qui

240 1754 345 1791 aliter
371 1761 413 1790 ut
439 1752 483 1788 de
507 1752 587 1797 his,
615 1750 666 1788 ita
688 1750 794 1796 aliis,
819 1761 1010 1798 perversas
1036 1751 1082 1789 de
1097 1751 1188 1802 Jesu
1212 1753 1344 1791 Chris-

242 1822 278 1860 ti.
304 1822 470 1859 doctrina
497 1819 692 1868 opiniones
722 1817 968 1867 foventibus,
987 1820 1191 1869 judicatum
1226 1822 1341 1870 velit,

243 1892 377 1931 mentis
413 1892 592 1928 hnmanae
625 1889 663 1927 in
685 1900 844 1927 errorem
879 1900 1017 1938 pronae
1047 1898 1083 1927 et
1105 1899 1344 1939 temporum,

243 1962 381 2011 quibus
413 1961 549 2009 singuli
576 1959 822 2008 exstiterunt,
851 1959 974 1998 minus
1014 1959 1250 2000 sufficientem
1278 1962 1343 2000 ha-

244 2033 328 2072 beat
362 2031 552 2070 rationem.

1257 2298 1295 2345 ἕ.
1310 2309 1349 2345 4.
