1502 2767
413 212 1007 253 THE0L001CA.
1206 215 1274 260 285

170 323 372 375 justiores,
399 324 617 372 aequiores,
647 333 681 361 et
704 324 861 361 leniores
886 322 1116 369 reddidisse,
1144 330 1185 359 ut
1211 320 1280 358 alia

174 393 333 442 probant
388 395 597 442 permulta,
648 394 696 431 ita
757 383 925 441 inprimis
978 392 1089 438 talia,
1143 390 1281 438 quibus

174 474 251 502 non
282 464 407 513 potuit
438 474 513 501 non
538 464 575 501 id
602 463 720 510 effici,
764 473 806 501 ut
839 463 961 509 bella,
990 474 1072 500 cum
1103 471 1279 507 externa,

175 542 255 572 tum
290 535 460 580 interna,
500 534 673 582 pauciora
705 543 828 573 essent
855 544 1040 579 numero,
1082 524 1283 579 eademque

176 603 392 642 melioribus
430 603 624 653 principiis
659 604 856 651 leniusque
884 610 1109 651 gererentur.

223 673 295 712 His
320 673 415 711 viam
446 673 557 713 nobis
585 673 784 712 stravimus
803 701 816 720 ,
852 675 925 721 qua
958 673 1030 721 jam
1060 671 1175 720 magis
1201 682 1285 720 spe-

173 741 295 780 ciatim
329 743 558 790 inquiramus
594 752 630 781 et
663 743 903 789 definiamus,
955 743 1096 790 qualern
1134 742 1207 779 vim
1249 750 1285 778 et

176 811 421 850 efficacitatem
472 813 559 850 haec
611 813 733 851 omnia
783 813 821 850 in
873 812 1063 850 hominum
1106 811 1151 849 de
1186 811 1284 848 bello

176 885 340 932 gerundo
370 885 570 923 sententias
607 886 846 923 emendandas
876 884 1085 922 habuerint.

284 1147 600 1192 SECTIO
652 1145 1166 1186 POSTERIOR.

171 1307 412 1336 DEFINITUR
438 1310 496 1336 ET
525 1310 760 1339 HISTORIAE
801 1312 1069 1341 TESTIMONIO
1094 1315 1282 1342 covao·

224 1375 369 1406 BATUR
384 1394 397 1415 ,
418 1379 653 1417 QUATENUS
674 1380 916 1408 RELlGIOle
939 1383 1230 1411 CHRISTIANAE

296 1448 521 1476 DOCTRINA
546 1450 748 1477 HOMINUM
767 1450 823 1477 DE
854 1452 989 1479 BELLO
1019 1453 1184 1481 GERUN-

372 1518 425 1545 DO
453 1519 724 1547 SENTENTIAS
750 1521 1083 1549 EMENDAVERIT.

367 1789 722 1818 CONSPECTUS
768 1791 1076 1818 SECT1ON15.

217 1915 448 1984 Religionis
470 1938 705 1977 Christianae
737 1939 905 1977 doctrina
935 1940 1104 1977 homines
1131 1938 1282 1978 meliora

167 2005 346 2054 docens,
392 2009 619 2055 populorum
667 2010 932 2059 conjunctione
992 2010 1280 2058 constituenda,

167 2075 311 2124 imperii
340 2075 495 2124 formis,
542 2077 688 2126 legibus
731 2087 766 2116 et
796 2077 979 2117 institutis
1016 2079 1279 2126 emendandis,

166 2130 262 2182 viam
285 2145 358 2185 sibi
392 2148 548 2196 stravit,
577 2150 652 2195 qua
684 2148 876 2186 hominum
910 2150 954 2187 de
988 2149 1090 2186 bello
1113 2151 1276 2197 gerundo

167 2216 365 2254 sententias
401 2219 620 2257 emendaret.
676 2218 792 2269 Quod
822 2230 1003 2270 quatenus
1025 2219 1179 2267 fecerit,
1205 2220 1278 2268 Jam

165 2283 316 2324 definire
342 2294 377 2324 et
413 2287 567 2335 probare
595 2289 841 2338 aggredimur.

1188 2361 1277 2399 (Jer-
