1538 2689
562 126 913 168 MEDICA.
1248 134 1294 172 13

191 249 323 279 versus
348 238 457 279 finem
481 237 635 277 arteriae
664 237 787 286 posita
813 244 870 275 est
903 242 941 274 et
972 234 1080 285 cujus
1105 232 1302 272 circumfe-

191 309 306 347 rentia
317 309 488 347 cohaeret
506 319 591 346 cum
618 307 776 356 coagulo
799 305 986 355 lymphae.
1012 304 1221 353 Coagulum
1245 303 1303 341 in-

193 387 337 418 ternum
381 389 458 417 non
506 379 614 428 plane
654 385 812 426 occupat
851 376 975 414 lumen
1009 373 1184 420 arteriae,
1234 380 1302 420 et,

194 449 363 499 quamvis
401 447 557 487 formam
596 447 731 486 'habeat
764 445 930 485 conicam
948 473 962 493 ,
1009 452 1130 482 tamen
1165 441 1305 482 sensim

195 519 408 567 sensimque
435 517 582 557 videtur
609 526 736 556 ortum
763 526 860 555 esse.

249 595 306 638 3⁰.
335 588 474 637 Magna
499 595 555 625 est
576 586 781 625 differentia
805 587 901 624 inter
921 585 1116 633 coagulum
1133 611 1148 631 ,
1162 583 1266 632 quod
1285 594 1308 621 e

197 669 309 708 parva
323 656 514 707 sanguinis
527 656 730 705 quantitate
752 655 935 694 formatur
961 663 1000 693 et
1024 654 1120 692 inter
1135 653 1307 702 lymphae

198 728 422 778 coagulum,
436 727 538 775 quod
562 738 606 765 ex
618 726 691 764 fine
719 725 870 764 arteriae
892 725 1134 764 inflammatae
1158 724 1306 772 oritur3

197 799 308 849 cujus
337 799 470 844 color,
495 796 617 845 primo
642 797 713 846 J‘am
741 797 946 844 adspectu,
969 794 1086 844 magis
1115 794 1309 840 bruneus,

200 879 310 917 quam
337 867 527 906 albescens
550 873 714 914 apparet.
768 865 892 903 Causa
923 864 1035 902 huius
1072 862 1212 901 coloris
1234 862 1312 901 for-

198 938 298 976 sitan
335 947 393 975 est
428 935 559 975 mixtio
595 947 680 973 cum
720 934 885 984 globulis
923 933 1114 983 sanguinis
1158 932 1312 980 rubris,

199 1008 265 1047 sed
300 1006 514 1057 praesertim
565 1005 712 1055 coaguli
736 1004 882 1053 plastici
925 1015 1043 1042 nexus
1078 1013 1163 1041 cum
1200 1002 1314 1041 inter·

199 1087 248 1116 na
283 1077 432 1115 arteriae
466 1059 691 1124 superficie,
718 1074 806 1113 dum
844 1083 973 1113 contra
999 1074 1196 1123 coagulum
1231 1083 1317 1112 san·

199 1146 324 1197 guinis
351 1146 534 1184 internum
568 1145 662 1183 nulli
697 1146 782 1184 loco
813 1145 1032 1191 adhaereat,
1059 1152 1316 1193 praeterquam

199 1216 239 1255 in
272 1224 374 1265 parte
395 1216 552 1263 baseos,
580 1226 674 1265 quae
694 1216 822 1265 juncta
847 1222 904 1253 est
937 1225 1022 1253 cum
1060 1213 1213 1263 lympha
1259 1223 1317 1251 re·

200 1294 327 1325 center
355 1287 544 1327 exsudata.

252 1356 368 1395 Paulo
404 1367 492 1394 vero
545 1365 634 1405 post
668 1357 864 1406 coagulum
892 1356 1079 1395 internum
1124 1352 1316 1405 sanguinis

201 1436 274 1466 tam
310 1435 408 1465 arcte
434 1427 678 1477 conjunctum
707 1437 763 1465 est
802 1438 886 1465 cum
915 1426 1059 1465 interna
1094 1425 1317 1475 superficie,

202 1507 245 1536 ut
281 1509 438 1546 prorsus
473 1497 642 1536 videatur
684 1497 847 1546 separari
890 1497 1022 1545 nequi,
1085 1497 1194 1546 cujus
1229 1506 1322 1533 con-

200 1567 404 1618 junctionis
432 1578 542 1606 causa
566 1568 654 1606 latet
686 1568 736 1605 in·
759 1567 1014 1605 contractione
1047 1566 1197 1606 arteriae
1230 1575 1321 1604 con·

204 1637 320 1676 tinua.
374 1631 502 1688 Quum
535 1639 731 1687 coagulum
767 1638 839 1675 hoc
868 1637 1054 1675 internum
1082 1635 1274 1687 sanguinis
1300 1648 1320 1674 a

206 1707 402 1757 superficie
445 1708 586 1747 interna
636 1707 788 1746 arteriae
826 1715 1034 1756 separatum
1080 1706 1166 1754 sit,
1231 1706 1318 1744 haec

205 1790 353 1827 semper
378 1772 510 1827 gaudet
542 1779 668 1819 colore
692 1778 790 1817 flavo
818 1778 956 1827 nigro,
983 1777 1111 1826 prouti
1149 1776 1323 1815 videntur

205 1848 358 1887 laminae
398 1848 547 1898 coaguli
595 1847 805 1897 superficiei
851 1847 1015 1886 internae
1060 1846 1322 1898 adglutinatae.

206 1918 448 1967 Mirandum,
501 1919 664 1957 colorem
700 1914 847 1967 nigrum
885 1918 993 1956 etiam
1021 1917 1060 1955 in
1106 1917 1152 1954 iis
1182 1915 1325 1955 arteriis

207 1999 424 2036 occurrere,
468 1990 507 2027 in
544 1989 683 2037 quibus
714 1989 776 2027 vix
812 1989 928 2026 ullum
966 1989 1164 2036 coagulum
1206 1986 1324 2025 adest.

209 2059 377 2108 Coagula
419 2060 482 2097 illa
518 2058 710 2108 sanguinis
761 2057 983 2107 temporaria
1031 2065 1121 2094 sunt
1159 2064 1195 2093 et
1251 2066 1329 2093 non

211 2128 366 2166 multum
391 2127 531 2167 faciunt
563 2129 608 2167 ad
632 2129 832 2167 sistendam
858 2125 1168 2174 haemorrhagiam
1187 2152 1201 2172 ,
1239 2125 1329 2162 dum

212 2197 362 2244 primam
400 2198 707 2248 haemorrhagiam
742 2205 942 2246 coercent,
979 2195 1257 2246 permittendo,
1285 2205 1328 2231 ut

1266 2276 1325 2304 vis
