1502 2767
218 188 269 230 40
457 168 1121 213 COMMENTATIO

223 296 301 323 tum
340 284 538 329 universa,
579 292 675 329 quae
699 281 769 319 sub
802 281 936 329 quavis
970 280 1112 329 imperii
1147 278 1247 319 form
1262 289 1324 317 va-

223 357 300 394 lent
315 385 327 401 ‚
347 356 391 392 de
418 353 527 390 rebus
551 350 724 388 civilibus
745 351 844 388 dedit
864 359 1055 399 praecepta
1078 352 1172 397 (qua
1196 350 1324 387 obser-

222 425 370 463 vatione
395 423 506 460 modo
520 422 614 459 dicta
636 421 823 467 aliquibus
840 421 1195 458 circumscribuntur
1221 419 1316 458 limi-

222 495 367 543 tibus);
395 500 578 540 praeterea
593 490 736 529 Christi
760 491 925 528 doctrina
950 502 1008 528 eas
1025 491 1102 528 suis
1129 489 1320 528 sectatori-

224 566 297 603 bus
325 561 543 612 praescribit
572 561 757 607 virtutes,
775 572 894 607 quae,
918 573 936 598 a
960 561 1148 607 religionis
1185 558 1323 597 doctri·

222 646 296 681 na,
334 633 367 670 si
400 632 574 670 omnibus
610 630 783 679 gentibus
808 638 892 677 apta
917 630 1013 676 erit,
1052 641 1071 667 a
1104 629 1227 677 priore
1260 640 1322 668 ex·

223 704 467 753 spectandae,
491 713 567 739 non
597 709 757 750 possunt
783 711 859 737 non
884 700 1047 747 optimos
1085 699 1185 737 cives
1211 697 1327 736 infor·

223 786 319 812 mare
345 775 428 823 (1).
469 771 566 822 Quis
598 771 693 808 enim
720 769 934 818 negaverit,
964 768 1150 817 religionis
1189 767 1327 805 doctri·

222 855 330 886 nain,
361 853 453 890 quae
478 840 691 879 hominibus
721 840 855 878 summi
885 850 925 876 ac
959 837 1220 886 perfectissimi
1244 838 1328 876 Nu·

226 912 337 952 minis
387 911 625 950 reverentiam
653 939 666 957 ‚
707 921 865 947 amorem
920 920 1002 957 erga
1048 919 1176 947 ornnes
1210 907 1327 946 homi·

223 993 291 1021 nes
331 982 526 1027 universe,
567 980 757 1028 speciatim
797 990 880 1026 erga
913 990 1001 1025 e=)S‚
1036 990 1131 1026 quos
1171 979 1325 1016 arctiora

224 1052 456 1090 intercedunt
489 1050 773 1089 necessitudinis
807 1049 980 1095 vincula,
1020 1048 1199 1095 instillet,
1237 1047 1329 1085 inci-

224 1122 472 1168 tamentisque
511 1128 637 1168 urgeat
670 1118 951 1165 efficacissimis,
1000 1118 1166 1167 justitiae
1206 1126 1242 1155 et
1278 1117 1329 1155 le-

226 1203 341 1241 gum,
393 1201 471 1227 non
507 1189 624 1226 dicam
659 1197 821 1233 metum,
874 1189 937 1225 sed
973 1199 1133 1225 amorem
1170 1187 1329 1224 excitare

225 1259 384 1298 debere?
441 1259 557 1296 Porro
595 1257 703 1306 Jesus
747 1258 951 1303 Christus,
1009 1258 1117 1305 cujus
1159 1257 1326 1305 vestigiis

225 1329 428 1368 Christiani
458 1328 636 1377 jtibentur
670 1326 865 1372 insistere,
906 1337 1049 1374 semper
1073 1327 1213 1376 fidum,
1248 1330 1329 1378 jus-

227 1407 332 1445 tum,
372 1398 568 1435 honestum
604 1396 720 1432 civem
761 1396 809 1433 ita
839 1405 931 1434 'sese
965 1398 1172 1445 praestitit,
1219 1409 1259 1436 ut
1290 1407 1327 1438 et

227 1469 301 1507 hoc
331 1467 479 1505 nomine
513 1466 646 1514 dignus
672 1466 746 1512 sit,
776 1466 813 1502 in
838 1477 943 1512 quem
970 1478 1124 1515 omnes,
1152 1478 1323 1517 tanquam

227 1537 412 1584 exemplar
445 1535 676 1584 perfectum,
706 1535 937 1583 intueantur;
974 1538 1076 1583 quod
1113 1541 1325 1586 exemplum

223 1619 271 1645 eo
305 1606 419 1655 magis
459 1606 526 1656 (ut
550 1616 618 1653 pro
645 1605 752 1642 solita
783 1617 848 1642 sua
882 1607 1158 1653 perspicacitate
1191 1611 1326 1650 alicubi
1380 1598 1383 1600 ‚

227 1675 373 1714 monuit
394 1677 431 1713 R
443 1676 555 1713 einh
569 1687 588 1712 a
601 1686 617 1711 r
631 1675 653 1712 d
668 1687 689 1712 u
705 1675 746 1722 s>
772 1675 1007 1714 Christianos
1035 1678 1079 1714 ad
1108 1680 1323 1720 imitandum

226 1746 367 1792 allicit,
397 1757 539 1793 quum,
561 1745 626 1792 qui
660 1745 766 1781 talem
802 1756 841 1783 se
876 1746 1043 1792 praebuit
1070 1748 1213 1797 civem,
1254 1751 1326 1790 sibi

226 1815 390 1853 innocuo
415 1822 451 1852 et
477 1825 554 1851 non
579 1813 650 1851 nisi
675 1813 794 1861 gentis
822 1826 908 1852 suae
931 1817 1085 1854 salutem
1113 1822 1321 1871 spectanti,

226 1895 351 1923 necem
374 1884 420 1922 ab
445 1883 598 1932 ingratis
626 1883 773 1921 civibus
806 1883 941 1921 instare
967 1886 1150 1926 novisset.

1225 1957 1328 2001 HInc

263 2063 316 2102 (ι)
337 2064 411 2098 Leg.
430 2062 658 2099 Reinhard‚
681 2065 798 2093 Christ.
822 2065 951 2100 Zedek„
976 2066 1068 2095 Toxn.
1090 2068 1144 2098 111.
1165 2077 1232 2105 pag.
1257 2076 1323 2106 158·

225 2129 294 2157 sqq.
315 2128 347 2149 et
371 2122 566 2155 Αηοηγῐηῑιε,
593 2121 623 2149 in
647 2121 724 2150 libro
750 2121 801 2156 qui
835 2122 1026 2158 inscribitur,
1055 2125 1101 2152 De
1124 2125 1251 2162 huidIge
1275 2129 1323 2156 al-

221 2186 355 2212 gameene
371 2184 455 2214 μευ
476 2178 525 2205 des
551 2184 668 2213 oproers
690 2187 736 2208 ser
757 2184 835 2206 nen
852 2180 984 2215 gebragt
1007 2188 1067 2208 acm
1087 2180 1140 2209 hee
1163 2182 1322 2211 Christan-

220 2235 306 2270 δοκι,
327 2233 479 2264 Amsterd.
505 2238 588 2270 1831.
