1502 2767
202 140 251 175 82
456 128 1121 179 COMMENTATIO

209 256 275 283 nes
299 242 455 292 dispersi
480 250 583 281 sunt.
614 243 778 280 Romam·
796 243 905 280 armis
937 251 1058 280 totum
1084 241 1160 280 fere
1195 244 1332 293 orbetrr

209 326 388 355 terrarum
417 313 648 360 subegerunt
675 313 737 349 uni
766 312 938 359 imperio.
992 313 1092 350 Hinc
1118 322 1213 351 terra
1259 326 1329 354 os·.

222 395 297 439 trae
333 384 502 433 religioni
524 381 756 430 accipiendae
782 381 924 419 exstitit
945 382 1082 430 aptior.

263 456 333 494 Per
347 454 498 492 mediam
515 452 645 490 Asiam
659 451 779 488 variae
795 460 1002 489 erraverant
1025 463 1169 500 gentes,
1195 451 1274 490 Hae
1290 451 1330 490 in

215 536 298 566 sese
320 523 476 562 invicem
494 533 592 559 arma
619 529 826 569 ceperunt3
853 521 942 558 aliae
967 521 1053 559 alias
1077 522 1330 570 dispulerunt.

214 596 269 634 Ita
282 596 406 643 plures
434 591 570 630 sensim
593 591 631 629 in
645 591 839 641 Europam
864 589 1053 638 profectae
1069 620 1081 639 ,
1096 603 1190 639 quae
1203 602 1334 629 rursus

215 666 312 702 bella
347 671 558 711 gesserunt.
624 660 898 698 Providentiam
929 671 1050 699 autem
1087 673 1332 710 agnoscamus

217 734 377 773 divinam
418 733 708 780 sapientiamque
745 730 783 768 in
830 731 898 768 hac
936 743 1058 769 rerum
1094 731 1333 772 confusione.

218 804 332 844 Bellis
361 802 518 840 maxime
543 801 646 838 Deus
674 811 742 838 sua
769 809 968 838 exsecutus
999 809 1055 838 est
1081 802 1258 851 consilia,
1291 812 1333 841 ut

221 875 367 920 homo,
407 871 535 910 ubivis
563 872 723 908 vivendo
763 880 898 919 aptus,
952 871 1029 910 fere
1068 872 1191 911 ubivis
1222 873 1335 913 adsit.

222 945 304 983 Hac
340 943 425 981 item
464 942 606 980 ratione
645 941 806 992 Europa
851 941 1067 979 hominibus
1110 951 1166 980 est
1207 942 1336 992 imple-

221 1023 289 1062 ta,
317 1014 382 1061 qui
422 1022 554 1050 terram
591 1013 749 1058 colunt,
778 1020 814 1049 et
845 1011 943 1049 vitae
984 1014 1072 1050 aurft
1094 1023 1134 1050 ac
1159 1011 1338 1052 felicitate

220 1093 439 1125 vescuntur.
490 1083 560 1121 Illo
602 1092 771 1130 tempore
803 1094 822 1119 e
861 1082 995 1128 bellis,
1040 1093 1123 1119 cum
1167 1082 1336 1120 cultiori-

222 1157 294 1193 bus
323 1153 473 1203 populis
501 1153 646 1203 gessis,
691 1152 758 1189 hae
791 1151 887 1189 ferae
913 1160 1040 1200 gentes
1067 1161 1162 1189 artes
1180 1180 1193 1199 ‚
1227 1151 1340 1191 disci-

223 1225 371 1273 plinas,
399 1223 615 1270 religionem
640 1233 793 1268 eamque
826 1221 1076 1259 Christianam
1099 1231 1338 1270 acceperunt.

228 1295 329 1333 Bella
354 1294 510 1331 maxime
537 1293 755 1341 valuerunt,
781 1301 821 1328 nt
849 1291 1019 1329 homines
1054 1292 1169 1340 magis
1204 1293 1342 1342 magis-

229 1375 303 1413 que
327 1375 410 1402 sese
421 1364 458 1400 in
486 1362 656 1400 civitates
680 1361 846 1408 copulati
871 1362 946 1399 sint
965 1390 976 1409 ,
999 1362 1042 1399 ab
1064 1360 1238 1400 hostibus
1262 1374 1344 1401 sese

228 1433 432 1474 defensuri.
465 1432 608 1471 Sensim
647 1440 683 1468 et
709 1431 789 1468 aliis
815 1443 997 1479 quoque,
1041 1440 1077 1483 et
1108 1431 1175 1469 hac
1203 1443 1343 1480 oppor-

229 1505 414 1551 tunitate,
439 1503 668 1541 constitutae
692 1511 782 1539 sunt
805 1501 999 1548 civitates,
1035 1513 1076 1539 ac
1114 1501 1245 1550 populi
1271 1502 1345 1551 ipsi
1387 1523 1390 1525 ,

231 1581 513 1613 consueverunt
552 1572 697 1620 legibus
725 1571 995 1619 obtemperare.

283 1645 344 1683 Sic
367 1644 532 1694 Hispani
553 1642 591 1680 in
606 1651 759 1680 nostros
789 1653 950 1690 proavos
968 1642 1194 1690 implacabile
1219 1655 1347 1681 susce-

232 1723 364 1765 perant
389 1714 542 1759 odium,
560 1713 758 1750 crudeliter
781 1722 844 1748 eos
866 1721 1158 1759 oppresserant,
1188 1721 1223 1749 et
1247 1721 1347 1750 atro-

235 1785 291 1823 cia
330 1794 501 1833 quaeque
529 1781 692 1820 facinora
719 1790 1035 1829 perpetraverant.
1083 1783 1182 1819 Hinc
1210 1782 1347 1822 bellum

233 1855 404 1900 exstitit,
442 1854 544 1900 quod
570 1851 723 1889 dimidio
754 1853 879 1889 seculo
912 1851 1062 1900 longius
1090 1864 1237 1901 gessum
1270 1862 1343 1892 est.

234 1925 374 1963 Batavi
390 1924 549 1971 iniquam
567 1922 714 1969 saepius
736 1923 874 1970 experti
901 1930 989 1959 sunt
1014 1922 1215 1960 fortunam.
1249 1923 1352 1961 Tan-

234 1998 315 2035 dem
350 2006 440 2033 vero
467 1992 659 2040 religionis
682 1991 888 2029 libertatem
911 1992 1034 2040 adepti
1068 2000 1181 2040 sunt3
1218 1991 1349 2030 civitas

236 2076 364 2104 nostra
382 2062 543 2102 stabilita
564 2072 620 2099 est
635 2073 675 2099 ac
699 2070 848 2099 nostrae
861 2061 999 2110 patriae
1016 2060 1187 2098 felicitas.
1211 2061 1353 2112 Hispa-

237 2149 365 2174 norum
397 2143 519 2172 autem
544 2133 642 2170 vires
659 2133 794 2170 fractae
813 2146 826 2179 ς
845 2133 966 2179 iisque
990 2140 1157 2180 potestas
1183 2141 1239 2170 est
1252 2133 1352 2171 dem-

238 2216 274 2245 ta
289 2235 302 2254 ,
318 2205 495 2249 Batavos,
510 2204 679 2250 aliosque
694 2202 844 2252 longius
860 2203 950 2241 adeo
961 2202 1161 2242 crudeliter
1177 2204 1348 2242 vexandi.

1219 2273 1350 2324 Quod·
