1523 2745
208 586 1031 642 PRAEFATIQ·

107 1068 442 1142 Quotiescunque
473 1096 632 1127 mentem
656 1088 702 1126 ab
725 1088 805 1126 aliis
829 1086 965 1126 studiis
1001 1088 1048 1127 ad
1071 1098 1161 1127 con-

52 1159 329 1209 templationem
367 1166 533 1197 veterum
576 1157 770 1196 civitatum
804 1167 942 1195 revoco
955 1183 970 1204 ,
1015 1154 1163 1206 semper

49 1230 184 1269 civitas
224 1228 454 1267 Athenarum
502 1239 589 1276 prae
622 1227 776 1275 reliquis
821 1237 880 1264 me
911 1225 1073 1275 invitat,
1119 1228 1160 1266 in

49 1296 294 1347 quadiutius
318 1306 537 1335 commorer.
581 1295 623 1333 Si
658 1295 754 1333 enirn
791 1305 1036 1342 quaeramus,
1060 1296 1159 1334 unde

50 1367 89 1406 in
126 1366 237 1405 bellis
282 1373 413 1405 contra
445 1366 574 1404 Persas
609 1366 710 1404 salus
752 1363 929 1403 Graeciae
961 1364 1156 1404 universae

50 1444 133 1474 orta
167 1435 244 1475 sit:
287 1433 354 1473 ubi
389 1434 503 1474 fuerit
539 1434 644 1473 sedes
683 1433 948 1472 humanitatis:
992 1433 1057 1472 ubi
1090 1435 1157 1474 diu

46 1505 225 1546 Graeciae
252 1504 483 1554 principatus
527 1503 674 1543 fuerit?
719 1514 848 1543 omnes
885 1505 1044 1543 clamant
1074 1515 1158 1544 esse

45 1573 407 1623 Athenas,fulcrum
422 1575 514 1613 illud
526 1582 563 1612 et
583 1585 780 1613 commune
803 1574 910 1623 quasi
929 1582 1153 1623 prytaneum

46 1646 241 1697 Graeciae.
293 1645 395 1684 Haec
429 1655 544 1694 porro
578 1645 708 1683 civitas
748 1655 827 1682 eam
866 1641 1055 1682 fortunam
1092 1655 1157 1682 ex·

43 1724 148 1766 perta
183 1723 262 1763 est,
289 1724 338 1762 >ut
371 1726 487 1764 quum
526 1715 684 1753 maxima
711 1714 870 1762 'quaevis
907 1713 1156 1762 perfecisset,

43 1786 197 1825 eximios
232 1796 385 1833 quoque
417 1784 567 1822 laudum
615 1795 763 1824 suarum
807 1794 1008 1831 praecones
1048 1791 1154 1823 nacta

39 1855 107 1895 sit.
158 1856 212 1894 At
239 1867 328 1894 vero
363 1855 402 1893 in
438 1854 502 1893 illa
538 1853 694 1892 historia
721 1853 982 1901 Athenarum,
1007 1855 1152 1893 nullum

39 1933 189 1974 tempus
211 1925 328 1974 magis
354 1925 496 1972 elucet,
525 1935 635 1972 quam
655 1923 706 1963 L.
741 1923 795 1961 illi
817 1923 929 1971 anni,
956 1924 1022 1972 qui
1053 1923 1150 1964 inter

40 1995 179 2035 bellum
213 1995 400 2035 Persicum
434 2002 471 2032 et
503 1993 812 2042 Peloponnesium
842 1993 1018 2032 fuerunt:
1048 1995 1152 2041 quod

39 2077 170 2105 aevum
208 2076 319 2104 omne
352 2064 428 2103 fere
461 2065 636 2114 impletur
671 2064 821 2103 Periclis
857 2063 1020 2102 nomine.
1072 2063 1152 2113 Qui

38 2135 152 2184 igitur
177 2136 277 2175 hunc
304 2136 423 2175 virum
442 2163 456 2184 ,
483 2151 523 2161 ·-
547 2162 572 2183 ‚‚
596 2134 658 2172 cui
680 2135 848 2173 Athenae
867 2132 1030 2180 debent,
1048 2133 1151 2180 quod

40 2204 210 2244 Athenae
245 2204 322 2243 sint
359 2213 397 2243 et
436 2214 582 2243 omnem
617 2202 755 2252 ingenii
776 2210 907 2251 atque
949 2202 1150 2250 elegantiae

563 2273 600 2311 A
625 2286 648 2311 2
1066 2271 1147 2308 lau-
