1523 2745
244 193 288 239 3ss
443 182 1122 225 οοΜΜΕΝΤΑΤῑο

245 307 392 347 geretur
418 296 576 333 rationes
598 295 748 332 reddere
774 292 1022 341 Prytanibus:
1068 301 1106 330 et
1138 301 1184 330 ne
1219 292 1364 343 judices

247 367 313 414 qui
337 378 482 403 causam
522 371 811 414 cognoscerent,
851 363 962 402 nimia
994 361 1155 400 fortasse
1182 363 1360 412 religione

249 435 421 474 obstricti
464 435 560 484 (13,
614 446 695 472 enm
740 433 848 471 facile
891 433 1154 478 absolverent,
1197 432 1360 470 secundo

247 507 393 545 decreto
428 518 485 543 res
516 505 747 553 dijudicanda
784 503 883 542 mille
918 511 954 540 et
993 502 1206 551 quingentis
1228 502 1362 552 Judici·

249 577 321 615 bus
347 574 552 623 permissa,
580 584 616 611 et
645 574 739 611 actio
773 584 850 611 non
877 584 952 610 uno
981 573 1131 611 nomine
1160 573 1365 611 constituta

250 653 321 682 est.
377 644 457 681 His
480 644 652 681 omnibus
692 643 831 680 fractus
869 650 1110 690 metuensque
1144 653 1190 679 ne
1229 643 1267 679 in
1298 641 1364 678 illo

249 714 389 763 J‘udicio
413 714 563 751 adversa
585 721 752 751 uteretur
782 712 960 759 fortuna,
988 712 1125 750 dicitur
1144 711 1283 750 bellum
1317 712 1369 749 la-

253 793 335 821 tens
362 785 540 821 excitasse
554 812 567 831 ,
583 784 790 831 intelligens
812 793 1011 830 numquam
1027 783 1139 830 magis
1155 791 1302 830 operam
1315 790 1374 818 re-

253 855 350 902 quiri
379 865 593 901 magnorum
617 854 809 899 virorum,
841 865 948 901 quam
985 852 1197 890 imminente
1229 851 1370 899 procel·

253 925 314 971 lii,
355 936 422 962 nec
455 935 618 971 unquam
659 923 806 961 facilius
849 922 1006 960 invidiae
1043 921 1236 960 conamina
1273 919 1373 958 irrita

253 994 355 1032 reddi
387 1006 515 1042 posse.
1349 989 1352 991 ’

304 1065 388 1102 Nos
410 1073 556 1110 autem,
583 1063 670 1100 licet
703 1073 781 1100 non
818 1073 996 1110 negamus
1039 1061 1242 1098 amicorum
1276 1058 1373 1108 peri-

253 1135 378 1171 culum
413 1134 646 1171 vehementer
686 1132 936 1170 commovisse
985 1131 1136 1169 Periclis
1181 1130 1373 1176 animum,

255 1216 413 1251 eumque
440 1214 656 1252 persuasum
679 1203 723 1239 de
743 1201 829 1239 belli
844 1201 1062 1239 necessitate
1090 1200 1127 1238 in
1143 1202 1187 1238 ea
1221 1207 1372 1237 senten-

255 1275 307 1311 tia
332 1273 444 1321 magis
461 1273 699 1310 confirmasse
715 1299 726 1317 ‚
742 1271 835 1307 hanc
850 1279 970 1308 tamen
985 1269 1173 1307 exstitisse
1187 1268 1274 1305 belli
1285 1278 1372 1305 cau·

255 1355 355 1387 sam,
394 1353 469 1379 non
499 1352 701 1388 possumus
729 1339 948 1386 admittere,
977 1350 1093 1386 quum
1120 1349 1188 1375 nec
1218 1338 1373 1385 diligen-

254 1413 422 1450 tissimus
463 1422 655 1449 causarum
708 1409 953 1457 investigator
998 1408 1264 1458 Thucydides,
1304 1418 1372 1445 nec

256 1482 406 1521 Periclis
439 1482 703 1529 reprehensor,
758 1480 890 1526 Plato,
918 1479 1029 1517 ullam
1069 1480 1149 1528 ejus
1187 1477 1241 1515 rei
1269 1488 1373 1515 men-

257 1552 394 1588 tionem
434 1549 585 1587 faciant.
638 1550 690 1588 Et
715 1549 818 1596 quod
840 1549 884 1586 ad
912 1547 1103 1586 historiam
1126 1532 1227 1585 illam'
1247 1548 1292 1585 de
1316 1559 1373 1585 ra-

255 1621 423 1658 tionibus
464 1619 655 1657 reddendis
690 1619 851 1665 attinet,
893 1625 965 1655 tam
1009 1626 1161 1656 strenue
1195 1615 1374 1665 lVytten-

257 1691 412 1728 bachius
436 1689 508 1738 (Ω)
536 1688 684 1727 Periclis
707 1699 853 1726 causam
881 1687 982 1735 egit,
1010 1695 1052 1724 ut
1081 1686 1175 1724 nihil
1194 1686 1296 1733 quod
1313 1685 1376 1723 ad-

255 1761 452 1810 jiciamus,
492 1759 706 1796 habeamus.
770 1757 853 1795 Nec
903 1758 964 1796 hic
1001 1755 1254 1794 substiterunt
1293 1755 1373 1803 ejus

1299 1824 1374 1862 ini-

296 1893 348 1930 (1)
370 1893 492 1922 Scilicet
518 1899 557 1919 ex
583 1890 686 1925 priore
712 1892 838 1920 decreto
868 1889 986 1924 iudices
1016 1891 1148 1919 calculos
1181 1889 1217 1918 ab
1246 1897 1295 1917 ara
1319 1896 1372 1917 su-

261 1960 342 1980 mere
367 1949 541 1984 debebant3
581 1950 663 1984 quod
686 1949 805 1977 valebat
838 1950 873 1976 ad
907 1947 1140 1977 confirmandam
1165 1953 1271 1974 eorum
1295 1944 1373 1973 inte-

262 2009 411 2043 gritatem.
436 2009 472 2036 V.
497 2009 575 2037 Plut.
605 2007 715 2035 Them.
749 2012 794 2038 17.
824 2007 907 2034 Plato
935 2005 972 2032 de
997 2004 1078 2040 *Leg.
1095 2012 1129 2039 p.
1150 2009 1220 2037 753.
1245 2005 1285 2037 {es
1307 2009 1372 2031 sae-

260 2065 339 2099 pius.
377 2065 423 2093 Ex
446 2065 541 2092 altero
563 2065 686 2092 decreto
711 2064 771 2090 hoc
795 2061 915 2090 sustulit
934 2063 1054 2095 Agnou.

299 2122 350 2157 (α)
371 2121 450 2150 Bibl.
476 2121 555 2149 Crit.
582 2121 634 2149 111.
664 2121 695 2148 Ρ.
720 2121 769 2147 111.
793 2127 826 2154 p.
849 2122 896 2148 80.
919 2115 1054 2152 Iniquius
1077 2117 1131 2144 hac
1148 2116 1186 2144 de
1208 2123 1241 2144 re
1258 2114 1380 2149 judicat,

262 2179 345 2212 doct.
365 2179 499 2205 Boeckh.
519 2177 643 2206 staatsh.
663 2177 694 2204 d.
714 2177 782 2204 Ath.
800 2176 828 2204 Ι.
844 2183 874 2210 p.
896 2183 969 2207 210,
991 2174 1044 2202 ubi
1058 2173 1161 2202 dicere
1179 2180 1241 2201 non
1256 2172 1372 2201 dubita·

262 2235 307 2262 vit
328 2235 476 2263 Periclem
494 2234 642 2262 excitasse
661 2233 773 2261 bellum
791 2239 893 2265 metu,
913 2239 952 2259 ne
972 2230 1038 2266 ipse
1058 2230 1147 2258 fieret
1166 2249 1190 2266 .‚
1210 2228 1372 2265 ein—Opfet

267 2294 320 2321 der
346 2291 530 2322 Parteiwctth
550 2289 708 2325 zugleich‚
729 2289 790 2326 und
809 2288 931 2324 eigener
953 2285 1125 2317 untreue.”
