1523 2745
267 190 318 235 46
493 182 1153 224 COMMENTATIO

263 295 434 333 convivia
461 303 495 331 et
522 293 798 330 familiaritatem
814 320 826 339 ‚
855 293 973 340 probe
1000 292 1207 339 intelligens
1246 304 1286 330 se
1307 292 1374 331 ali·

267 375 321 403 ter
350 366 412 402 vix
437 375 548 412 posse
574 374 717 401 servare
746 363 842 400 illam
868 362 1077 410 gravitatem
1099 361 1264 408 illudque
1288 364 1371 412 πρὸς

264 438 368 485 δόξαν
402 437 554 483 σεμνὸν,
584 434 686 481 quod
718 433 836 470 virum
876 432 1034 470 civitatiS
1074 431 1278 480 principem
1310 434 1374 471 de-

264 515 344 543 cet:
375 505 473 542 unde
504 512 623 549 certe,
653 503 718 550 qui
743 503 895 539 interius
922 514 1003 540 eum
1028 511 1232 550 noverant,
1259 502 1373 550 magis

261 577 366 614 etiam
402 576 510 612 hasce
539 573 576 611 in
612 584 656 611 eo
684 573 789 610 dotes
813 572 933 609 mirati
964 581 1076 619 sunt,
1105 584 1213 619 quam
1239 571 1376 620 reliqui

260 645 362 684 cives
395 645 550 682 virtutes
576 645 655 692 ejus
681 642 864 691 publicas.
918 642 1052 691 Quid?
1082 643 1183 689 quod
1203 654 1268 690 per
1293 653 1375 680 om-

264 728 310 754 ne
340 716 524 763 reliquum
550 714 648 752 vitae
676 723 823 761 tempus
858 713 930 751 nisi
966 713 1078 749 semel
1105 723 1241 749 coenae
1264 712 1377 749 inter·

262 787 365 835 fuit,
393 798 506 833 quum
547 786 840 833 Euryptolemus
870 794 988 831 nepos
1021 793 1173 819 uxorem
1196 782 1375 828 duceret,

260 869 327 896 nec
366 857 507 895 diutius
540 856 578 893 in
612 857 653 893 eal
691 863 939 892 commoratus
981 862 1063 899 est,
1105 863 1214 900 quam
1255 862 1378 899 usque

261 928 308 966 ad
349 927 543 964 libationes
597 927 664 975 (1)
685 926 704 963 ‘3
775 924 917 963 Nescio
962 924 1053 972 quid
1102 923 1234 963 melius
1277 922 1381 960 exhi·

261 998 345 1036 beat
380 997 573 1044 imaginem
599 996 695 1043 viri,
726 995 819 1044 qui,
848 1006 943 1043 quae
983 994 1078 1032 aliis'
1097 993 1272 1032 videntur
1308 1002 1377 1030 vo-

261 1069 422 1115 luptates
455 1067 554 1104 haud
584 1066 841 1113 spernendae,
892 1064 997 1113 parvi
1033 1066 1200 1109 ducens,
1263 1072 1375 1100 omne

262 1147 410 1186 tempus
441 1136 539 1174 curis
577 1135 738 1183 publicis
767 1135 921 1182 tribuit,
959 1134 1136 1182 exiguum
1168 1132 1240 1170 sibi
1261 1142 1376 1169 reser-

266 1216 327 1245 vat
360 1207 445 1256 (2).

315 1276 460 1315 Bonum
476 1288 627 1324 quoque
650 1275 848 1312 consilium
861 1275 1084 1320 sequebatur
1097 1273 1133 1310 in
1147 1285 1185 1310 re
1206 1271 1377 1310 familiari

264 1348 463 1386 ordinanda
489 1346 586 1394 (3),
616 1357 723 1392 quam
754 1356 868 1392 quum
906 1355 925 1380 a
949 1351 1050 1391 patre
1086 1342 1288 1390 accepisset
1322 1335 1379 1380 lo-

262 1419 446 1467 cupletem
462 1418 530 1467 (4)
549 1444 561 1462 ,
582 1426 658 1453 non
673 1415 775 1452 auxit
801 1414 949 1461 quidem
973 1413 1078 1450 lucro
1092 1413 1223 1450 illicito
1238 1423 1379 1451 enum·

265 1488 336 1526 mis
383 1486 574 1536 publicis;
637 1485 703 1523 sed
740 1485 789 1522 ita
837 1483 1080 1522 administrari
1125 1483 1297 1530 curavit,
1333 1491 1377 1522 ut

263 1560 363 1597 laute
402 1557 530 1595 vivere
562 1565 598 1593 et
631 1556 833 1594 amicorum
864 1554 1008 1602 inopiae
1044 1564 1261 1593 succurrere
1285 1565 1374 1601 pos-

263 1637 336 1666 set.
391 1628 471 1666 Hac
497 1627 609 1675 igitur
634 1625 827 1664 occasione
856 1625 976 1663 obiter
1002 1626 1203 1663 notandum
1240 1635 1374 1663 censeo

259 1707 368 1747 turpe
394 1698 574 1736 Athenaei
597 1697 667 1747 (5)
693 1704 969 1743 commentum,
997 1694 1063 1743 qui
1094 1695 1271 1733 Periclem
1293 1705 1375 1734 nar-

265 1777 322 1807 rat
346 1779 512 1817 magnam
537 1768 589 1806 rei
621 1766 810 1806 familiaris
834 1774 972 1815 partem
1000 1765 1039 1803 in
1051 1765 1245 1814 Aspasiam
1272 1776 1376 1804 scor·

1297 1843 1376 1875 tum

306 1974 358 2011 (1)
379 1974 460 2002 Plut.
480 1972 547 2000 Per.
565 1980 595 2006 7.

304 2030 355 2068 (α)
375 2031 423 2060 Cf.
449 2031 567 2057 Heeren
590 2027 633 2056 Id.
662 2028 716 2055 111.
745 2036 814 2064 393·
843 2027 927 2055 Idem
947 2025 985 2054 de
1012 2033 1044 2054 se
1071 2025 1215 2061 gloriatur
1241 2025 1373 2064 Cicero,

265 2099 319 2126 pro
343 2089 472 2123 Archia,
493 2096 522 2116 c.
545 2087 575 2115 6.

302 2148 356 2185 (3)
376 2149 457 2175 Plut.
481 2148 548 2175 Per.
573 2147 620 2175 16.

303 2205 354 2243 (4)
375 2204 452 2233 Ibid.
474 2212 503 2238 7.
523 2201 590 2231 init.

304 2260 354 2299 (5)
378 2262 487 2289 Athen.
509 2259 580 2289 XII.
605 2266 635 2293 p.
662 2265 728 2291 533.
750 2257 790 2286 C.
