1538 2689
498 157 852 199 MEDICA.
1193 168 1240 218 69

121 267 159 305 ri
193 266 288 316 (1):
349 293 373 312 „
402 266 536 305 Vincta
572 268 727 315 arteria,
755 269 927 317 proximo
960 271 1031 309 sub
1068 270 1235 311 vinctura

120 365 147 387 ‚‚
174 338 259 376 loco
293 345 503 375 transversa
530 338 677 375 concidi
695 350 714 375 a
742 339 962 386 quibusdam
991 341 1116 389 solet,
1157 353 1234 389 quo

124 435 149 455 ,‚
175 407 343 453 scilicet,
400 408 565 445 retractis
603 417 639 445 et
671 408 806 447 clausis
841 410 991 447 arteriae
1022 412 1232 450 vulneratae

124 504 148 525 ,‚
175 477 282 524 oris,
318 477 615 526 haemorrhagiae
655 479 884 526 periculosae
929 491 1230 526 praecaveantur.

122 575 147 595 „
169 547 312 585 Verum
342 546 527 593 noxium,
568 548 628 585 vel
662 549 788 585 saltem
822 560 1124 596 supervacuum,
1159 550 1232 587 hoc

119 646 143 666 ,‚
170 617 294 665 ipsum
341 618 535 666 negotium
583 628 667 654 esse
707 618 860 666 judico,
913 628 1026 666 atque
1073 619 1230 667 ipsemet

119 715 142 735 ,‚
168 688 261 725 hane
285 687 537 735 operationem
574 687 634 725 bis
672 687 845 734 institui,
875 698 917 726 ut
945 689 1112 727 arteriam
1152 701 1229 727 non

118 786 142 804 „
168 758 433 807 praeciderIm,
474 766 511 795 et
554 757 710 795 feliciter
749 758 843 795 nihil
882 759 1006 797 minus
1054 769 1227 808 aegrotos

119 858 143 878 ‚‚
169 829 427 868 curaverim.”
489 828 640 878 Quibus
677 828 785 865 etiam
831 829 963 866 addere
995 828 1103 866 liceat
1139 829 1226 866 haec

114 899 379 938 Calliseni
419 900 514 947 (2):
571 925 596 944 ‚‚
622 899 807 935 Arteriam
839 899 936 935 inter
966 899 1116 936 vincula
1152 911 1228 937 me-

114 997 139 1017 „
165 968 260 1007 diam
298 967 531 1014 discindere,
586 967 630 1005 ad
675 975 924 1004 extremorum
966 968 1225 1006 retractionem

115 1066 140 1085 „
167 1048 329 1076 nocuum
347 1065 360 1083 ,
388 1045 424 1075 et
461 1035 692 1085 superfluum
721 1036 851 1073 merito
891 1036 1103 1075 habetur.”
1153 1039 1226 1076 De·

110 1106 225 1155 nique
256 1115 418 1145 nostram
449 1106 665 1144 sententiam
697 1105 892 1143 stabiliunt
923 1107 1035 1144 verba
1063 1107 1225 1156 Hodg-

112 1178 220 1216 soni
249 1175 350 1226 (3),
391 1175 458 1213 ubi
489 1176 660 1223 loquitur
690 1176 736 1214 de
767 1177 943 1213 methodo
969 1178 1222 1216 Celsiana.

111 1274 136 1296 „
162 1245 378 1294 Erfahtung
401 1247 463 1283 hat
486 1246 544 1283 die
571 1245 778 1285 Sicherheit
802 1247 865 1283 des
879 1245 1097 1284 Gebrauchs
1126 1247 1225 1284 einer

112 1343 137 1364 „
163 1315 357 1354 einfachen
398 1314 689 1364 Unterbindung
726 1315 958 1364 hinliinglich
1006 1316 1225 1363 bewiesm,

111 1412 136 1433 ‚‚
161 1386 239 1423 und
273 1387 337 1423 der
370 1387 518 1433 grosste
544 1384 655 1422 Theil
688 1371 752 1422 der
781 1385 1034 1423 erfahrensten
1072 1386 1224 1424 VVund-

115 1483 139 1504 „
169 1457 274 1494 arzte
298 1455 489 1504 Englands
517 1454 688 1493 bedienet
711 1455 789 1493 sich
810 1457 904 1505 jetzt
924 1456 1130 1495 derselben.
1148 1456 1174 1474 ’⁹

586 1576 622 1623 ἕ.
680 1585 743 1611 21.

134 1677 196 1715 De
217 1679 338 1727 pretio
362 1679 703 1728 compressoriorum
729 1685 764 1713 ct
785 1676 978 1725 ligaturae
1002 1676 1052 1713 sic
1073 1675 1196 1716 dictae

233 1747 292 1785 d’a
305 1756 375 1785 tte
388 1748 397 1784 i
409 1755 458 1784 nt
470 1759 503 1784 e.
532 1747 591 1784 De
618 1746 781 1784 methodo
808 1746 1119 1784 Lauwrenciano.

162 1849 389 1886 Methodum
426 1860 447 1886 a
481 1848 591 1886 variis
621 1847 851 1893 institutam,
898 1855 938 1883 ut
973 1847 1223 1894 producerent

113 1918 408 1957 obliterationem
439 1918 744 1967 compressione,
774 1917 901 1966 prouti
935 1918 1223 1965 compressoriis

1125 1989 1224 2027 aliis-

152 2063 204 2099 (1)
225 2065 412 2099 Heister,
435 2066 458 2093 1.
482 2066 503 2094 l.
527 2066 600 2093 Nol.
621 2066 646 2094 Ι.
671 2073 700 2099 p.
723 2074 793 2102 42⁵·

149 2120 199 2156 (2)
221 2119 427 2157 Callisen‚
460 2123 628 2158 Principia
652 2122 829 2158 systemass's
855 2122 1061 2158 cluo-argiv,
1098 2124 1168 2152 Yol.
1200 2125 1222 2153 l,

113 2183 146 2211 P·
169 2178 236 2211 478⁴

152 2232 203 2270 (3)
223 2233 429 2269 Hogdson,
452 2236 520 2266 1.1.
542 2244 571 2270 p.
596 2237 664 2271 269.
