1502 2767
380 164 982 208 THEOLOGICA.
1179 174 1252 213 157

130 283 170 331 §-
197 292 237 330 4.
275 280 350 319 hue
395 289 518 326 usque
558 277 729 327 exposita
779 285 896 322 sunt,
950 276 1044 313 inter
1086 285 1126 312 se
1157 284 1252 318 con·

132 351 315 398 ferimus,
360 360 492 398 magna
527 348 619 387 belli
659 348 754 398 juris
794 346 993 386 conversio
1031 346 1143 384 nobis
1189 355 1248 385 est

130 421 337 470 conspicua
358 448 370 467 ,
413 431 521 467 quam
569 430 645 457 non
681 427 825 456 tantum
866 417 966 467 apud
998 418 1099 455 hunc
1126 417 1250 454 illum·

133 503 208 540 ve,
246 502 375 529 verum
410 491 518 527 etiam
554 490 652 537 apud
689 488 908 537 principes,
935 489 1048 526 duces
1083 498 1124 524 ac
1160 497 1251 534 gen·

134 571 191 602 tes
229 562 402 600 universe
453 561 580 598 adesse
621 558 880 598 observamus.
934 557 1114 596 Videmus
1147 566 1273 605 prae-„

128 643 230 672 terea
256 633 350 670 hanc
389 630 674 670 conversionem
717 629 889 677 religioni
928 636 1076 667 nostrae
1113 626 1250 676 proba·

130 713 204 742 tam
240 703 528 750 laudatamque3
569 712 674 745 eam,
703 699 882 747 religione
915 697 1128 737 Christiana
1155 707 1250 735 non-

132 772 220 811 dum
237 771 415 820 cognita,
443 781 523 808 non
556 769 734 816 affuisse,
764 770 829 806 sed
853 768 1091 805 solummodo
1108 795 1122 814 ‚
1145 775 1251 815 post-

133 854 243 890 quam
260 842 392 890 populi
406 840 522 889 hujus
538 839 674 877 imbuti
689 848 779 876 sunt
793 838 1009 886 cognitione
1023 865 1036 884 ,
1062 835 1250 875 obtinuis-

132 923 173 951 se
203 920 316 959 atque
351 912 460 959 plane
499 909 657 947 eundem
703 908 868 946 tenuisse
917 919 1094 953 cursum,
1136 919 1248 955 quem

130 981 252 1020 tenuit
281 989 378 1018 recta
402 979 503 1017 illius
540 977 723 1026 cognitio.
777 978 883 1015 Hanc
920 978 1249 1016 commutationem

127 1064 197 1091 nec
231 1050 520 1100 philosophiae,
548 1049 657 1098 cujus
678 1057 872 1097 praecepta
899 1048 1116 1097 paucissimi
1146 1048 1250 1087 audi·

130 1130 293 1169 verunt,
320 1132 388 1159 nee
425 1119 571 1167 cultui,
607 1131 672 1168 per
701 1131 741 1157 se
779 1118 976 1168 spectato,
1003 1131 1113 1167 quem
1150 1121 1251 1168 apud

127 1192 357 1231 crudeliores
395 1199 524 1240 gentes
567 1201 679 1240 saepe
713 1190 885 1228 eximium
921 1189 1040 1229 fuisse
1073 1190 1250 1239 intelligi-

127 1274 238 1314 mus,
290 1273 358 1299 nec
391 1263 583 1312 πολιτείᾳ,
623 1262 732 1310 cujus
777 1261 959 1310 perfectio
997 1273 1018 1300 e
1053 1261 1245 1300 civitatum

126 1331 379 1378 conditione,
431 1331 586 1368 maxime
635 1339 724 1379 post
768 1343 1002 1369 communem
1050 1332 1246 1379 religionis

128 1401 363 1441 Christianae
385 1400 659 1450 professionem
682 1402 839 1450 ejusque
862 1401 1001 1439 auxilio
1027 1403 1246 1449 emendata,

125 1481 255 1516 exorta
289 1481 368 1519 est,
397 1471 559 1509 tribuere
590 1483 808 1519 possumus.
865 1471 1100 1510 Concludere
1131 1472 1249 1521 igitur—

121 1543 321 1591 cogimur,
348 1542 444 1580 illam
485 1542 665 1589 originem
694 1541 845 1579 duxisse
875 1541 1084 1589 primariam
1108 1553 1129 1579 a
1162 1541 1248 1579 reli-

124 1613 236 1662 gione
281 1621 439 1660 nostra,
483 1623 578 1660 quae
614 1612 752 1650 sensim
791 1612 1044 1660 paulatimque
1074 1611 1246 1650 universe

125 1684 302 1732 Europae
338 1683 464 1721 orbem
503 1683 730 1730 mutaverit,
757 1684 866 1732 cujus
898 1683 1014 1731 igitur
1041 1683 1078 1720 vi
1105 1694 1145 1720 ac
1173 1694 1245 1731 ope

126 1754 411 1801 efficacissima,
466 1764 594 1803 magna
641 1754 721 1802 ejus
760 1754 963 1791 incolarum
999 1765 1084 1802 pars
1132 1753 1244 1791 hodie

96 1815 318 1862 'humanius
346 1824 440 1862 bella
470 1834 584 1874 gerat.
638 1825 753 1876 Quod
785 1833 905 1862 autern
940 1825 1019 1873 ejus
1054 1823 1110 1862 vis
1145 1835 1244 1862 non-

123 1896 212 1934 dum
240 1895 366 1934 ubivis
403 1904 466 1933 aut
499 1895 698 1933 dilucidius
723 1906 921 1944 appareat,
949 1896 1009 1932 vel
1033 1895 1113 1944 eJ'us
1135 1894 1242 1943 igno-

123 1965 261 2003 rantiae
295 1966 354 2004 vel
386 1965 597 2014 cognitioni
623 1976 821 2014 corruptae
844 1975 879 2003 et
903 1967 1068 2003 nondum
1090 1966 1135 2004 ab
1159 1977 1239 2003 om-

121 2034 233 2075 nibus
263 2035 385 2073 animo
413 2043 497 2073 toto
530 2043 725 2084 acceptae,
778 2035 901 2073 minus
949 2036 1138 2074 doctrinae
1165 2036 1238 2085 ipsi

121 2105 358 2144 tribuendum
390 2114 462 2144 est.

1118 2314 1215 2351 SEC
1222 2336 1232 2345 -
