1564 2750
431 162 952 202 LITERARIA·
1197 171 1239 209 71

133 273 342 323 Iosophiam
378 272 510 310 docere
540 272 665 320 coepit
693 283 734 310 ac
763 270 913 320 triginta
944 268 1021 307 fere
1048 279 1164 306 annos
1202 269 1241 307 in

133 345 201 385 hac
232 342 324 382 urbe
352 350 517 381 moratus
548 350 619 381 est.
679 341 761 380 Nec
797 348 916 378 tamen
953 339 1126 377 Periclem
1160 337 1243 385 phi-

126 413 344 462 ,losophiam
379 413 534 459 docuit,
573 420 747 459 tanquam
779 410 954 459 magister
989 408 1243 456 discipulum3

134 483 202 523 sed
237 482 297 521 hic
327 493 373 520 ex
404 482 505 520 illius
551 482 763 529 quotidiana
798 478 1087 526 consuetudine,
1127 489 1168 514 ea
1207 478 1244 514 in

136 563 247 598 suum
277 563 388 591 usum
410 551 625 599 convertit,
655 563 747 599 quae
772 550 810 589 in
830 549 1060 599 philosopho
1095 546 1246 586 admira-

129 621 264 670 batur,
320 634 488 670 quaeque
522 631 601 660 tum
632 621 677 659 ad
710 631 831 659 rerum
869 619 1105 669 physicarum
1138 626 1247 655 natu.

135 703 211 735 ram
240 692 555 740 investigandam,
582 701 661 730 tum
688 692 732 729 ad
762 690 860 729 vitae
893 689 1072 727 rationem
1105 687 1246 736 optime

135 761 394 800 instituendam
412 789 426 808 ,
451 761 675 809 pertinuisse
693 759 883 799 videntur.
933 759 1085 806 Itaque,
1109 758 1140 796 si
1164 769 1247 796 vera

138 831 288 870 tradidit
311 831 425 882 Diog.
455 832 582 870 Laert.
610 832 710 880 (1),
745 841 878 879 nempe
901 830 1103 876 Periclem,
1131 839 1246 875 quum

137 901 376 950 Anaxagoras
409 902 448 939 in
473 901 535 949 J‘us
564 909 720 940 vocatus
755 908 879 948 esset,
906 910 1028 937 coram
1059 897 1248 947 judicibus

1257 218 1358 248 sectio
1374 217 1418 249 114
1430 216 1459 256 §-
1475 228 1501 248 2.

141 971 386 1010 exclamasse:
424 972 484 1012 καὶ
517 973 587 1020 μὴν
611 973 681 1019 ἐγὼ
716 972 840 1012 τούτου
867 970 1028 1018 μαθητής
1051 971 1122 1017 εἰμι
1140 994 1153 1013 ,
1180 967 1250 1004 ista
1302 990 1305 992 -

139 1040 252 1079 verba
298 1037 412 1089 magis
455 1050 598 1088 gratum
635 1039 708 1078 viri
753 1039 913 1077 animum
965 1037 1129 1075 indicant
1164 1047 1249 1085 pro-

138 1109 310 1157 fitentis,
357 1121 397 1147 se
424 1109 581 1158 plurima
615 1109 661 1147 ab
705 1108 955 1156 Anaxagora,
990 1117 1088 1143 nunc
1126 1106 1163 1143 in
1190 1116 1251 1143 ex-

138 1189 258 1228 tremo
289 1180 386 1219 vitae
413 1179 581 1228 periculo
622 1186 819 1224 versante,
846 1175 1054 1225 profecisse
1086 1176 1125 1213 in
1157 1186 1252 1223 quo⁴

137 1250 274 1289 tidiana
309 1249 414 1297 vita3
467 1260 576 1297 quam
616 1247 879 1286 existimandus
911 1245 960 1283 sit
996 1245 1155 1283 Pericles
1193 1244 1251 1281 his

138 1319 345 1366 indicasse,
373 1329 456 1356 sese
482 1329 526 1355 eo
556 1325 793 1366 praeceptore
822 1326 932 1353 usum
957 1313 1090 1353 fuisse.
1143 1314 1255 1352 Cete-

138 1401 221 1428 rum
253 1388 404 1438 plurimi
428 1389 466 1426 in
485 1387 705 1434 antiquitate
739 1385 966 1433 scriptores,
994 1384 1104 1433 hujus
1129 1394 1254 1421 neces-

134 1458 314 1500 situdinis
351 1458 604 1504 Anaxagoram
637 1456 734 1493 inter
764 1463 802 1493 et
832 1453 1008 1492 Periclem
1041 1453 1153 1491 nobis
1181 1461 1253 1490 tes-

140 1536 198 1566 tes
248 1536 351 1566 sunt.
400 1525 513 1576 (Vid.
556 1525 642 1564 Obs.
684 1524 777 1574 L.).
853 1523 941 1562 Fuit
987 1531 1108 1560 autem
1149 1530 1252 1560 tanto

140 1596 401 1646 philosophiae
426 1596 550 1634 studio
574 1596 620 1633 ab
643 1596 862 1644 Anaxagora
886 1594 1078 1641 imbutus,
1106 1601 1148 1630 ut
1175 1605 1253 1631 om*-

142 1679 189 1706 ne
216 1675 388 1715 tempus,
436 1667 539 1715 quod
575 1665 649 1714 ipsi
678 1677 698 1703 a
733 1664 895 1713 reipubl.
936 1663 1252 1701 administratione
1301 1678 1305 1681 *

142 1737 316 1784 vacabat,
343 1735 397 1773 illi
415 1736 634 1773 concederet
660 1734 758 1785 (2);
788 1734 839 1772 ita
863 1743 904 1770 ut
930 1733 975 1770 ab
999 1732 1156 1771 Aeliano
1184 1734 1251 1781 (3)

139 1806 188 1845 iis
218 1804 456 1855 philosophis
490 1811 750 1842 annumeratus
788 1803 866 1849 sit,
920 1801 985 1848 qui
1024 1801 1250 1841 Civitatibus

140 1875 384 1926 praefuerint.

194 1946 269 1985 Sed
303 1955 352 1983 ne
375 1943 577 1983 serioribus
611 1941 758 1990 quidem
787 1939 1020 1989 temporibus
1039 1968 1051 1987 ,
1079 1939 1165 1977 licet
1197 1950 1253 1976 re·

1169 2021 1248 2048 rum

182 2129 235 2168 (ι)
254 2129 325 2159 Lib.
341 2130 380 2160 11.
399 2136 492 2164 segm.
514 2138 559 2163 ¹3·

179 2185 235 2222 (2)
247 2187 335 2217 Plut.
348 2186 386 2214 de
405 2184 476 2215 Lib.
498 2186 592 2214 Educ.
612 2193 678 2220 cap.
696 2191 740 2213 ιο.
763 2191 792 2218 p,
810 2188 837 2213 8.
856 2185 891 2211 B.

179 2243 232 2278 (3)
252 2243 292 2272 V·
311 2242 352 2272 H.
370 2241 440 2273 Lib.
455 2244 505 2271 111.
523 2251 590 2276 cap.
615 2251 670 2276 ¹7»
