1523 2745
277 179 322 223 78
496 175 1165 223 COMMENTATIO

274 293 355 322 rent
408 285 495 334 (ι),
564 285 764 324 Laudanda
809 289 968 337 denique
1003 291 1043 329 in
1082 304 1126 331 eo
1160 296 1386 346 prudentia,

272 357 371 401 quii,
400 367 512 402 quum
550 354 657 393 initio
692 357 777 393 belli
802 358 1109 407 Peloponnesiaci
1130 364 1180 402 C.
1207 376 1320 406 naves
1342 369 1389 406 ad

271 425 444 462 ultimum
476 425 670 463 discrimen
706 430 945 467 reservandas
967 442 1008 468 ac
1033 436 1265 481 seponendas
1301 449 1389 476 cen-

272 502 392 540 seret,
433 495 494 533 M.
524 495 632 533 etiam
656 491 789 535 talenta
820 499 889 548 (2)
917 500 955 538 in
979 513 1061 541 arce
1083 505 1305 546 adservanda
1334 509 1388 546 ci·

275 563 385 603 vibus
405 565 484 602 suis
515 566 606 602 hanc
634 568 773 604 adrem
803 571 976 609 monuit:
1016 583 1063 610 ne
1088 574 1187 613 forte
1216 577 1352 617 milites
1369 607 1383 628 ,

266 633 452 682 stipendio
480 634 703 684 deficiente,
731 637 881 687 segnius
905 651 1002 679 arma
1025 644 1272 692 susciperent.

751 781 789 826 ἓ.
844 782 883 819 6.

310 932 504 970 Mercedes
541 933 651 981 illae,
681 933 818 981 quibus
853 933 1032 973 frumenti
1059 934 1266 973 divisiones
1303 933 1375 984 (3)

259 1001 340 1039 addi
376 1011 561 1051 possent,
601 1003 738 1041 habent
782 1015 868 1043 sane
907 1017 983 1052 quo
1011 1017 1051 1043 se
1083 1005 1370 1052 commendent,

257 1076 383 1110 verum
420 1084 497 1110 non
527 1077 599 1112 und
628 1085 780 1122 quoque
811 1060 953 1112 stitione
986 1074 1195 1123 impugnari
1226 1084 1263 1113 et
1289 1086 1376 1124 per-

255 1142 400 1180 niciosa
432 1144 559 1181 haberi
594 1153 750 1191 queunt.
803 1144 936 1182 Minus
977 1144 1089 1182 dubie
1127 1145 1373 1192 pronunciare

255 1212 343 1250 licet
369 1213 414 1250 de
442 1212 602 1250 coloniis
623 1213 691 1263 (4)
719 1214 786 1251 hac
804 1213 1054 1261 potissimum
1079 1221 1197 1252 aetate
1221 1223 1258 1251 et
1272 1213 1374 1252 Peri-

254 1284 311 1320 cle
341 1291 492 1320 auctore
525 1283 562 1319 in
607 1282 771 1321 diversas
809 1283 979 1330 regiones
1026 1282 1222 1330 profectis.
1276 1283 1371 1332 Agri

253 1352 390 1389 devicti
427 1361 528 1389 sorte
552 1352 619 1400 (5)
647 1351 742 1389 inter
768 1352 868 1389 cives
900 1352 1047 1390 Atticos
1082 1352 1364 1400 dividebantur,

252 1421 389 1468 quibus
426 1431 546 1459 tamen
581 1422 669 1459 illuc
696 1421 874 1469 profectis
900 1422 1084 1471 integrum
1110 1422 1279 1460 manebat
1304 1423 1367 1472 jus

249 1492 409 1530 civitatis
431 1493 515 1540 (6).
567 1492 813 1530 Liberabatur
847 1492 962 1541 igitur
1001 1491 1134 1530 civitas
1160 1492 1366 1530 multitudi-

249 1572 296 1598 ne
318 1562 519 1599 incolarum
553 1574 758 1611 pauperum
795 1572 831 1600 et
870 1562 918 1599 ob
950 1574 1027 1600 eam
1065 1563 1182 1610 ipsam
1215 1573 1363 1601 causam

243 1642 360 1670 novas
393 1643 451 1669 res
484 1633 744 1670 molientium:
779 1632 983 1681 potentiam
1016 1643 1118 1670 suam
1145 1631 1183 1669 in
1204 1631 1364 1680 regioni·

1288 1701 1360 1740 bus

279 1786 332 1822 (ι)
356 1776 438 1816 PlutJ
460 1788 526 1816 Per.
549 1794 594 1817 Π.

276 1842 334 1878 (2)
355 1844 455 1872 Thuc.
478 1845 514 1872 11.
538 1854 587 1882 24.

280 1899 336 1936 (3)
359 1901 440 1928 Plut.
462 1903 527 1929 Per.
547 1909 595 1934 37.

281 1961 333 1998 (4)
353 1962 432 1990 Usus
447 1971 512 1990 sum
532 1964 590 1992 hoc
607 1965 758 1993 vocabulo
769 1966 834 1994 Lat.
856 1973 1033 2000 quamquam
1051 1966 1155 2001 potius
1175 1962 1352 2005 ἀποικίας,

243 2031 329 2057 ‘luam
352 2023 562 2064 κληρουχῖαις
583 2026 746 2056 indicante.
774 2026 978 2067 Κληροῦχος
999 2028 1077 2062 apud
1100 2026 1164 2056 cic.
1186 2028 1224 2055 de
1250 2028 1291 2056 N.
1311 2028 1353 2057 D.

241 2087 266 2116 Ι.
286 2091 332 2117 26.
349 2090 741 2125 appellaturagripnaffle
759 2089 931 2118 discrimine
941 2090 1021 2119 inter
1036 2086 1197 2127 ἄποικους
1218 2099 1250 2120 et
1269 2092 1356 2126 κλη-

237 2150 382 2189 ρουχοῦς
403 2151 464 2185 egit
485 2153 690 2180 Wachsmuth.
712 2153 735 2181 1.
757 2154 825 2182 c.1.
845 2154 876 2180 Ρ.
899 2153 940 2182 ΙΙ.
960 2162 992 2188 p.
1015 2163 1066 2192 40.
1090 2163 1117 2184 1.

277 2208 331 2243 (5)
349 2209 394 2236 Dc
413 2207 527 2242 Aegina}
543 2215 640 2236 narrat
655 2211 731 2237 Plut.
751 2212 816 2238 Per.
833 2217 882 2247 34.

275 2266 328 2302 (6)
350 2266 430 2293 Vide
447 2272 566 2300 praeter
583 2266 774 2295 Wachsmuth
794 2268 815 2295 1.
835 2268 858 2296 1.
884 2268 1018 2297 Boeckh.
1043 2277 1096 2304 op.
1119 2272 1149 2299 c.
1167 2278 1200 2305 p.
1218 2256 1286 2308 451.
