1523 2745
241 240 314 288 164
391 235 649 277 COMM.
704 235 1213 277 LITERARIA.

250 366 389 415 quippe
417 365 479 413 qui
496 394 508 412 ‚
537 365 574 401 in
598 364 744 402 Atticae
771 363 910 401 finibus
937 364 1150 412 profligati,
1179 364 1361 402 Lacedae*-

249 436 399 474 monios
428 436 571 484 jamjam
599 433 783 473 affuturos
819 443 1003 482 putarent.
1035 434 1188 472 Pericles
1222 433 1359 483 Populi

250 505 434 543 voluntati
457 516 534 542 non
564 505 778 543 adversatus
806 514 891 553 est3
917 516 1044 541 verum
1080 505 1160 551 ipse
1192 503 1364 551 psephis-

254 588 312 614 ma
338 575 510 623 scripsit,
550 586 624 621 quo
659 574 798 612 Cimon
839 583 1035 612 revocatus
1080 582 1150 611 est.
1202 573 1365 611 Narrant

253 646 455 691 nonnulli,
493 644 666 683 Periclem
705 655 781 681 non
813 644 914 691 prius
947 645 1019 680 hoc
1055 642 1214 690 secisse,
1255 653 1365 689 quam

257 717 505 754 intercedente
549 714 721 763 Elpinice
750 726 769 752 a
806 714 965 752 Cimone
1008 713 1207 760 stipulatus
1243 720 1367 758 esset,

258 795 300 825 ut
329 773 399 824 hic·
425 785 519 823 foris
555 793 742 833 praeesset
779 783 975 829 exercitui,
1004 782 1162 821 Pericles
1202 793 1290 820 vero
1319 781 1371 818 ci·

255 858 348 894 viles
385 867 442 893 res
480 855 748 893 administraret
775 855 859 904 (ι).
915 853 1111 902 Quidquid
1148 852 1222 899 sit,
1261 851 1371 889 simul

258 938 299 963 ac
330 925 481 963 domum
520 935 692 962 reversus
733 932 831 961 esset
872 923 1036 969 Cimon,
1079 922 1215 960 bellum
1246 929 1373 958 sustu-

255 995 410 1044 lit(2);
441 994 600 1043 primum
620 1001 781 1041 quatuor
805 992 985 1031 mensium
1007 991 1172 1029 inducias
1187 990 1373 1037 effidem,

257 1074 389 1113 postea
422 1062 712 1112 quinquennalis
749 1061 908 1100 foederis
943 1071 1088 1100 auctor.
1153 1061 1238 1098 Hoc
1275 1042 1374 1097 enim

260 1135 372 1171 modo
409 1134 550 1181 optime
591 1133 681 1170 mihi
720 1133 913 1170 conciliari
949 1133 1122 1170 videntur
1166 1128 1376 1170 Plutarchei

258 1203 360 1250 loci,
388 1203 426 1240 in
453 1202 590 1250 quibus
625 1203 751 1250 plures
779 1202 848 1239 viri
876 1202 975 1240 docti
1005 1203 1054 1238 ita
1083 1202 1277 1238 haeserunt
1296 1224 1307 1241 ,
1333 1207 1375 1236 ut

258 1273 464 1311 Clintonus
496 1273 586 1310 adeo
624 1272 814 1309 Plutarchi
849 1280 989 1308 textum
1027 1269 1252 1308 mutilaverit
1290 1269 1374 1317 (3).

259 1343 399 1382 Prioris
422 1343 536 1392 igitur
559 1342 659 1390 pacis
675 1371 687 1388 ‚
705 1343 763 1378 vel
778 1341 903 1388 potius
925 1340 1154 1377 induciarum
1179 1347 1373 1385 tempore,

262 1413 485 1463 Myronides
508 1413 673 1450 Boeotos
701 1410 916 1459 superavit3
949 1410 1004 1447 his
1034 1409 1192 1447 induciis
1220 1417 1378 1456 praeter-

262 1486 375 1533 lapsis
395 1483 587 1521 Tolmides
612 1491 649 1520 et
662 1482 818 1520 Pericles
838 1481 1136 1528 Peloponnesum
1153 1479 1374 1526 vastarunt;

266 1555 426 1603 denique
467 1553 638 1592 Cimonis
677 1563 749 1600 ope
788 1551 1063 1599 quinquennale
1099 1549 1230 1587 foedus
1262 1548 1377 1585 ictum

266 1634 349 1672 est,
377 1634 413 1662 et
450 1632 696 1672 susceperunt
725 1621 859 1660 Graeci
888 1621 1025 1658 bellum
1053 1620 1090 1656 in
1120 1619 1305 1667 Cyprum.

318 1747 404 1786 Obs.
435 1746 523 1784 XV.
561 1745 644 1784 Etsi
687 1743 907 1787 temeritati„
956 1750 1066 1788 atque
1099 1739 1268 1778 audaciae
1314 1737 1381 1775 tri-

265 1817 331 1855 bui
378 1817 529 1865 possit,
583 1815 616 1853 si
659 1815 696 1852 in
739 1813 895 1863 Juvenili
924 1812 1045 1860 opella
1080 1810 1289 1859 judicetur,
1333 1809 1380 1846 de

263 1887 387 1934 aliqua
442 1885 684 1934 quaestione,
739 1895 832 1931 quae
872 1884 943 1933 J’am
984 1882 1048 1920 diu
1088 1892 1109 1918 a
1153 1878 1382 1918 doctissimis

1321 1949 1378 1986 vi-

308 2038 360 2075 (1)
389 2039 513 2066 Praeter
548 2039 634 2065 locos
663 2044 735 2065 mox
761 2035 930 2065 afferendos
960 2035 1044 2064 conf.
1075 2035 1152 2063 Plut.
1183 2030 1275 2067 Reip.
1308 2033 1381 2062 Ger.

266 2096 387 2123 Praecc.
405 2103 472 2129 cap.
492 2104 538 2127 15.
559 2103 589 2128 p.
617 2095 743 2127 812213.

306 2152 357 2188 (ἲ)
380 2155 456 2181 Plut.
481 2151 509 2178 in
539 2153 605 2179 Per.
626 2159 692 2185 cap.
715 2158 758 2179 ιο.
776 2159 803 2184 p.
826 2157 887 2183 157.
910 2152 945 2178 C.
968 2162 1006 2169 —
1026 2149 1058 2174 In
1078 2146 1158 2174 Cim.
1177 2153 1242 2180 cap.
1267 2152 1312 2180 17.
1334 2151 1381 2179 sq.

266 2216 297 2240 p.
328 2210 394 2243 4¹³9·
430 2207 480 2234 ubi
507 2206 603 2241 probe
633 2206 751 2240 discing¹
767 2206 842 2232 enda
881 2213 949 2233 sunt
974 2204 1065 2232 verba
1105 2198 1208 2233 ἔλυσε
1236 2198 1294 2232 τὶν
1323 2197 1385 2231 πό-

270 2265 372 2301 λεμον
394 2272 424 2292 et
444 2257 651 2301 διήλλαξενς
682 2262 791 2290 deinde
814 2257 996 2302 γενομένης
1011 2254 1042 2291 δ’
1057 2256 1192 2300 εἰρήνης.
1217 2275 1260 2282 --
1279 2260 1381 2288 Theo-

265 2330 372 2357 pomp.
389 2323 408 2349 l.
432 2323 453 2349 l.
479 2336 526 2342 -—
546 2323 628 2355 Nep.
648 2319 724 2349 Cim.
743 2328 809 2354 cap·
829 2328 857 2354 3.
881 2324 910 2356 g.
935 2328 963 2354 3.

301 2379 354 2413 (³)
379 2378 427 2406 Ad
446 2385 554 2405 annum
572 2385 640 2413 450.
