1564 2750
24 2627 35 2750 *ῥα-ἢ
26 2428 33 2617 ήῷ-...-
25 2369 30 2417 μ

403 150 912 199 LITERARIA.
1164 160 1206 194 81

111 278 200 309 ante
207 268 388 308 Periclem
404 269 507 319 cujus
519 271 661 320 scripta
676 267 856 319 quaedam
873 268 992 318 feru
1002 275 1050 306 nt
1061 279 1085 306 u
1095 266 1148 315 r(
1154 266 1211 315 1).

111 339 213 378 Haec
236 338 446 377 testimonia
459 366 473 387 ,
494 328 587 386 q'uae
610 350 686 377 non
709 340 883 377 consulto
897 366 912 386 ‚
938 337 1004 376 sed
1024 345 1158 375 temere
1176 344 1214 374 et

109 406 320 457 dubitanter
341 409 445 456 data,
469 407 676 446 refutantur
701 409 837 446 diserta
855 406 1097 457 Quinctiliani
1120 405 1215 444 affir-

109 476 299 525 matione,
339 489 448 525 sese,
488 477 573 515 licet
607 489 628 516 a
658 479 840 517 Cicerone
870 476 909 515 in
945 477 1063 515 Bruto
1095 475 1216 514 moni·-

107 555 186 585 tum
203 575 217 595 ‚
254 547 413 586 Periclis
450 549 582 598 aliqua
600 548 733 597 ferri,
768 549 866 587 nihil
895 550 1071 599 reperisse
1103 555 1215 585 tanta

106 617 334 668 eloquentiae
350 604 466 667 fama
491 617 644 669 dignum
671 618 755 668 (2).
786 616 962 655 Testatur
985 617 1106 664 idem,
1132 616 1216 654 nul-

108 687 143 724 la
175 686 357 725 Pericleae
388 688 622 735 eloquentiae
653 696 890 726 monumenta
919 687 964 726 ad
986 698 1053 725 sua
1074 695 1218 735 tempo-

109 766 148 794 ra
170 757 408 805 pervenisse;
427 758 492 795 sed
510 766 639 796 contra
662 769 703 796 ea
728 758 930 807 significat:
949 757 1124 795 Periclem
1139 757 1215 795 De·

110 824 324 876 maciemque
343 827 443 864 nihil
456 829 675 878 posteritati
698 828 889 878 reliquisse
914 827 996 876 (3).
1048 828 1105 865 Ac
1130 826 1219 864 Plu-

107 894 262 934 tarchus
283 923 295 943 ‚
334 896 400 943 qui
440 896 564 934 omnia
603 898 648 935 ad
684 897 857 936 Periclem
897 896 1119 945 pertinentia
1156 897 1220 934 de·

109 964 186 1003 dita
213 977 327 1013 opera
362 965 549 1014 indagavit
565 994 579 1012 ‚
607 967 770 1015 exceptis
796 966 1137 1021 psephismatibus‚
1163 965 1222 1003 ni·

108 1033 163 1071 hil
193 1046 213 1072 a
234 1034 371 1072 Pericle
406 1034 612 1083 scriptum,
654 1040 742 1083 p'ost
773 1036 852 1085 ejus
879 1044 1033 1074 mortem
1051 1063 1065 1082 ,
1091 1035 1220 1073 inven-

105 1109 188 1141 tum
222 1101 342 1141 fuisse
376 1104 567 1141 contendit
604 1103 691 1154 (4).
767 1104 928 1143 Accedat
976 1105 1219 1151 observatio,

109 1172 214 1221 quod
228 1171 469 1222 Thucydides
488 1174 608 1211 nullas
626 1173 776 1212 Periclis
806 1174 992 1212 orationes
1023 1172 1218 1222 finxisset,

46 1244 47 1247 ’
109 1242 142 1281 si
171 1243 246 1281 ulla
271 1254 393 1281 earum
421 1242 699 1291 superfuisset,
729 1244 870 1293 quippe
893 1255 914 1283 e
939 1256 1093 1292 quarum
1116 1255 1220 1282 com-

106 1312 297 1361 paratione
330 1313 511 1351 continuo
542 1314 800 1362 apparuisset,
830 1326 902 1362 qua
929 1314 966 1352 in
992 1326 1031 1352 re
1054 1314 1099 1352 ab
1125 1314 1219 1363 ipsis

107 1382 262 1421 Periclis
283 1382 406 1421 verbis
431 1382 692 1431 discessisset3
721 1391 879 1423 nectum
896 1383 1042 1422 difficile
1056 1382 1215 1423 fuisset:

108 1455 173 1500 τὴν
194 1455 380 1502 ἀκρίβειαν
392 1455 502 1499 αὐτὴν
520 1458 589 1494 τῶν
609 1455 812 1504 λεχθέντων
822 1457 1116 1504 διαμνημονεῦσαι
1131 1454 1216 1504 (5).

183 1521 462 1562 Existimandus
510 1521 669 1560 fortasse
721 1523 854 1562 Suidas
903 1524 974 1574 (6)
1022 1523 1218 1562 Ciceronis

108 1595 216 1632 locos
241 1591 292 1630 ita
324 1591 537 1640 accepisse,
573 1603 614 1630 ac
653 1592 685 1630 si
720 1593 876 1632 Pericles
916 1594 1057 1642 primus
1102 1594 1219 1643 scrip-

109 1671 185 1700 tam
227 1660 426 1700 orationem
469 1661 508 1699 in
555 1661 696 1711 judicio
734 1663 948 1703 recitasset:
999 1664 1095 1710 ὅστις
1130 1670 1220 1714 mii*

115 1747 174 1778 τος
209 1733 371 1782 γραπτὸν
395 1731 513 1802 ,λόγον
539 1734 574 1772 ἕν
600 1734 807 1784 δικαστηρίῳ
835 1733 940 1779 εἷπε,
967 1739 1034 1776 τῶν
1062 1737 1127 1785 πρὸ
1153 1739 1220 1776 αὐὸ

1152 1822 1214 1847 του

148 1891 200 1931 (ι)
221 1892 257 1921 In
275 1892 359 1920 Brut.
381 1898 447 1928 cap.
469 1901 498 1928 7.-

152 1948 206 1988 (2)
226 1951 310 1981 Instt.
333 1949 418 1978 Orat.
440 1949 493 1978 111.
516 1954 581 1986 cap.
604 1958 631 1981 1·

153 2005 207 2048 (3)
227 2009 295 2038 Lib.
315 2009 383 2038 Xll.
405 2016 471 2043 cap.
489 2017 519 2038 2.
539 2014 570 2036 et
589 2017 635 2038 10.

151 2064 205 2103 (4)
224 2068 302 2096 Plut.
320 2064 351 2093 in
369 2068 435 2095 Per.
456 2073 524 2100 cap.
544 2069 574 2096 8.
591 2074 623 2102 p.
640 2068 706 2100 156.
728 2067 766 2095 C.
794 2081 838 2088 -—·
863 2061 980 2094 Pseudo
1005 2062 1083 2096 Plut.
1103 2066 1133 2094 in
1154 2063 1216 2096 v'ita'

117 2122 330 2157 Antiphontis,
349 2130 381 2157 Ρ.
401 2126 470 2156 852.
493 2121 535 2150 D.

153 2178 205 2217 (5)
224 2179 322 2208 Thuc.
342 2180 366 2208 Ι.
389 2186 455 2213 cap.
478 2188 526 2208 22.

152 2237 207 2273 (6)
229 2236 262 2264 In
279 2244 356 2266 voce
378 2235 520 2275 Περικλ.
543 2250 578 2259 ·-
599 2235 646 2265 Ex
664 2243 703 2264 eo
719 2234 851 2264 Eudocia
868 2235 985 2266 violet.
1003 2245 1035 2272 p.
1060 2246 1126 2272 353·

165 2304 292 2334 CLAR.
623 2292 654 2330 F

1225 206 1324 238 sectio
1336 206 1377 236 11.
1393 200 1423 241 §.
1437 214 1465 240 3·
