1507 2876
1140 219 1252 251 xvn

144 345 148 349 .
215 315 264 358 In
293 302 647 360 FACULTATE
676 314 929 370 MEDICA,
972 317 1183 364 docebunt

194 442 495 487 [Anatomiam
546 443 579 487 Ῑ.
599 443 646 488 L.
666 443 713 489 C.
750 443 1110 492 SCHROEDER
1148 461 1253 494 VAN

136 528 237 558 nnn
255 513 416 558 KOLK
428 547 439 568 ,
487 521 636 572 quater
648 530 725 573 per
741 515 901 560 dierum
917 516 1224 563 hebdomadem
1236 551 1250 574 ,

134 583 243 629 hora
275 585 346 629 IV.
1222 616 1224 618 ·

188 664 545 719 Physiologiam
576 663 608 708 I.
625 664 673 707 L.
694 664 740 708 C.
770 663 1128 711 SCHROEDER
1145 678 1252 711 'VAN

131 747 231 777 DER
252 733 436 787 KOLK,
497 734 643 778 diebus
677 736 821 789 lunae,
853 737 1026 791 martis,
1056 736 1251 782 mercurii

131 811 172 848 et
200 805 330 858 iovis,
363 805 470 849 hora
494 806 610 850 VIII.
644 807 859 851 matutina.

186 883 486 925 slnatomiam
503 885 856 939 Pathologicarn
870 915 880 934 ‚
916 883 981 927 bis
996 898 1073 941 per
1087 884 1249 930 dierum
1322 936 1328 942 ²

129 951 465 1005 hebdomadem,
523 952 556 997 I.
587 952 635 995 L.
664 951 710 996 C.
755 952 1114 999 SCHROEDER
1143 970 1249 1001 VAN

128 1038 228 1067 DER
258 1022 442 1076 KOLK,
464 1022 581 1066 ’hora
611 1023 886 1067 Auditoribus
911 1025 1146 1069 commoda.

180 1101 546 1142 Dissectlonibas
609 1105 884 1144 cadaverum
925 1102 1245 1157 Anatomicis,

125 1177 370 1228 opportuno
399 1170 495 1215 anni
523 1177 713 1230 tempore
740 1172 1031 1226 instituendis,
1063 1174 1247 1234 praeerit

87 1242 92 1246 ’
124 1240 310 1296 quotidie
370 1241 404 1286 Ι.
429 1241 477 1287 L.
511 1241 557 1286 C.
606 1241 965 1287 SCHROEDER
999 1257 1105 1289 vAN
1143 1259 1244 1290 DER

123 1310 299 1358 KOLK.

179 1391 527 1449 Patkologiamr
560 1399 743 1451 exponet
787 1392 837 1437 Β.
853 1392 903 1436 F.
928 1392 1239 1448 SUERMAN,

119 1466 184 1503 ter
211 1474 289 1518 per
317 1460 476 1505 dierum
507 1461 843 1517 hebdomadem,
873 1463 981 1507 hora
1002 1463 1074 1507 IX

173 1538 449 1581 Doctrinam
486 1542 541 1582 de
572 1544 891 1597 cognoscendis
930 1550 975 1584 et
1011 1546 1232 1587 curandis

115 1601 347 1652 hominum
362 1610 576 1655 morbisl.
589 1610 622 1655 I.
638 1611 1091 1666 VVOLTERBEEK,
1124 1628 1233 1670 qua-

115 1684 199 1731 ter,
231 1677 338 1722 hora
365 1679 458 1724 XII.

176 1756 459 1812 Therapzam
466 1763 759 1815 generalem
778 1769 822 1802 et
837 1769 1121 1816 apparatum
1135 1778 1233 1804 me-

112 1826 420 1880 dicaminam,
457 1838 648 1885 exponet
679 1830 711 1873 I.
729 1830 763 1874 Ι.
779 1830 1230 1917 VVOLTERBEEK,

112 1902 284 1952 quater,
314 1895 486 1943 ho1al.

168 1975 304 2017 Plzar
306 1991 405 2017 rena
409 1977 528 2030 iam,
575 1977 797 2021 vernaequ
834 1992 1048 2032 sermone,
1108 1979 1161 2024 N.
1179 1978 1228 2023 C.

101 2034 174 2088 m:
191 2043 497 2100 FREMERY,
516 2047 661 2092 diebus
677 2049 797 2092 lunae
812 2049 1028 2103 etmartis,
1046 2049 1152 2093 hora
1169 2050 1223 2102 II.

167 2123 375 2165 Examen
416 2129 758 2180 aegrotantium
798 2135 842 2168 et
884 2128 1225 2180 Semeioticam,

109 2190 190 2234 1.1.
220 2192 672 2250 WOLTERBEEK,
703 2196 747 2240 in
777 2198 1032 2243 Nosocomio
1066 2199 1223 2265 acade-

109 2261 243 2317 mico,
272 2263 378 2310 hora
404 2265 454 2310 X.

1051 2329 1054 2331 ’
1110 2329 1227 2390 'In'-
