1502 2767
346 173 930 218 THEoLooch.
1142 191 1189 229 79

98 293 179 324 rum
202 283 369 333 vestigiis
390 283 629 334 insistentes,
655 285 855 325 moralibus
886 284 1018 324 studiis
1042 285 1197 325 maxime

98 353 258 402 intenti,
284 354 452 402 easdem,
480 366 571 402 quas
594 363 763 404 veteres,
792 355 836 393 de
861 366 976 404 regno
1004 349 1196 395 Messiano

97 421 268 461 foverent
305 423 529 473 opiniones,
565 424 779 473 iidemque,
817 427 930 463 semel
958 425 1026 463 hac
1052 428 1199 474 recepta

98 491 300 541 opinione,
335 491 374 531 in
407 500 566 532 extrema
598 503 773 543 ruerent3
813 503 889 533 tum
923 507 971 533 ex
1007 495 1197 544 religionis

98 561 332 601 Christianae
371 562 515 611 indole,
545 571 624 601 tum
649 576 694 602 ex
723 564 817 602 locis
845 565 1062 613 nonnullis,
1087 566 1203 604 maxi-

100 643 160 670 me
183 631 375 671 Orationis
403 633 605 672 Montanae
622 662 635 681 ,
663 645 755 682 quae
777 635 939 683 dicitur,
965 632 1121 684 probare
1136 646 1200 674 co-

100 710 257 749 nantes,
286 702 442 741 Ethices
468 703 702 742 Christianae
734 703 935 742 doctrinam
960 712 1083 743 vetare
1127 717 1204 744 ma-

102 772 259 822 gistratu
284 771 419 820 fungi,
451 773 588 822 iudicia
618 784 786 812 exercere
802 800 815 821 ‚
852 782 964 821 atque
1005 775 1095 813 adeo
1126 775 1205 814 bel·

100 842 176 879 lum
208 852 334 890 gerere
351 869 366 890 ,
400 842 490 890 quin
513 843 641 891 potius
667 843 789 881 omnia
810 841 958 881 ferenda
977 871 991 891 ‚
1021 844 1205 882 sustinen-

107 911 153 949 da
165 938 179 959 ‚
192 911 429 960 perpetienda
443 939 457 958 ,
472 923 581 959 quam
594 920 723 950 contra
745 912 880 950 amoris
896 913 1116 962 principium
1127 913 1207 964 (uti

107 979 379 1030 opinabantur)
398 980 494 1020 ‘alios
515 980 553 1019 vi
577 989 690 1028 atque
712 980 964 1020 internecione
985 981 1132 1031 cogere.

580 1068 639 1150 sſs
681 1114 717 1151 a·

160 1242 264 1294 Quid
287 1242 332 1282 de
369 1243 572 1283 hominibus
590 1272 604 1292 ‚
630 1247 696 1296 qm·
728 1245 861 1283 bellum
885 1243 1166 1296 gerereChre's·
1217 1234 1225 1254 ³

208 1315 312 1354 tiano
337 1314 475 1353 homini
511 1312 616 1352 haud
642 1315 784 1353 licitam
816 1323 982 1363 censent,
1011 1314 1118 1363 iudi·

520 1383 680 1422 candum
710 1386 789 1424 sit?

161 1518 281 1569 Fonte
298 1556 312 1576 ,
338 1539 384 1566 ex
409 1537 486 1576 quo
516 1526 806 1565 adversariorum
834 1526 1030 1575 opiniones
1068 1535 1215 1566 exortae

117 1608 232 1646 sunt,
257 1597 517 1644 considerato,
551 1597 679 1645 paucis
722 1595 927 1645 significare
953 1596 1083 1645 lubet,
1123 1597 1216 1645 quid

113 1668 226 1707 nobis
237 1669 287 1707 de
305 1668 358 1705 ita
367 1666 614 1705 sentientibus
631 1666 868 1716 judicandum
889 1666 1071 1705 videatur.
1097 1667 1218 1716 Equi-

113 1738 196 1776 dem
231 1737 283 1776 ita
316 1737 518 1776 sentientes
544 1738 643 1779 haud
666 1737 755 1775 adeo
772 1764 785 1783 ,
812 1744 854 1774 ut
878 1738 990 1786 vulgo
1018 1738 1087 1786 fit,
1115 1748 1218 1776 exse-

112 1807 270 1846 crandos
297 1816 336 1846 et
371 1807 459 1846 odio
497 1807 775 1857 persequendos
816 1807 1044 1845 interneciuo
1089 1807 1214 1846 velim.
1282 1856 1285 1857 ⁷

117 1878 263 1916 Etenim
298 1877 439 1928 (dicam
463 1877 566 1926 quod
591 1876 735 1923 sentio)
761 1876 810 1914 sit
849 1876 899 1915 ita
915 1905 928 1924 ‚
970 1877 1073 1925 quod
1093 1876 1220 1925 negari

114 1947 272 1995 nequit,
300 1947 432 1986 horum
462 1947 655 1984 hominurn
681 1945 883 1984 sententias
907 1945 1060 1985 Ethices
1076 1946 1221 1985 Chris·

115 2016 234 2054 tianae
262 2016 378 2054 indoli
414 2001 561 2065 penitus
586 2027 668 2054 esse
693 2016 919 2063 contrarias,
956 2016 1048 2064 quin
1079 2016 1220 2055 civitati

119 2085 473 2134 perniciosissimas3
523 2095 644 2123 tamen
675 2085 779 2123 Novi
805 2085 981 2124 Foederis
1015 2085 1133 2124 libros
1165 2086 1222 2124 in·

122 2163 257 2203 tuens,
284 2167 453 2204 quaeque
482 2166 656 2204 perversa
681 2155 871 2193 hominum
888 2154 1075 2203 cogitandi
1101 2155 1194 2193 ratio
1209 2183 1222 2202 ,

126 2235 308 2272 quamque
353 2235 471 2274 prona
508 2225 547 2263 in
584 2235 726 2264 errores
762 2225 972 2263 eorumdem
1005 2235 1107 2263 mens
1144 2236 1225 2263 esse

1164 2306 1226 2332 so·
