1502 2767
383 190 976 233 THEOLOGICA.
1168 208 1236 245 153

70 297 74 301 ’
127 311 235 341 tenus
265 309 301 338 et
339 300 457 349 qualis
495 301 804 341 Christianismus
831 315 850 342 a
872 305 1024 352 populis
1066 317 1236 355 receptus

128 372 206 419 sit,
234 373 361 419 quales
384 372 691 411 commutationes
721 374 900 421 subierit,
929 383 967 412 et
1001 377 1143 423 qualem
1180 379 1239 416 his

129 440 304 480 omnibus
341 442 621 481 convenientem
664 444 737 481 vim
782 444 820 481 in
855 445 1024 484 homines
1069 459 1241 487 exercue-

128 510 192 549 rit.
220 533 271 547 ,-
310 510 407 550 Tres
436 513 496 550 hic
527 514 702 561 periodos
738 514 981 563 generaliores
1014 519 1244 559 constituere

129 581 262 628 liceat,
291 581 329 619 in
356 581 496 630 quibus
525 583 660 620 variam
687 584 724 621 in
757 585 949 624 hominum
985 588 1031 626 de
1059 588 1158 627 bello
1181 602 1243 640 ge·

130 649 251 687 rundo
282 650 486 688 sententias
520 653 762 691 emendandas
788 654 863 692 vim
899 665 976 694 non
1004 660 1131 707 potuit
1167 672 1244 700 non

130 719 289 758 habere:

184 790 216 829 I.
252 790 289 828 A
322 790 415 840 Jesu
458 791 616 830 Christo
652 795 697 831 ad
735 795 1025 835 Constantinum
1065 799 1246 848 Magnum

134 860 178 897 ab
204 871 302 898 anno
328 862 362 899 Ι.
388 882 442 890 -
469 873 558 910 324.

183 930 234 970 II.
263 931 300 969 A
337 931 592 970 Constantino
619 934 664 971 ad
693 933 890 972 Sacrorum
926 936 1245 981 instaurationem.

137 1012 382 1050 324—1517.

184 1072 254 1109 ΙΙΙ.
307 1072 395 1109 Inde
444 1073 489 1110 ad
535 1081 698 1110 nostram
758 1082 926 1114 aetatem.
999 1077 1078 1127 Jam
1131 1082 1248 1120 verbo

133 1141 394 1180 adumbremus
411 1171 424 1190 ‚
452 1143 542 1189 quid
566 1144 724 1193 singulis
752 1144 812 1183 his
838 1146 1003 1194 periodis
1031 1161 1251 1198 exspectan-

133 1212 220 1250 dum
248 1213 311 1250 sit.

185 1282 302 1333 Quod
318 1283 363 1321 ad
384 1285 547 1334 primam
569 1284 759 1335 periodum
785 1287 939 1335 attinet,
960 1289 1105 1328 etiamsi
1127 1293 1250 1331 Patres

133 1353 326 1391 Ecclesiae
338 1363 373 1391 et
387 1355 493 1391 multi
518 1355 736 1394 recentioris
756 1357 836 1394 aevi
862 1358 1065 1407 scriptores
1081 1389 1093 1407 ‚
1111 1373 1155 1399 ex
1169 1364 1252 1411 qui·

134 1418 207 1456 bus
247 1417 405 1456 Caveum
442 1428 479 1456 et
513 1419 740 1458 Arnoldtum
785 1421 997 1461 nominasse
1034 1426 1251 1475 suffecerit,

137 1488 248 1526 nimis
279 1489 470 1538 magnifice
501 1491 548 1528 de
574 1490 704 1539 primis
739 1492 963 1531 Christianis
988 1497 1253 1546 praedicarint,

134 1567 255 1597 tamen
293 1560 339 1598 ad
384 1561 552 1599 seculum
596 1573 718 1609 usque
768 1573 966 1610 quartum,
1022 1577 1125 1604 amor
1171 1580 1255 1618 erga

136 1640 265 1668 omnes
290 1630 460 1669 homines
476 1631 646 1680 ,J‘ustitia
662 1660 674 1679 ‚
698 1633 931 1681 constantia,
960 1636 1089 1675 lenitas
1105 1666 1118 1684 ‚
1147 1639 1255 1677 mise-

134 1700 316 1747 ricordia,
352 1700 518 1749 aliaeque
554 1701 704 1740 virtutis
744 1704 915 1751 species,
979 1716 1023 1742 ex
1067 1707 1255 1756 religionis

135 1770 373 1810 Christianae
386 1772 578 1819 doctrina,
611 1784 775 1821 magnam
800 1784 943 1823 partem
967 1779 1059 1823 pura
1080 1782 1248 1827 servata,

136 1839 334 1889 oriundae,
372 1850 475 1879 certo
506 1841 643 1879 certius
681 1844 889 1890 permultos
934 1857 1062 1884 eorum
1101 1859 1256 1887 exorna-
1303 1850 1305 1852 ’

135 1918 223 1948 runt
250 1911 335 1961 (ι).
374 1912 501 1962 Quum
534 1924 622 1950 vero
661 1913 811 1962 Religio
840 1915 1054 1955 Christiana
1086 1920 1251 1957 nondum

134 1981 286 2029 publica
305 1984 531 2030 populorum
564 1983 694 2032 religio
718 1984 815 2023 facta
838 1995 959 2033 esset,
988 1993 1055 2025 nec
1081 1990 1126 2026 ad
1154 1989 1256 2036 prin-

134 2051 259 2098 cipum
292 2053 393 2091 aulas
427 2053 515 2091 satis
549 2055 689 2093 aditum
732 2055 805 2094 sibi
838 2056 1100 2107 patefecisset3
1136 2071 1254 2108 augu-

1107 2143 1228 2169 ramur
1240 2161 1252 2179 ‚

176 2214 226 2252 (ι)
248 2217 304 2246 Vid
323 2222 374 2248 Ne
387 2221 524 2255 ander,
555 2222 939 2261 inDeralezvffrdigkein-n,
963 2227 1018 2255 Th.
1044 2228 1067 2255 Ι.
1092 2235 1158 2262 pag.
1179 2239 1246 2264 305,

140 2282 206 2309 S‘lq·
231 2281 293 2308 333·
316 2283 381 2310 sqq·
