1523 2745
451 139 914 186 COMM.LIT.
1205 145 1235 183 ‘7

130 254 280 303 thenis,
318 254 384 304 qui
415 254 561 294 sublata
596 250 900 293 Pisistratidarum
931 244 1124 295 tyrannide
1139 271 1152 290 ,
1181 252 1238 279 re-

132 323 281 373 giminis
312 323 467 363 formam
488 325 706 374 popularem
734 320 958 359 restituerat.
985 316 1055 366 (1)
1093 312 1237 352 Habuit

131 395 246 443 igitur
269 407 360 445 puer
383 395 588 434 domestica
610 393 791 432 virtutum
818 388 1013 436 exempla,
1043 395 1136 432 quae
1157 382 1236 419 imi-

130 465 240 503 tanda
287 465 361 504 sibi
400 471 624 514 proponeret
665 471 701 500 et
737 459 869 509 procul
910 455 1039 495 dubio
1066 461 1240 502 generosa

133 544 217 573 eum
241 533 383 573 indoles
414 543 554 573 mature
580 534 702 571 horta
691 542 724 570 a
759 528 899 575 fuerit,
925 535 968 564 ut
1007 532 1148 574 patrem
1178 521 1242 559 ali-

136 603 287 652 quando
314 603 454 643 virtute
485 603 644 651 bellica,
670 599 901 641 Clisthenem
926 594 1120 646 prudentia
1140 589 1240 630 civili

138 684 315 723 superare
337 675 514 715 studeret.
567 674 779 712 Maternum
809 678 926 719 genus
949 663 1155 705 obnoxium
1168 668 1244 699 erat

139 746 305 793 Cylonio
328 746 399 797 (2)
426 745 598 794 piaculo,
625 742 725 781 unde
753 748 884 789 postea
908 738 946 775 in
971 736 1056 784 ipso
1073 731 1161 770 belli
1179 731 1246 769 Pe-

136 815 392 865 loponnesiaci
420 815 527 853 initio
563 802 734 862 Spartani
760 821 843 848 eum
871 807 1021 846 civitate
1053 802 1135 853 ejici
1159 810 1250 849 pos-

142 887 310 925 tularunt
327 915 340 934 ,
352 888 475 935 specie
488 883 677 933 religionis
689 881 855 921 vindices
868 890 908 916 se
920 875 1138 926 praebentes
1153 898 1168 919 ‚
1193 880 1251 907 re-

144 967 231 994 vera
254 964 375 995 autem
402 955 497 994 nihil
519 954 620 993 aliud
640 958 849 1001 spectantes
864 975 879 996 ,
907 957 1016 995 quam
1040 953 1083 982 ut
1118 941 1169 980 ita
1195 940 1253 977 in-

144 1025 281 1064 vidiam
308 1027 346 1064 in
373 1026 549 1066 Periclem
573 1023 794 1063 excitarent:
824 1019 926 1067 quod
955 1025 1075 1054 tamen
1104 1017 1253 1060 sperato

144 1106 278 1136 eventu
300 1095 462 1134 caruisse
489 1093 585 1133 infra
606 1092 830 1131 videbimus.

651 1242 689 1289 §.
733 1252 774 1279 2.

204 1393 421 1432 Herodotus
450 1397 487 1427 et
519 1381 739 1428 Plutarchus
766 1390 935 1429 narrant,
975 1389 1125 1418 matrem
1158 1388 1262 1426 prae-

156 1462 339 1511 gravidam
362 1460 401 1498 in
427 1457 575 1497 somnio
596 1456 668 1495 sibi
692 1455 806 1494 visam
831 1453 950 1490 fuisse
973 1451 1078 1489 edere
1092 1450 1262 1486 leonemz

155 1534 222 1572 sed
252 1543 373 1580 neque
403 1530 465 1578 hi,
491 1539 614 1577 neque
645 1524 809 1573 reliqui,
837 1522 902 1570 qui
928 1520 1078 1561 Periclis
1099 1530 1157 1556 res
1187 1527 1266 1556 tan·

155 1610 276 1652 gunt,
312 1612 447 1639 annum
476 1599 554 1649 ejus
583 1597 739 1635 natalem
775 1591 972 1631 memoriae
1008 1588 1264 1638 prodiderunt.

158 1671 317 1711 Etiamsi
349 1670 440 1708 adeo
476 1669 515 1706 in
549 1669 624 1705 alto
660 1674 824 1704 veterum
863 1660 1012 1700 silentio
1039 1667 1179 1697 certum
1207 1667 1268 1694 an-

161 1753 250 1781 num
276 1739 428 1780 definire
456 1749 534 1777 non
565 1737 671 1775 datur
689 1762 703 1784 ,
728 1742 849 1772 tamen
878 1743 955 1770 non
976 1731 1132 1768 multum
1155 1739 1174 1765 a
1209 1738 1271 1775 ve-

1213 1806 1273 1834 ro-

202 1938 256 1975 (1)
276 1936 358 1967 Plut.
374 1946 402 1966 2.
430 1935 544 1964 Herod.
575 1934 631 1963 VI.
662 1939 729 1967 ¹3¹·
763 1930 815 1966 qui
842 1929 913 1958 inde
941 1938 957 1957 a
985 1927 1140 1956 Clisthene
1170 1914 1273 1958 Sicyo-

165 1993 219 2023 nio
245 2001 338 2028 genus
365 1991 570 2028 persequitur.
592 2004 638 2012 —
656 1990 756 2017 Docte
783 1988 821 2015 de
839 1984 1024 2014 nobilissima
1041 1985 1098 2012 hac
1116 1984 1275 2011 Alcmaeo-

167 2050 303 2080 nidarum
325 2057 414 2084 gente
441 2046 607 2084 disputavit
626 2045 752 2080 eiusque
771 2051 894 2073 stemma
912 2040 1048 2071 confecit
1068 2040 1118 2068 Cl.
1136 2039 1274 2067 Boeckh.

170 2108 201 2136 in
226 2107 374 2143 Explicat.
395 2106 512 2137 Pindar.
534 2113 565 2139 p.
587 2111 757 2137 sot—303.

207 2163 259 2204 (α)
279 2163 348 2194 Vid.
375 2164 457 2192 Plut.
494 2163 600 2193 Solon.
634 2168 680 2191 12.
715 2158 834 2187 Herod„
859 2158 895 2185 V.
923 2164 970 2192 71.
998 2161 1046 2190 et·‚
1077 2151 1276 2189 quiromnem

172 2230 236 2251 rem
253 2227 389 2250 accurate
407 2220 520 2255 refert,
543 2218 680 2253 Thucyd.
701 2218 726 2245 1.
750 2217 813 2247 126.
833 2221 879 2249 sq.
