1523 2745
281 175 1040 219 OBSERVATNJNEs.
1157 187 1225 224 ψ

125 285 270 334 ,scripta
295 283 440 331 fertur,
468 285 553 322 lieet
577 283 635 321 hic
655 284 730 322 illic
750 284 836 321 huic
860 283 995 321 oratori
1026 282 1229 332 abjudicata

125 353 266 402 fuerit,
307 354 452 402 aliquos
493 362 612 391 tamen
645 353 841 392 acerrimos
879 352 1091 392 defensores
1127 362 1228 390 nacta

126 433 213 473 est3
241 434 368 462 verum
395 435 461 471 ea,
482 435 574 471 quae
610 422 869 461 Demosthenis
899 422 1047 461 nomine
1075 422 1230 471 insigni⁴

126 502 216 541 tur,
256 493 446 531 communi
482 493 707 530 eruditorum
754 502 967 538 consensu,
1016 491 1227 530 criticorum

129 562 248 602 obelis
275 561 454 600 confossa
483 572 556 599 est.

173 690 260 731 obs.
286 690 391 730 XLI.
418 691 627 739 Stephanus
657 690 887 740 Byzantinus
914 690 984 740 (ι)
1011 690 1230 729 memoravit

117 760 332 812 oppidorum
376 761 550 807 nomina,
605 760 742 808 quibus
776 761 979 812 Tetrapolis
1009 760 1224 807 constabat;

119 839 221 870 erant
255 839 375 869 autem
399 831 521 868 haec:
563 829 719 876 Οεηοὲ,
747 829 1014 869 Probalinthus
1033 857 1047 876 .,
1093 828 1230 868 Trico-

124 901 259 950 rythus
288 898 617 951 (Tricorynthus)
637 926 650 945 ‚
679 899 895 938 Marathon.

172 968 360 1009 Betkelius
388 982 457 1018 pro
491 971 613 1015 Οἰνόην
649 969 842 1018 legendum
885 977 991 1017 putat
1032 971 1132 1015 olm.
1195 969 1235 1006 Si

125 1039 213 1088 quid
262 1038 502 1085 mutandum,
538 1039 657 1076 malim
693 1040 791 1085 οῆνς
844 1038 908 1085 qui
946 1048 1089 1086 pagus,
1137 1045 1233 1074 teste

121 1108 249 1146 eodem
270 1108 483 1156 Stephano,
498 1115 576 1145 erat
588 1113 651 1152 τῆς
666 1109 824 1153 Οἶνηΐδος
845 1111 979 1156 φυλῆς.
1011 1106 1088 1144 Vix
1113 1114 1234 1144 autem

121 1177 273 1224 credas,
311 1176 495 1224 odmen,
533 1187 642 1223 quam
677 1175 861 1224 superiori
896 1186 992 1213 anno
1028 1186 1238 1224 expugnare

123 1257 202 1285 non
244 1244 454 1294 potuissent
494 1246 791 1293 Peloponnesii,
833 1256 933 1282 nunc
978 1245 1121 1292 absque
1165 1247 1238 1284 ulla

124 1326 250 1364 pugna
301 1314 417 1353 fuisse
474 1306 708 1362 occupatam.
787 1314 964 1353 Ceterum
1019 1314 1238 1362 Tetrapolin

123 1396 203 1424 -non
227 1385 439 1423 deleverunt
457 1384 763 1432 Lacedaemonii,
792 1385 895 1431 quod
918 1384 1124 1423 Heraclidis
1150 1385 1236 1423 olim

127 1453 332 1507 hospitium
371 1453 594 1502 praebuerat
622 1455 707 1504 (2)-

179 1572 269 1612 obs.
318 1572 441 1613 XLII.
494 1573 674 1613 Libenter
726 1575 883 1622 paucula
928 1574 989 1612 hic
1050 1573 1123 1612 illic
1182 1586 1244 1612 ex·

129 1652 256 1693 cerpta
288 1644 515 1683 desumerem
546 1655 566 1681 e
598 1643 846 1692 Thucydide,
882 1644 1007 1692 quiet
1037 1644 1116 1691 ipse
1142 1644 1242 1682 hunc

123 1704 295 1752 'morbum
325 1720 520 1760 expertia,
549 1714 713 1751 omnium
738 1712 942 1750 animorum
978 1713 1246 1750 consternatio·

134 1792 216 1820 nem
233 1809 246 1828 ,
273 1781 523 1819 incredibilem
552 1782 672 1819 morbi
705 1782 996 1829 vehementiam,
1025 1782 1246 1820 inefficaces-

134 1863 208 1902 que
237 1849 463 1889 medicorum
495 1859 680 1897 conatus,
717 1845 979 1900 pulcherrime
1000 1851 1246 1901 graphiceque

133 1920 355 1970 descripsit3
398 1919 471 1957 nisi
509 1922 753 1959 ¹metuendum
793 1921 883 1959 mihi
911 1919 1050 1967 foret,
1101 1930 1148 1958 ne
1187 1920 1247 1957 illa

200 2001 202 2003 ’
1171 2000 1249 2027 om-

174 2078 226 2116 (ι)
247 2079 289 2107 In·
301 2086 379 2108 voce
400 2074 631 2116 Τετράπολις.
642 2078 778 2108 -Οοηῇ
791 2077 918 2112 Xyland.
931 2077 966 2105 ad
975 2076 1056 2106 Plut.
1067 2077 1164 2106 Thes.
1179 2085 1247 2112 cap¹

139 2144 185 2171 15.
204 2144 236 2171 p.
253 2139 282 2171 6.
301 2137 337 2165 Β.
355 2142 386 2164 et
401 2137 511 2165 cellar.
530 2135 561 2163 in
579 2137 688 2169 Geogr.
706 2134 814 2173 Ληῑίς.
831 2134 857 2162 Ι.
872 2141 905 2169 p.
925 2136 1091 2171 936—942.
1108 2133 1229 2170 passim.

175 2194 229 2229 (ε)
250 2193 341 2222 Diod.
363 2192 422 2221 Sic.
446 2193 499 2221 1v.
526 2200 574 2227 57.
596 2206 633 2213 —
657 2191 750 2220 Conf.
781 2191 896 2220 Herod.
924 2191 976 2220 lx.
999 2192 1045 2219 26.
1070 2196 1114 2214 —‘-·
1147 2193 1180 2220 13.
1206 2198 1250 2220 ter

140 2251 217 2287 Haar
233 2249 262 2278 in
281 2249 398 2279 Comm.
416 2250 451 2278 de
472 2248 650 2279 Heraclidis.
672 2249 749 2277 Ann·
771 2250 868 2278 Gron.
890 2249 1132 2282 1826—1827.p.
1142 2256 1191 2285 49.
1205 2256 1250 2283 sq.
