1502 2767
216 236 289 273 230
453 221 708 262 coMM.
763 221 1063 262 THEOL.

264 333 417 373 Utinam
453 342 582 370 omnes
624 329 829 370 Christiani
861 331 900 369 id
935 342 981 370 ex
1023 331 1147 371 animo
1173 333 1290 373 velint
1303 361 1318 381 ‚

211 411 320 452 agant
334 431 348 450 ‚
387 409 573 451 praestent
589 427 605 448 ,
642 409 685 439 ut
709 403 901 451 βασιλείοις
938 407 1005 443 τῶν
1049 406 1194 453 οὐρανῶν
1242 413 1320 442 non

211 473 353 524 species
388 482 426 510 et
474 470 632 518 umbra,
667 472 735 510 sed
751 499 764 519 ,
799 480 978 519 quantum
1021 472 1094 510 hoc
1136 472 1176 511 in
1215 474 1321 512 terris

211 549 293 576 esse
316 545 468 586 potest,
505 536 681 574 omnibus
715 537 879 574 numeris
911 536 1083 575 absoluta
1120 534 1240 586 imago
1266 548 1324 576 re·

208 607 395 657 periatur!

259 677 415 716 Utinam
455 678 562 715 Deus
596 675 774 725 Optimus
811 674 1005 714 Maximus
1039 675 1132 714 mihi
1170 687 1324 725 quoque

206 747 311 785 brevi
346 748 419 786 hoc
453 746 622 793 tribuat,
650 756 691 784 ut
729 745 822 784 hanc
847 757 933 784 cum
972 746 1188 785 hominibus
1219 758 1322 786 com-

207 817 390 856 municem
425 816 654 864 doctrinam,
693 817 769 864 qua
800 816 892 863 quid
918 816 1191 864 praestantius,
1232 816 1322 865 quid

208 887 413 936 optabilius
443 886 645 935 excogitari
676 895 813 935 queat,
840 886 1014 933 equidem
1043 886 1136 925 nihil
1160 886 1252 926 novi
1273 887 1283 925 Ξ

690 1026 1099 1060 SYMBOLUM.

488 1127 608 1156 Hier-in
626 1136 696 1156 nun
709 1125 807 1163 finde
823 1125 876 1155 ich
900 1125 995 1156 einen
1030 1123 1157 1154 Beweis
1180 1131 1246 1153 νοη,
1267 1121 1327 1152 der

526 1186 629 1227 tiqfen
652 1184 815 1215 Weislzeit
839 1182 923 1214 Jesu
951 1183 1083 1213 eluisti
1097 1202 1109 1220 ,
1131 1181 1220 1212 nach
1244 1179 1328 1211 wel-

525 1245 604 1275 cher
623 1254 661 1274 er
687 1254 777 1274 zwar
801 1243 864 1273 den
877 1242 978 1272 rolzea
1002 1240 1145 1271 Trieben
1170 1240 1239 1269 und
1263 1239 1327 1269 den

523 1302 807 1344 Leidenschaften
821 1321 832 1339 ,
853 1300 976 1331 welche
1003 1300 1110 1330 Streit
1122 1299 1191 1328 und
1200 1298 1336 1339 Kampf

524 1362 732 1398 entzt'c'nden,
766 1361 898 1402 krizftig
930 1359 1036 1390 durch
1052 1359 1144 1389 scine
1167 1356 1328 1398 Religion

523 1427 686 1462 entgegen
711 1419 850 1450 wirckte
864 1440 875 1457 ‚
910 1419 992 1449 aber
1023 1419 1087 1448 das
1121 1417 1329 1459 unmi‘gliclze

519 1479 777 1521 nichtforderte
801 1479 871 1509 und
890 1478 963 1509 kein
988 1477 1092 1508 Gebot
1119 1476 1324 1518 ausa-pram,

517 1539 655 1569 welches
701 1539 754 1569 die
805 1538 986 1569 Mensclzen
1015 1554 1059 1564 -
1092 1537 1188 1567 nicht
1215 1535 1327 1577 plicat

517 1609 599 1637 seyn
633 1598 736 1628 kann.
758 1637 763 1640 μ

462 1679 615 1720 (Tzsch
628 1680 641 1710 i
654 1690 725 1710 τηε
740 1691 776 1717 r,
800 1680 899 1711 ueber
923 1680 987 1710 den
1004 1680 1102 1720 Krieg
1118 1702 1127 1717 .
1143 1690 1177 1719 p.
1199 1679 1285 1720 159.)
