1502 2767
252 187 320 224 172
471 176 1133 226 COMMENTATJO

244 297 329 324 cum
364 285 497 324 Suevis
532 295 570 323 et
607 285 903 332 West-Gothis,
930 286 1139 325 Germanos
1172 298 1255 326 cum
1289 288 1356 326 Al-

243 355 449 403 lemannis‚
490 355 582 393 alios
618 367 702 393 cum
734 355 829 395 aliis.
890 356 998 395 Fides
1029 357 1092 395 illa
1130 357 1354 403 Catholica,

244 425 379 463 sensim
417 425 633 473 sensimque
676 437 741 474 per
782 433 894 463 totam
930 427 1138 476 Europam,
1176 435 1252 464 tam
1286 427 1354 464 ubi

243 495 377 533 Latina
392 523 404 541 ‚
423 507 531 542 quam
567 495 631 532 ubi
655 496 877 534 Germanica
893 496 1019 545 lingua
1042 496 1218 545 vigebat,
1244 495 1354 533 etiam

244 565 308 603 ubi
335 564 570 605 Arianismus
589 565 819 611 invaluerat,
849 566 957 604 latius
982 576 1212 616 propagata,
1238 577 1354 614 quum

240 635 324 683 ipsa
376 635 485 672 hacce
525 632 596 671 fide
644 634 785 682 ubique
820 634 1102 683 Episcopatus,
1139 633 1352 682 coenobia,

239 703 402 751 synodi,
430 703 554 750 lingua
580 714 651 741 una
676 704 954 751 reperirentur,
983 716 1111 742 omnes
1137 704 1202 742 uni
1226 704 1358 742 subes-

240 783 322 811 sent
375 773 558 822 imperio,
615 784 728 811 unum
777 785 906 811 omnes
954 773 1130 811 haberent
1180 775 1355 821 cultum,

238 854 356 882 unum
398 845 664 890 commodum,
704 852 882 890 quantum
914 843 959 879 ad
999 844 1162 891 populos
1202 844 1360 892 conjun-

241 915 383 961 gendos
436 924 471 951 et
510 914 728 960 uniendos,
760 921 872 960 atque
911 913 1003 951 adeo
1040 913 1163 961 bella,
1203 913 1356 951 seditio—

241 993 339 1026 nes,
389 982 577 1020 saevitiam
618 983 859 1020 amovendam
892 982 1075 1030 valuerit,
1131 993 1242 1022 nemo
1276 992 1354 1021 non

240 1051 413 1101 intelligit
436 1051 521 1102 (t).

291 1122 525 1170 Populorum
563 1122 757 1172 conjuntio
783 1121 956 1160 universe
986 1122 1151 1161 cernitur
1183 1131 1276 1171 post
1298 1133 1358 1160 sa-

240 1204 302 1230 cra
340 1191 536 1230 reformata
579 1202 614 1230 et
650 1192 810 1230 maxime
847 1201 935 1240 post
966 1203 1093 1241 pacem
1126 1191 1358 1241 westphali-

240 1273 338 1300 cam.
393 1263 454 1299 Ab
489 1273 534 1299 eo
566 1262 604 1299 in
638 1263 683 1300 de
717 1271 886 1309 tempore
908 1262 1084 1309 Europae
1111 1262 1247 1310 populi
1271 1262 1359 1299 nul-

241 1331 315 1367 lam
358 1329 517 1376 amplius
561 1341 677 1377 paene
738 1329 901 1367 habuere
945 1330 1143 1377 peculiaris
1192 1331 1354 1370 civitatis

241 1399 451 1445 rationem,
494 1408 609 1445 atque
641 1399 686 1435 ad
725 1408 847 1434 veram
888 1398 1078 1438 hominum
1114 1402 1351 1450 conjunctio-

241 1479 321 1506 nem
374 1468 623 1506 tetenderunt.
661 1467 870 1515 Religionis
915 1469 1149 1508 Christianae
1184 1472 1354 1511 doctrina

241 1537 414 1576 meliores
448 1539 492 1575 <le
515 1546 666 1574 naturae
696 1537 875 1576 humanae
909 1539 1115 1587 dignitate,
1143 1541 1356 1579 hominum-

243 1618 317 1654 que
360 1607 625 1655 conjunctione
655 1616 781 1644 enatae
811 1617 899 1646 sunt
935 1612 1162 1658 sententiae,
1191 1623 1286 1658 quae
1316 1613 1354 1651 in

241 1677 407 1724 gentium
446 1677 708 1716 commercium
726 1706 738 1724 ,
762 1678 800 1716 in
826 1690 1020 1718 servorum
1048 1682 1204 1720 maxime
1229 1683 1360 1722 condi·

242 1749 382 1786 tionem
406 1747 681 1786 saluberrimam
711 1749 786 1786 vim
808 1749 1045 1798 habuerunt3
1077 1763 1153 1799 quo
1184 1752 1321 1791 factum
1340 1782 1354 1800 ‚

242 1827 288 1856 ut
319 1819 365 1855 ad
397 1829 631 1855 communem
659 1819 750 1861 hanc
790 1820 980 1857 hominum
1013 1823 1228 1861 societatem
1255 1825 1356 1862 nulla

242 1898 322 1924 non
357 1887 518 1936 gentium
544 1897 675 1934 genera
699 1888 843 1927 facilius
871 1891 1165 1930 admitterentur.

293 1963 431 1994 Vivitur
455 1963 636 2003 omnigenis
665 1964 698 1992 in
714 1965 874 2004 partibus
897 1966 989 1997 haud
1010 1978 1127 2007 secus,
1151 1979 1191 1999 ac
1213 1971 1243 2000 .ςί

290 2024 379 2053 Cives
404 2023 595 2063 congenitos
617 2023 799 2053 concludat
820 2026 988 2055 moenibus
1013 2028 1092 2057 unis

303 2083 517 2122 Ltbspalricz
535 2102 545 2119 ,
572 2087 674 2122 alque
695 2094 805 2112 omnes
822 2085 894 2114 lare
910 2087 1124 2116 conciliemur
1139 2089 1231 2117 avito
1254 2089 1315 2130 (2).

286 2188 337 2221 (ι)
361 2188 427 2216 Csr.
451 2190 499 2216 Cl.
522 2189 748 2224 Royaards,
776 2188 810 2217 in
829 2192 969 2227 Archief
987 2203 1060 2221 νοον
1088 2195 1268 2229 Karkelijke
1298 2197 1357 2225 Ge·

243 2245 433 2279 sxhiecltnis,
457 2253 517 2274 lite
535 2246 630 2280 Deci,
652 2248 703 2275 2dc
723 2249 816 2283 stult,
839 2257 871 2283 p-
897 2259 962 2279 100.
985 2258 1052 2285 sqq·

280 2302 331 2342 (2)
355 2303 599 2338 Prudentius
624 2305 736 2332 Contra
759 2307 960 2342 Symmachum
976 2328 985 2344 ,
1005 2309 1043 2338 11.
1067 2317 1112 2337 vs.
1137 2312 1206 2346 609.
1247 2335 1347 2346 „mm

1481 1573 1490 1636 fs

1482 1633 1491 1747 ἑ
