1502 2767
415 156 1055 199 INTRODUCTIO.
1268 173 1291 208 <5

176 266 294 315 longe
325 265 499 313 remotis;
528 264 599 303 nisi
623 265 721 305 forte
755 267 839 316 quis
872 280 916 307 eo
951 270 1128 308 stultitiae
1157 282 1287 318 proce-

175 333 262 381 dat,
290 342 332 371 ut
357 342 489 382 putet,
526 346 650 384 pugna
678 345 713 374 et
736 337 858 385 gladio
877 339 1007 377 melius
1029 339 1173 378 definiri
1198 352 1287 389 pos-

172 414 240 450 se,
293 403 384 451 quid
425 405 568 453 J‘ustutn
599 405 647 444 sit
678 415 716 444 et
757 418 945 456 aequum,
1001 421 1110 456 quam
1144 410 1284 449 ratione

169 472 241 511 rite
278 475 438 514 exculta.
515 475 664 525 Quodsi
709 465 829 515 forte·
854 478 936 517 lites
990 489 1138 518 exortae
1178 482 1281 528 sint,

169 541 291 582 cuivis
323 544 398 593 iuri
432 545 559 584 cedere
583 545 764 584 incumbit
791 547 875 596 (1).

667 687 703 736 ἓ.
742 705 779 731 2.

219 824 318 863 Hinc
344 826 558 865 Christiano
572 854 586 873 ,
611 828 737 875 prima
758 827 887 870 fronte
902 853 914 872 ‚
942 826 1074 864 bellum
1097 837 1228 874 gerere

492 894 598 933 haud
618 895 761 933 licitum
788 894 953 934 videtur.

215 1027 326 1076 Quae
357 1038 440 1066 cum
480 1039 499 1066 a
533 1028 692 1077 singulis
719 1029 798 1067 suis
829 1028 1077 1067 sectatoribus
1112 1029 1277 1077 postulet

166 1095 315 1145 Religio
341 1096 578 1145 Christiana,
605 1098 698 1137 nihil
722 1099 802 1147 illi,
829 1100 945 1148 prima
970 1099 1121 1146 fronte,
1162 1099 1275 1147 magis

165 1166 389 1205 contrarium
420 1167 538 1206 videri
571 1176 723 1217 potest,
763 1180 871 1217 quam
904 1169 1063 1216 bellum,
1086 1182 1158 1218 quo
1187 1181 1277 1218 gen-

163 1245 216 1275 tes
237 1237 306 1284 jus
334 1241 408 1276 sive
435 1239 625 1289 opinatum
641 1267 654 1286 ‚
699 1240 774 1279 sive
813 1251 941 1279 verum
957 1267 970 1286 ,
1021 1241 1059 1279 νί
1094 1248 1129 1277 ct
1157 1240 1275 1276 armis

163 1306 232 1344 sibi
265 1307 458 1346 vindicare
492 1308 640 1347 student
666 1308 752 1356 (2).

212 1376 318 1427 Quid
342 1377 440 1415 enim
465 1378 510 1415 ab
535 1377 609 1424 iis,
636 1389 730 1426 quae
753 1380 864 1418 modo
889 1378 1131 1426 exposuimus
1147 1405 1159 1424 ,
1188 1377 1274 1415 alie·

162 1446 247 1484 nius
273 1447 474 1495 excogitari
494 1448 640 1495 possit,
667 1459 776 1496 quam
797 1448 830 1485 si
854 1448 1023 1485 homines
1041 1476 1053 1494 ‚
1081 1448 1223 1484 ratione
1236 1456 1272 1484 et

162 1526 276 1557 sensu
303 1516 432 1554 morali
457 1517 630 1555 instructi
646 1529 797 1565 ‚amore
811 1518 870 1556 sui
886 1518 1041 1556 invicem
1068 1517 1266 1562 obstricti,

162 1598 282 1635 eoque
294 1587 451 1627 consilio
474 1588 613 1634 creati,
628 1596 669 1625 ut
691 1589 942 1636 promovenda
958 1599 1047 1637 pace
1070 1586 1271 1636 perfectio-

166 1668 250 1698 nem
284 1660 455 1698 moralem
482 1667 694 1706 sectentur,
721 1659 816 1697 bella
845 1667 1020 1705 movent,
1046 1657 1125 1695 sive
1153 1665 1272 1695 exter·

1194 1737 1239 1764 na
1256 1755 1269 1772 ‚

199 1833 250 1873 (1)
271 1834 338 1863 Cfr.
359 1836 387 1872 J.
410 1834 448 1865 H.
471 1837 509 1865 B.
531 1836 763 1870 Draeseke,
788 1837 864 1865 Vier
885 1834 1096 1864 Leerredenen
1124 1841 1194 1861 over
1215 1831 1285 1858 den.

162 1892 277 1929 Krijg,
297 1893 377 1927 belg.
398 1900 499 1928 vers.,
522 1893 672 1928 Groning.
697 1896 783 1923 1820.
808 1902 820 1923 1
839 1894 947 1922 Leerr.
970 1900 1037 1928 pag.
1063 1900 1108 1920 ιι.
1129 1897 1197 1924 sqq.

198 1949 250 1986 (α)
271 1948 397 1977 Videtur
417 1950 491 1979 haec
508 1950 647 1979 definitio
665 1950 800 1979 omnium
821 1949 1056 1985 simplicissima.
1079 1945 1267 1978 Grotius,

161 2006 196 2037 de
215 2006 297 2044 ἵνα
315 2007 393 2034 belli
412 2015 448 2034 ac
459 2008 568 2042 pacis,
590 2007 661 2038 Lib.
682 2007 707 2035 1.
733 2005 811 2041 Cap.
834 2007 856 2034 Ι.
880 2008 907 2043 §.
925 2016 952 2036 2.
979 2006 1065 2034 aliam
1085 2003 1187 2033 dedit:
1209 2009 1272 2030 sea-

163 2070 212 2091 nu
235 2070 294 2099 per
327 2064 389 2092 vim
421 2065 635 2099 certantium,
668 2064 729 2100 qud
762 2065 840 2091 tales
869 2068 956 2090 sunt.
1000 2059 1200 2092 Tzschirn
1211 2066 1271 2092 er,

161 2121 252 2147 uehar
271 2120 318 2148 dle
331 2120 449 2157 Kricg,
471 2128 539 2156 pag.
563 2129 592 2155 5.
615 2121 676 2149 Dte
693 2121 931 2157 gewaltthiitige
950 2117 1187 2153 wechselseitige
1210 2117 1269 2143 Bc·

151 2175 290 2212 seha-ng
307 2183 494 2213 entzwyeter
522 2178 637 2206 Vb'lker
657 2178 711 2206 der
728 2176 922 2214 feindh‘ct‘ter
942 2175 1101 2210 Parthyan
1121 2182 1169 2201 zer
1178 2175 1270 2201 risse-

162 2240 218 2260 ιον
238 2233 389 2268 stantem
412 2233 464 2262 aiii
491 2234 590 2264 aliter.
