1507 2876
264 221 318 259 10
422 216 509 260 ΤΗ,
527 215 579 260 G.
609 226 711 258 vAN
737 210 915 256 LtDTH
936 224 1001 255 DE
1028 209 1218 256 JEUDE

261 342 345 387 suis
373 340 605 400 praeceptis
637 339 718 383 vim
748 338 906 383 habere
937 338 1157 384 debuerint
1186 338 1361 391 ixl-„tan-

258 426 325 462 tae
359 417 536 469 indolis,
580 423 665 458 tam
706 415 811 459 hene
849 415 933 472 jam
976 416 1185 470 excultae,
1242 416 1363 474 juve-
1421 454 1422 458 ,

257 509 350 539 nem
366 527 379 546 ,
431 507 504 536 vos
543 491 734 551 profecto
771 490 1003 550 intelligetis
1018 524 1031 546 ,
1080 493 1153 552 qui
1196 492 1364 541 illorum

255 569 341 614 sive
385 567 559 612 amicitia
576 599 590 620 ‚
648 566 733 610 sive
781 566 974 612 doctrina
1027 567 1266 627 aliquando*
1296 569 1362 615 usi
1412 580 1415 584 ’

255 646 405 691 fuistis.

311 723 536 776 Postquam
565 733 643 778 per
676 717 888 763 biennium
916 721 1220 769 Amstelodami
1247 723 1358 767 Pro·
1387 776 1390 778 ,

254 797 454 840 sessorum
499 794 665 840 scholis
693 794 840 841 sedulo
877 794 1143 852 interfuerat,
1186 798 1361 844 Leidam

252 888 298 918 se
339 872 536 924 contulit,
595 870 826 917 studiorum
871 885 1039 917 cursum
1085 874 1360 933 perfecturus.

252 950 396 1005 Neque
427 948 470 991 in
500 947 568 991 illa
601 946 815 992 Musarum
848 947 948 993 sede
975 948 1205 995 severiores
1238 949 1361 995 unice

253 1023 446 1082 cogitavit
482 1022 711 1067 doctrinas.
740 1031 742 1035 ’
800 1021 1034 1071 Literarum
1073 1025 1210 1079 enim,
1253 1040 1360 1083 quae

251 1103 305 1145 ab
334 1100 532 1158 elegantia
562 1114 716 1143 nomen
744 1099 928 1153 habent,
968 1099 1236 1154 suavitatem,
1276 1101 1360 1145 du-
1399 1108 1402 1112 '

251 1179 368 1223 cibus
412 1178 626 1222 Richeo
657 1186 759 1220 van
790 1175 1068 1221 Ommcren
1113 1183 1154 1221 et
1201 1177 1359 1236 Wyt-

250 1254 583 1306 tenbachio‚
612 1253 669 1296 ita
705 1253 1011 1310 degustaverat,
1043 1259 1090 1296 ut
1131 1253 1250 1297 avide
1287 1253 1358 1297 hic

251 1346 417 1389 quoque
468 1330 542 1373 has
587 1329 727 1374 literas
767 1328 1003 1372 tradentem
1057 1328 1219 1373 audiret
1250 1340 1358 1374 ‘cum

249 1422 452 1452 summum
485 1405 903 1457 Ruhnkenium‚
950 1412 1038 1448 tum
1075 1404 1356 1450 acutissimum

249 1483 487 1528 Lusaciu
501 1499 554 1527 m.
614 1483 778 1526 Pariter
808 1481 932 1526 etiam
963 1496 1056 1526 eum
1085 1482 1354 1526 delectabant

249 1568 461 1617 totumque
498 1561 582 1604 fere
623 1559 820 1603 tenebant
864 1558 1097 1602 Henrici
1127 1559 1354 1603 Alberti

249 1636 600 1681 Schultensii
644 1635 695 1682 de
747 1633 1031 1679 Orientalibus
1069 1634 1218 1679 Literis
1263 1635 1351 1679 lee-

246 1714 393 1758 tiones.
487 1713 621 1768 Quem
655 1711 821 1768 quidem
857 1711 990 1755 virum
1033 1710 1140 1755 adeo
1187 1711 1353 1756 colebat

247 1797 289 1835 et
323 1790 624 1842 venerabatur,
665 1795 729 1841 ut,
769 1803 847 1847 per
876 1794 1008 1833 totam
1049 1787 1248 1847 deinceps
1287 1789 1354 1834 vi—

244 1874 355 1919 tam,
403 1865 454 1909 de
479 1865 551 1908 illo
580 1865 717 1909 dicere
755 1870 995 1908 etfnarrare
1023 1879 1150 1920 quum
1183 1865 1354 1924 coepis-

247 1950 334 1996 set,
366 1940 530 1985 diccndi
561 1940 628 1984 vix
655 1941 838 1984 invenire
867 1953 992 1999 posse
1023 1940 1148 1985 finem
1181 1940 1352 1986 videre-

246 2027 328 2063 tur.
417 2017 548 2075 Hujus
585 2024 723 2060 autem
755 2017 1027 2061 laudatissimi
1063 2018 1350 2076 praeceptoris

245 2093 480 2146 veneratio,
520 2094 680 2152 pariter
718 2091 843 2150 atque
885 2092 1116 2139 studiorum
1158 2107 1350 2139 commu-

245 2171 317 2215 nio
346 2169 566 2229 plurimum
607 2169 760 2222 valuit,
791 2176 878 2214 tum
917 2169 970 2212 ad
1007 2169 1214 2214 amicitiae
1245 2157 1349 2215 ⁸vin-

245 2247 361 2299 cula,
390 2244 541 2303 quibus
578 2245 660 2302 jam
703 2253 822 2290 antea
872 2245 1040 2302 junctus
1087 2246 1220 2296 fuerat
1264 2245 1349 2295 Si·-
