1538 2689
534 136 894 183 ΜΕΒΙΟΑ.
1224 153 1272 199 67

208 245 308 290 Cum
342 257 464 288 autem
498 259 557 287 res
597 251 650 288 sic
688 263 771 290 sese
803 253 939 303 habet,
981 255 1165 306 Scarpa
1208 262 1266 297 die

153 326 284 368 quarta
321 320 436 358 demit
465 328 678 369 apparatum
713 322 937 370 ligatorium.
973 347 1024 356 —-
1056 327 1135 377 Jam
1175 341 1264 368 vero

151 385 345 439 ligatorius
375 398 572 439 apparatus
601 402 674 429 tam
714 402 812 431 arcte
844 395 1068 444 conjunctus
1096 407 1152 435 est
1177 410 1261 437 cum

149 461 214 499 illa
245 468 377 509 parte,
418 472 527 509 quarn
559 462 673 510 tegit,
717 471 760 501 ut
784 463 865 511 vis,
895 477 967 513 qua
996 477 1093 514 opus
1131 477 1187 505 est
1214 470 1259 506 ad

147 532 369 570 demendum
409 540 624 581 apparatum
642 560 654 579 ‚
684 542 783 572 certe
815 544 946 572 noceat
971 536 1009 573 in
1043 546 1146 583 parte
1170 538 1262 575 sub-

148 601 318 651 iacente,
374 613 468 650 quae
504 610 588 639 ante
632 611 794 649 quatuor
833 603 911 642 dies
949 613 1141 653 tantopere
1171 618 1263 646 con-

150 680 324 719 quassata
362 680 434 710 est.
500 671 649 722 Quodsi
686 673 757 710 hoc
784 683 954 723 respectu
991 687 1068 714 non
1104 688 1260 724 noceat,

150 741 342 789 cylindrus
370 742 606 780 vehementer
642 743 798 781 irritabit
821 753 857 782 et
879 745 1046 782 celeriter
1082 748 1262 792 producet

150 811 476 860 suppurationem.
503 834 555 842 —-
581 812 621 850 Si
640 812 754 860 igitur
779 814 976 852 methodus
1001 815 1260 864 Scarpiana

150 882 197 920 ab
232 882 297 920 illo
323 892 401 920 non
433 881 569 920 fuisset
598 891 760 930 mutata,
787 884 894 930 plane
935 884 1030 922 illam
1072 885 1261 933 vitupera-

136 963 298 1000 remus,
333 963 432 990 nunc
458 963 548 990 vero
574 952 850 999 quodammodo
875 954 1024 1001 placet,
1051 965 1135 991 cum
1151 983 1164 1001 ‚
1193 968 1259 1005 cy-

150 1020 273 1059 lindro
306 1029 436 1069 quarta
468 1021 526 1059 die
546 1021 723 1069 sublato,
749 1021 887 1060 vulnus
911 1023 1028 1071 prima
1056 1023 1262 1064 intentione

136 1090 275 1130 sanari
309 1090 460 1139 possit3
496 1092 600 1139 quod
623 1101 735 1140 saepe
758 1093 996 1131 observatum
1026 1102 1111 1142 est,
1152 1106 1263 1142 quare

151 1159 327 1209 permulti
353 1159 532 1208 Chirurgi
560 1160 593 1197 ei
617 1158 757 1198 favent.

200 1232 379 1270 Attamen
416 1231 616 1268 methodus
652 1231 786 1269 haecce
813 1242 922 1279 saepe
954 1243 1077 1270 ansam
1115 1234 1264 1282 praebet

150 1302 195 1340 ad
217 1299 529 1350 haemorrhagiam
560 1301 838 1349 secundariam3
869 1303 1017 1348 quando
1030 1315 1142 1352 pars,
1171 1316 1264 1351 quae

150 1372 221 1409 sub
264 1371 435 1420 cylindro
477 1370 659 1419 ponitur,
710 1371 748 1408 in
791 1372 1098 1420 suppurationem
1143 1374 1263 1422 abiit,

151 1443 249 1481 unde
293 1441 387 1480 nihil
421 1441 494 1479 nisi
534 1440 732 1479 thrombus
775 1442 966 1490 sanguinis
1012 1444 1152 1482 fluxum
1198 1445 1266 1483 im-

151 1512 286 1562 pedit,
324 1521 361 1549 et
389 1511 607 1561 conjunctio
640 1512 768 1550 stricta
799 1513 897 1550 inter
931 1514 1144 1552 thrombum
1181 1526 1264 1553 san-.
1322 1567 1324 1569 Ι

152 1581 275 1632 guinis
311 1588 347 1619 et
371 1581 540 1619 arteriam
573 1583 740 1620 nondum
773 1592 814 1619 ea
849 1591 929 1630 est,
958 1592 1000 1620 ut
1031 1583 1149 1622 fluxui
1179 1596 1262 1623 san-

151 1651 274 1701 guinis
308 1651 479 1690 resistere
514 1651 653 1700 possit.
707 1652 981 1708 Concludimus
1019 1664 1133 1703 ergo,
1171 1655 1263 1698 hanc

150 1722 367 1762 methodum
403 1722 524 1762 minus
552 1730 637 1762 tuto
672 1733 752 1761 esse
789 1722 1047 1761 adhibendam.

643 1901 679 1946 ἕο
719 1913 785 1940 20·

387 2047 446 2084 De
471 2047 597 2086 valore
624 2049 783 2087 methodi
808 2050 1018 2090 Celsianac.

199 2191 256 2229 De
282 2195 458 2234 methodo
481 2199 731 2250 Celsiana‚
768 2214 899 2254 nempe
928 2207 1193 2247 transcissione
1218 2222 1274 2249 ar·

675 2272 706 2310 E
731 2284 752 2306 2
1227 2291 1280 2320 te»
