1507 2876
402 247 1001 301 THEQLOGICffi
1203 258 1252 297 w

128 354 237 406 agri,
290 365 446 406 vernant
483 356 612 404 horti,
665 365 869 406 pascuntur
907 359 1021 395 laetae
1058 357 1245 405 pecudes,

120 425 367 480 ⁴¹aedificantur
397 426 532 474 villae,
571 436 816 466 exstruuntur
849 428 1014 477 oppida,
1043 428 1247 465 instauran-

127 502 192 534 tur
222 496 414 544 collapsa,
441 505 620 535 ornantur
643 506 679 535 et
703 508 884 547 augentur
909 506 1119 544 exstructa,
1149 509 1247 535 cres-

127 557 220 604 cunt
255 556 375 613 opes,
402 567 552 604 aluntur
589 567 830 615 voluptates,
859 568 984 617 vigent
1022 569 1149 616 leges,
1177 568 1247 606 flo-

117 643 185 691 :ret
223 635 449 684 reipublicae
495 636 714 685 disciplina,
767 636 887 676 fervet
938 637 1094 685 religio,
1147 639 1246 676 valet

125 704 319 752 aequitas,
348 706 467 754 pollet
492 706 699 745 humanitas
716 735 729 754 ‚
765 709 886 745 calent
914 717 1008 750 artes
1037 707 1243 756 opificum,

125 774 278 814 uberior
317 784 373 813 est
410 785 586 824 quaestus
626 761 855 825 pauperumss
886 777 1113 824 splendidior
1151 789 1245 825 opu-

127 845 240 884 lentia
278 845 463 893 divitum,
501 843 739 885 efflorescunt
766 847 1110 885 honestissimarum
1134 847 1245 886 disci-

127 915 310 965 plinarum
357 915 480 953 studia
503 943 518 963 ‚
570 916 737 954 eruditur
782 917 990 965 juventus,
1043 918 1244 965 tranquillo

125 984 306 1024 fruuntur
338 986 418 1023 otio
454 996 582 1033 senes,
624 986 734 1023 bonis
773 986 950 1034 auspiciis
987 987 1136 1024 nubunt
1170 988 1246 1024 vir-

117 1054 258 1104 gines,
308 1054 444 1092 florent
485 1053 602 1100 boni,
656 1057 779 1091 minus
825 1052 980 1102 peccant
1028 1056 1116 1107 ¹mali
1156 1056 1241 1104 (1).

117 1124 275 1176 ,Quanta
296 1131 337 1161 ut
357 1123 560 1162 efficiantur
574 1123 695 1169 bona,
715 1124 906 1162 contendit
922 1125 1096 1174 princeps
1112 1126 1245 1164 Chris·

120 1194 250 1239 *tianus
284 1195 464 1233 continuo
492 1193 577 1245 (2).

178 1263 362 1313 Quamvis
395 1264 483 1301 haec
520 1263 653 1302 officia
675 1264 830 1312 exsequi
859 1265 969 1302 debet
1006 1276 1070 1302 rex
1114 1264 1246 1304 Chris-

125 1333 252 1372 tianus
299 1344 383 1382 erga
430 1333 646 1380 civitatem,
680 1334 740 1372 cui
777 1346 946 1383 praeest;
982 1334 1154 1384 profecto
1195 1345 1247 1374 ta·

128 1415 238 1452 men,
260 1415 346 1452 erga
377 1405 462 1442 alias
499 1405 667 1442 civitates
703 1405 822 1443 officia
857 1417 925 1444 sua
945 1406 1155 1455 negligere,
1180 1406 1247 1444 mi-

129 1475 229 1513 nime
253 1486 335 1512 eum
369 1475 487 1513 decet.
523 1475 591 1513 Uti
617 1475 731 1513 homo
761 1476 920 1522 quisque
945 1487 1074 1513 omnes
1099 1459 1245 1523 ainare,

129 1544 306 1584 omnibus
333 1544 427 1582 bene
449 1556 617 1593 cupere,
647 1545 812 1582 omnium
848 1545 981 1591 saluti,
1008 1555 1187 1592 quantum
1211 1547 1248 1583 in

129 1616 210 1666 ejus
246 1623 431 1664 potestate
466 1615 543 1663 sit,
572 1616 720 1653 studere
747 1615 883 1662 debet;
921 1616 970 1653 ita
1003 1626 1039 1653 et
1075 1617 1249 1664 princeps

131 1685 281 1724 aliarum
317 1685 503 1739 ciyitatem
539 1687 692 1723 salutem
728 1685 900 1734 adjtivare
936 1695 1100 1734 oportet.
1180 1687 1250 1725 Uti

130 1765 254 1795 autem
289 1756 404 1794 homo
440 1755 678 1795 Christianus
711 1767 819 1801 eum,
860 1756 920 1792 cui
955 1756 1127 1804 pluribus
1161 1767 1252 1794 con-

126 1826 282 1876 junctus
316 1833 373 1864 est
403 1825 589 1872 vinculis,
618 1837 705 1873 prae
729 1826 881 1874 reliquis
920 1826 1065 1865 felicem
1102 1828 1267 1865 reddere

1163 1898 1252 1937 niti-

115 2003 123 2005 (
171 1991 222 2031 (ι)
242 1993 449 2027 Erasmus,
469 1992 507 2020 ad
531 1992 644 2020 bellum
672 1994 879 2021 detestandum
915 1992 1050 2021 adhibuit
1088 1994 1165 2022 hanc
1196 2002 1252 2029 po-

130 2049 218 2087 puli,
248 2057 323 2086 pace
349 2056 379 2077 et
405 2057 475 2083 rege
501 2049 671 2078 Christiano
705 2050 861 2084 gaudentis
896 2057 930 2078 ac
953 2049 1077 2085 felicis,
1118 2050 1253 2086 descrip-

133 2106 271 2142 tionem,
311 2114 401 2142 quam
438 2113 537 2134 autem
575 2106 647 2135 huic
682 2106 751 2135 viro
787 2107 898 2135 debere
931 2108 1071 2135 lubenter
1110 2115 1254 2142 agnosco.

133 2163 227 2193 Conf.
249 2164 424 2198 Adagia.
447 2163 528 2194 ehil.
550 2165 604 2196 IV.
627 2164 713 2195 Ceut.
735 2165 761 2193 I.
791 2165 827 2193 ad
855 2184 879 2199 ‚‚
905 2165 1016 2194 bellum
1050 2165 1140 2193 dulce
1167 2167 1254 2194 inex-

131 2219 283 2256 portast

177 2278 231 2314 (η)
252 2277 344 2312 conf,
372 2276 425 2307 Ps.
448 2277 567 2306 LXXII.
588 2290 626 2299 —
649 2277 737 2308 Vidd.
755 2278 916 2315 Reinh„
949 2280 1030 2308 Mor.
1053 2281 1103 2309 11'.
1124 2276 1154 2317 §.
1183 2283 1254 2316 *336-

139 2341 170 2371 ρ.
189 2338 257 2370 389.
283 2342 370 2370 seqq.
393 2341 423 2363 et
444 2335 466 2364 P
479 2337 627 2380 εεῑεὶ.ἰ
642 2337 663 2367 1.
681 2337 704 2366 l.
722 2336 760 2365 11.
787 2343 820 2371 p.
839 2339 907 2372 265.
931 2344 1018 2371 seqq.
