1502 2767
439 190 1028 237 THEOLOGICA.
1231 209 1297 238 121

192 304 334 346 tamen,
375 302 444 338 sua
491 301 620 349 agendi
653 301 820 350 ratione,
857 302 945 341 belli
993 305 1147 353 gerundi
1180 306 1299 355 justas

190 378 272 405 esse
293 379 409 417 posse
438 381 566 408 causas
587 372 839 420 approbarunt
867 372 968 423 (1);
996 382 1033 411 et
1067 376 1196 414 nostra
1226 387 1302 414 me-

188 437 330 485 moria,
360 439 424 487 qui
459 452 479 478 a
513 440 623 479 nobis
663 442 899 491 discrepant,
941 453 982 481 ut
1008 433 1095 482 illias
1135 445 1184 482 ob
1220 457 1303 484 sen-

185 507 347 555 tentiam,
375 508 425 547 ita
454 510 503 547 ob
536 511 629 549 hanc
665 523 845 560 quoque,
872 513 1114 552 fanaticorum
1143 526 1298 555 numero

184 577 447 617 adscribendos
487 591 567 618 esse
592 581 701 630 (sunt
725 591 844 620 autem
870 584 1032 632 pauci),
1058 594 1114 623 est
1138 587 1301 626 omnium

186 644 378 685 hominum
394 676 408 695 ‚
433 648 504 687 rite
525 650 689 699 Judicare
703 652 897 690 scientium
920 662 957 690 et
983 654 1140 693 Ethices
1170 657 1301 695 Chris-

186 714 303 753 tianae
337 716 499 756 indolem
528 720 650 767 probe
687 708 1016 773 perspicientium,
1055 725 1225 765 unanima
1262 736 1300 765 et

185 785 425 826 consentiens
451 799 539 826 vox.

222 927 276 965 (ι)
298 929 392 958 Multi
409 931 561 967 Quakeri,
578 931 660 960 bello
684 932 800 967 Anglos
816 932 896 962 inter
914 940 944 962 et
959 934 1156 967 Americanos
1172 946 1304 992 exorto,

183 990 263 1012 arma
279 992 398 1012 sumere
415 993 477 1014 non
491 986 676 1016 dubitarunt.
715 987 776 1023 Hi,
792 988 890 1017 officia
910 989 1049 1018 militaria
1074 1000 1136 1022 non
1160 1003 1301 1028 recusan-

187 1047 232 1068 tes
245 1059 256 1075 ,
281 1048 297 1068 a
311 1040 437 1076 reliquis
453 1041 542 1076 hujus
557 1043 690 1072 familiae
707 1043 867 1081 dicuntur,
881 1047 1018 1082 Quakeri
1035 1049 1186 1080 bellantes
1206 1051 1301 1091 (figh-

184 1097 253 1132 n‘ng
275 1097 432 1135 Quakers)
448 1105 479 1127 et
501 1099 639 1136 Quaken'
660 1102 778 1137 liberi,
799 1100 885 1139 (free
914 1103 1081 1141 Quakers).
1104 1108 1171 1137 Cfr·
1195 1110 1299 1140 Bris.

181 1159 246 1182 sot
273 1152 318 1181 de
340 1154 568 1192 warwille,
596 1157 690 1185 Reise
710 1157 808 1186 durch
825 1159 875 1187 dte
906 1162 1080 1199 vereinigte
1105 1165 1214 1194 Staten
1240 1177 1297 1197 von

179 1209 470 1247 Nord-Amerika,
494 1220 564 1248 pag.
585 1221 654 1250 412.
671 1223 717 1250 sq.
738 1215 824 1251 Alii,
845 1224 937 1253 quum
954 1219 1134 1257 pecuniam,
1156 1231 1214 1259 qua
1232 1227 1303 1261 pul-

180 1266 228 1296 vis
247 1267 351 1304 pyrIus
369 1277 616 1306 compararetur,
644 1271 779 1302 tribuere
805 1274 972 1312 deberent,
1001 1277 1091 1312 hujus
1120 1280 1193 1310 loco
1217 1283 1296 1312 triti-

179 1331 271 1360 cum,
304 1332 393 1360 grana
415 1324 532 1362 aliaqffe
560 1331 767 1359 contulerunt.
795 1330 861 1361 Csf.
892 1334 1146 1374 condorcet,
1182 1337 1293 1377 Eloget

181 1381 231 1410 des
257 1382 504 1420 Academicum,
525 1384 615 1415 Tom.
635 1386 675 1416 V.
692 1393 760 1425 pag.
782 1396 830 1423 25·
851 1396 898 1426 sq.

1150 2336 1289 2378 PARS
