<?xml version="1.0" encoding="UTF-8"?>
<!DOCTYPE html PUBLIC "-//W3C//DTD XHTML 1.0 Transitional//EN"
    "http://www.w3.org/TR/xhtml1/DTD/xhtml1-transitional.dtd">
<html xmlns="http://www.w3.org/1999/xhtml" xml:lang="en" lang="en">
 <head>
  <title>
</title>
<meta http-equiv="Content-Type" content="text/html;charset=utf-8" />
  <meta name='ocr-system' content='tesseract 3.04.00' />
  <meta name='ocr-capabilities' content='ocr_page ocr_carea ocr_par ocr_line ocrx_word'/>
</head>
<body>
  <div class='ocr_page' id='page_1' title='image "annalesacademiae33rhen_0174.png"; bbox 0 0 1502 2767; ppageno 0'>
   <div class='ocr_carea' id='block_1_1' title="bbox 993 296 1003 319">
    <p class='ocr_par' dir='ltr' id='par_1_1' title="bbox 993 296 1003 319">
     <span class='ocr_line' id='line_1_1' title="bbox 993 296 1003 319; baseline 0 -4"><span class='ocrx_word' id='word_1_1' title='bbox 993 296 1003 319; x_wconf 65' lang='grc' dir='ltr'><strong>ἶ</strong></span> 
     </span>
    </p>
   </div>
   <div class='ocr_carea' id='block_1_2' title="bbox 398 417 1026 470">
    <p class='ocr_par' dir='ltr' id='par_1_2' title="bbox 398 417 1026 470">
     <span class='ocr_line' id='line_1_2' title="bbox 398 417 1026 470; baseline -0.022 0"><span class='ocrx_word' id='word_1_2' title='bbox 398 426 615 470; x_wconf 86' lang='lat' dir='ltr'><em>PARS</em></span> <span class='ocrx_word' id='word_1_3' title='bbox 664 417 1026 462; x_wconf 84' lang='lat' dir='ltr'><em>ALTERA.</em></span> 
     </span>
    </p>
   </div>
   <div class='ocr_carea' id='block_1_3' title="bbox 211 566 1237 624">
    <p class='ocr_par' dir='ltr' id='par_1_3' title="bbox 211 566 1237 624">
     <span class='ocr_line' id='line_1_3' title="bbox 211 566 1237 624; baseline -0.015 -9"><span class='ocrx_word' id='word_1_4' title='bbox 211 579 464 624; x_wconf 72' lang='lat' dir='ltr'><strong>QUATENUS</strong></span> <span class='ocrx_word' id='word_1_5' title='bbox 495 578 557 609; x_wconf 91' lang='lat' dir='ltr'>DE</span> <span class='ocrx_word' id='word_1_6' title='bbox 580 575 731 608; x_wconf 86' lang='lat' dir='ltr'>BELLO</span> <span class='ocrx_word' id='word_1_7' title='bbox 765 571 990 605; x_wconf 83' lang='lat' dir='ltr'>GERUNDO</span> <span class='ocrx_word' id='word_1_8' title='bbox 1013 566 1237 602; x_wconf 78' lang='lat' dir='ltr'><strong>HOMINUM</strong></span> 
     </span>
    </p>
   </div>
   <div class='ocr_carea' id='block_1_4' title="bbox 262 630 1235 724">
    <p class='ocr_par' dir='ltr' id='par_1_4' title="bbox 262 630 1235 724">
     <span class='ocr_line' id='line_1_4' title="bbox 262 630 1198 673; baseline -0.014 1"><span class='ocrx_word' id='word_1_9' title='bbox 262 636 556 673; x_wconf 75' lang='lat' dir='ltr'><strong>SENTENTIAS</strong></span> <span class='ocrx_word' id='word_1_10' title='bbox 590 632 928 666; x_wconf 78' lang='lat' dir='ltr'><strong>EMENDAV&#39;ERIT</strong></span> <span class='ocrx_word' id='word_1_11' title='bbox 961 630 1198 662; x_wconf 61' lang='lat' dir='ltr'><strong>DOCTRINA</strong></span> 
     </span>
     <span class='ocr_line' id='line_1_5' title="bbox 408 682 1235 724; baseline -0.013 0"><span class='ocrx_word' id='word_1_12' title='bbox 408 688 690 724; x_wconf 79' lang='lat' dir='ltr'><strong>RELIGIONIS</strong></span> <span class='ocrx_word' id='word_1_13' title='bbox 712 684 1033 720; x_wconf 73' lang='lat' dir='ltr'><strong>CHmsTIANAE</strong></span> <span class='ocrx_word' id='word_1_14' title='bbox 1047 685 1063 716; x_wconf 64' lang='grc' dir='ltr'>’.θ</span> <span class='ocrx_word' id='word_1_15' title='bbox 1232 682 1235 685; x_wconf 86' lang='grc'><em>“</em></span> 
     </span>
    </p>
   </div>
   <div class='ocr_carea' id='block_1_5' title="bbox 515 851 930 879">
    <p class='ocr_par' dir='ltr' id='par_1_5' title="bbox 515 851 930 879">
     <span class='ocr_line' id='line_1_6' title="bbox 515 851 930 879; baseline -0.014 0"><span class='ocrx_word' id='word_1_16' title='bbox 515 851 930 879; x_wconf 53' lang='grc' dir='ltr'>ᾤ</span> 
     </span>
    </p>
   </div>
   <div class='ocr_carea' id='block_1_6' title="bbox 560 1008 901 1039">
    <p class='ocr_par' dir='ltr' id='par_1_6' title="bbox 560 1008 901 1039">
     <span class='ocr_line' id='line_1_7' title="bbox 560 1008 901 1039; baseline -0.003 -1"><span class='ocrx_word' id='word_1_17' title='bbox 560 1008 901 1039; x_wconf 78' lang='lat' dir='ltr'>PRAEMONENDA.</span> 
     </span>
    </p>
   </div>
   <div class='ocr_carea' id='block_1_7' title="bbox 193 1185 1313 1606">
    <p class='ocr_par' dir='ltr' id='par_1_7' title="bbox 193 1185 1301 1390">
     <span class='ocr_line' id='line_1_8' title="bbox 239 1185 1301 1253; baseline -0.01 -6"><span class='ocrx_word' id='word_1_18' title='bbox 239 1185 481 1253; x_wconf 83' lang='lat' dir='ltr'>Priusquam</span> <span class='ocrx_word' id='word_1_19' title='bbox 513 1204 559 1241; x_wconf 89' lang='lat' dir='ltr'>ad</span> <span class='ocrx_word' id='word_1_20' title='bbox 596 1203 689 1240; x_wconf 82' lang='lat' dir='ltr'>hanc</span> <span class='ocrx_word' id='word_1_21' title='bbox 727 1199 957 1248; x_wconf 83' lang='lat' dir='ltr'>quaestionis</span> <span class='ocrx_word' id='word_1_22' title='bbox 1005 1205 1145 1246; x_wconf 88' lang='lat' dir='ltr'>partem</span> <span class='ocrx_word' id='word_1_23' title='bbox 1182 1204 1301 1236; x_wconf 80' lang='lat' dir='ltr'>trans·</span> 
     </span>
     <span class='ocr_line' id='line_1_9' title="bbox 193 1267 1300 1325; baseline -0.012 -8"><span class='ocrx_word' id='word_1_24' title='bbox 193 1290 295 1325; x_wconf 86' lang='lat' dir='ltr'>eam,</span> <span class='ocrx_word' id='word_1_25' title='bbox 322 1276 429 1314; x_wconf 86' lang='lat' dir='ltr'>liceat</span> <span class='ocrx_word' id='word_1_26' title='bbox 459 1272 550 1311; x_wconf 85' lang='lat' dir='ltr'>mihi</span> <span class='ocrx_word' id='word_1_27' title='bbox 576 1271 782 1316; x_wconf 87' lang='lat' dir='ltr'>nonnulla,</span> <span class='ocrx_word' id='word_1_28' title='bbox 811 1279 906 1316; x_wconf 86' lang='lat' dir='ltr'>quae</span> <span class='ocrx_word' id='word_1_29' title='bbox 932 1279 1163 1317; x_wconf 86' lang='lat' dir='ltr'>nequaquam</span> <span class='ocrx_word' id='word_1_30' title='bbox 1190 1267 1300 1305; x_wconf 84' lang='lat' dir='ltr'>omit-</span> 
     </span>
     <span class='ocr_line' id='line_1_10' title="bbox 193 1340 977 1390; baseline -0.015 -2"><span class='ocrx_word' id='word_1_31' title='bbox 193 1349 302 1388; x_wconf 87' lang='lat' dir='ltr'>tenda</span> <span class='ocrx_word' id='word_1_32' title='bbox 326 1346 498 1384; x_wconf 86' lang='lat' dir='ltr'>videntur</span> <span class='ocrx_word' id='word_1_33' title='bbox 514 1371 527 1390; x_wconf 87' lang='lat'>‚</span> <span class='ocrx_word' id='word_1_34' title='bbox 555 1350 659 1380; x_wconf 86' lang='lat' dir='ltr'>antea</span> <span class='ocrx_word' id='word_1_35' title='bbox 678 1340 977 1377; x_wconf 85' lang='lat' dir='ltr'>animadvertere.</span> 
     </span>
    </p>

    <p class='ocr_par' dir='ltr' id='par_1_8' title="bbox 203 1407 1306 1541">
     <span class='ocr_line' id='line_1_11' title="bbox 251 1407 1306 1461; baseline -0.011 -4"><span class='ocrx_word' id='word_1_36' title='bbox 251 1430 283 1457; x_wconf 89' lang='lat'>1.</span> <span class='ocrx_word' id='word_1_37' title='bbox 315 1415 478 1455; x_wconf 79' lang='lat' dir='ltr'><em>Nonnisi</em></span> <span class='ocrx_word' id='word_1_38' title='bbox 517 1412 664 1461; x_wconf 82' lang='lat' dir='ltr'><em>Religio</em></span> <span class='ocrx_word' id='word_1_39' title='bbox 696 1418 813 1448; x_wconf 73' lang='lat' dir='ltr'>movet</span> <span class='ocrx_word' id='word_1_40' title='bbox 836 1407 889 1447; x_wconf 82' lang='lat' dir='ltr'>ad</span> <span class='ocrx_word' id='word_1_41' title='bbox 924 1410 1102 1446; x_wconf 70' lang='lat' dir='ltr'>virtutem</span> <span class='ocrx_word' id='word_1_42' title='bbox 1129 1407 1306 1458; x_wconf 72' lang='lat' dir='ltr'>bonosque</span> 
     </span>
     <span class='ocr_line' id='line_1_12' title="bbox 203 1500 334 1541; baseline -0.031 -12"><span class='ocrx_word' id='word_1_43' title='bbox 203 1500 334 1541; x_wconf 79' lang='lat' dir='ltr'>mores.</span> 
     </span>
    </p>

    <p class='ocr_par' dir='ltr' id='par_1_9' title="bbox 251 1547 1313 1606">
     <span class='ocr_line' id='line_1_13' title="bbox 251 1547 1313 1606; baseline -0.011 -10"><span class='ocrx_word' id='word_1_44' title='bbox 251 1559 287 1598; x_wconf 96' lang='lat' dir='ltr'>L</span> <span class='ocrx_word' id='word_1_45' title='bbox 302 1569 322 1595; x_wconf 92' lang='lat' dir='ltr'>e</span> <span class='ocrx_word' id='word_1_46' title='bbox 336 1568 359 1606; x_wconf 89' lang='lat' dir='ltr'>g</span> <span class='ocrx_word' id='word_1_47' title='bbox 372 1567 422 1593; x_wconf 88' lang='lat' dir='ltr'>es</span> <span class='ocrx_word' id='word_1_48' title='bbox 445 1554 600 1592; x_wconf 89' lang='lat' dir='ltr'>multum</span> <span class='ocrx_word' id='word_1_49' title='bbox 615 1549 705 1588; x_wconf 91' lang='lat' dir='ltr'>boni</span> <span class='ocrx_word' id='word_1_50' title='bbox 726 1548 879 1586; x_wconf 90' lang='lat' dir='ltr'>omnino</span> <span class='ocrx_word' id='word_1_51' title='bbox 895 1547 1034 1585; x_wconf 90' lang='lat' dir='ltr'>efficere</span> <span class='ocrx_word' id='word_1_52' title='bbox 1055 1555 1242 1595; x_wconf 79' lang='lat' dir='ltr'>possunt3</span> <span class='ocrx_word' id='word_1_53' title='bbox 1253 1557 1313 1585; x_wconf 89' lang='lat' dir='ltr'>re-</span> 
     </span>
    </p>
   </div>
   <div class='ocr_carea' id='block_1_8' title="bbox 201 1617 1330 2160">
    <p class='ocr_par' dir='ltr' id='par_1_10' title="bbox 201 1617 1330 2160">
     <span class='ocr_line' id='line_1_14' title="bbox 201 1617 1315 1679; baseline -0.014 -11"><span class='ocrx_word' id='word_1_54' title='bbox 201 1627 354 1679; x_wconf 77' lang='lat' dir='ltr'>ligionis</span> <span class='ocrx_word' id='word_1_55' title='bbox 382 1633 504 1663; x_wconf 86' lang='lat' dir='ltr'>autem</span> <span class='ocrx_word' id='word_1_56' title='bbox 518 1634 589 1670; x_wconf 89' lang='lat' dir='ltr'>ope</span> <span class='ocrx_word' id='word_1_57' title='bbox 601 1620 799 1659; x_wconf 84' lang='lat' dir='ltr'>destitutae</span> <span class='ocrx_word' id='word_1_58' title='bbox 814 1646 825 1664; x_wconf 88' lang='lat'>,</span> <span class='ocrx_word' id='word_1_59' title='bbox 838 1629 1015 1666; x_wconf 81' lang='lat' dir='ltr'>parvam,</span> <span class='ocrx_word' id='word_1_60' title='bbox 1030 1628 1076 1654; x_wconf 90' lang='lat' dir='ltr'>ne</span> <span class='ocrx_word' id='word_1_61' title='bbox 1102 1617 1215 1654; x_wconf 84' lang='lat' dir='ltr'>dicam</span> <span class='ocrx_word' id='word_1_62' title='bbox 1230 1617 1315 1670; x_wconf 84' lang='lat' dir='ltr'>nul·</span> 
     </span>
     <span class='ocr_line' id='line_1_15' title="bbox 205 1686 1314 1743; baseline -0.011 -7"><span class='ocrx_word' id='word_1_63' title='bbox 205 1699 307 1743; x_wconf 79' lang='lat' dir='ltr'>Iam,</span> <span class='ocrx_word' id='word_1_64' title='bbox 321 1695 458 1733; x_wconf 86' lang='lat' dir='ltr'>habent</span> <span class='ocrx_word' id='word_1_65' title='bbox 477 1692 551 1730; x_wconf 88' lang='lat' dir='ltr'>vim</span> <span class='ocrx_word' id='word_1_66' title='bbox 565 1691 609 1728; x_wconf 89' lang='lat' dir='ltr'>ad</span> <span class='ocrx_word' id='word_1_67' title='bbox 619 1688 767 1728; x_wconf 88' lang='lat' dir='ltr'>virtutis</span> <span class='ocrx_word' id='word_1_68' title='bbox 782 1688 921 1725; x_wconf 87' lang='lat' dir='ltr'>cultum</span> <span class='ocrx_word' id='word_1_69' title='bbox 944 1686 1231 1729; x_wconf 71' lang='lat' dir='ltr'>suffulciendam</span> <span class='ocrx_word' id='word_1_70' title='bbox 1244 1687 1314 1725; x_wconf 93' lang='lat' dir='ltr'>ho-</span> 
     </span>
     <span class='ocr_line' id='line_1_16' title="bbox 209 1754 1317 1813; baseline -0.01 -8"><span class='ocrx_word' id='word_1_71' title='bbox 209 1767 426 1813; x_wconf 85' lang='lat' dir='ltr'>minumque</span> <span class='ocrx_word' id='word_1_72' title='bbox 455 1763 596 1801; x_wconf 82' lang='lat' dir='ltr'>animos</span> <span class='ocrx_word' id='word_1_73' title='bbox 614 1758 875 1798; x_wconf 86' lang='lat' dir='ltr'>emendandos.</span> <span class='ocrx_word' id='word_1_74' title='bbox 903 1757 1012 1794; x_wconf 84' lang='lat' dir='ltr'>Metu</span> <span class='ocrx_word' id='word_1_75' title='bbox 1039 1768 1179 1804; x_wconf 88' lang='lat' dir='ltr'>poenae</span> <span class='ocrx_word' id='word_1_76' title='bbox 1200 1754 1317 1794; x_wconf 83' lang='lat' dir='ltr'>rarius</span> 
     </span>
     <span class='ocr_line' id='line_1_17' title="bbox 212 1824 1324 1886; baseline -0.013 -10"><span class='ocrx_word' id='word_1_77' title='bbox 212 1836 318 1886; x_wconf 87' lang='lat' dir='ltr'>pravi</span> <span class='ocrx_word' id='word_1_78' title='bbox 346 1847 365 1873; x_wconf 85' lang='lat' dir='ltr'>a</span> <span class='ocrx_word' id='word_1_79' title='bbox 389 1834 494 1872; x_wconf 83' lang='lat' dir='ltr'>malis</span> <span class='ocrx_word' id='word_1_80' title='bbox 516 1833 773 1876; x_wconf 84' lang='lat' dir='ltr'>deterrentur,</span> <span class='ocrx_word' id='word_1_81' title='bbox 788 1836 824 1866; x_wconf 89' lang='lat' dir='ltr'>et</span> <span class='ocrx_word' id='word_1_82' title='bbox 848 1828 947 1875; x_wconf 85' lang='lat' dir='ltr'>leges</span> <span class='ocrx_word' id='word_1_83' title='bbox 962 1826 1149 1864; x_wconf 90' lang='lat' dir='ltr'>civitatem</span> <span class='ocrx_word' id='word_1_84' title='bbox 1167 1853 1179 1873; x_wconf 88' lang='lat'>‚</span> <span class='ocrx_word' id='word_1_85' title='bbox 1207 1824 1324 1863; x_wconf 85' lang='lat' dir='ltr'>mori-</span> 
     </span>
     <span class='ocr_line' id='line_1_18' title="bbox 215 1895 1324 1952; baseline -0.014 -6"><span class='ocrx_word' id='word_1_86' title='bbox 215 1909 287 1946; x_wconf 90' lang='lat' dir='ltr'>bus</span> <span class='ocrx_word' id='word_1_87' title='bbox 302 1912 513 1952; x_wconf 76' lang='lat' dir='ltr'>corruptam</span> <span class='ocrx_word' id='word_1_88' title='bbox 530 1930 542 1947; x_wconf 80' lang='lat'>‚</span> <span class='ocrx_word' id='word_1_89' title='bbox 559 1912 604 1938; x_wconf 89' lang='lat' dir='ltr'>ne</span> <span class='ocrx_word' id='word_1_90' title='bbox 617 1901 728 1937; x_wconf 86' lang='lat' dir='ltr'>ullam</span> <span class='ocrx_word' id='word_1_91' title='bbox 741 1898 887 1946; x_wconf 86' lang='lat' dir='ltr'>quidem</span> <span class='ocrx_word' id='word_1_92' title='bbox 904 1924 918 1943; x_wconf 79' lang='lat'>,</span> <span class='ocrx_word' id='word_1_93' title='bbox 933 1897 1184 1934; x_wconf 84' lang='lat' dir='ltr'>emendarunt.</span> <span class='ocrx_word' id='word_1_94' title='bbox 1218 1895 1324 1933; x_wconf 81' lang='lat' dir='ltr'>Mul-</span> 
     </span>
     <span class='ocr_line' id='line_1_19' title="bbox 218 1965 1326 2023; baseline -0.012 -8"><span class='ocrx_word' id='word_1_95' title='bbox 218 1987 260 2016; x_wconf 92' lang='lat' dir='ltr'>to</span> <span class='ocrx_word' id='word_1_96' title='bbox 291 1975 433 2023; x_wconf 81' lang='lat' dir='ltr'>magis,</span> <span class='ocrx_word' id='word_1_97' title='bbox 461 1980 504 2010; x_wconf 88' lang='lat' dir='ltr'>ut</span> <span class='ocrx_word' id='word_1_98' title='bbox 528 1970 617 2018; x_wconf 75' lang='lat' dir='ltr'>quid</span> <span class='ocrx_word' id='word_1_99' title='bbox 641 1969 797 2007; x_wconf 86' lang='lat' dir='ltr'>efficiant</span> <span class='ocrx_word' id='word_1_100' title='bbox 823 1968 1049 2016; x_wconf 82' lang='lat' dir='ltr'>legislatores</span> <span class='ocrx_word' id='word_1_101' title='bbox 1064 1995 1077 2014; x_wconf 87' lang='lat'>‚</span> <span class='ocrx_word' id='word_1_102' title='bbox 1101 1974 1249 2015; x_wconf 91' lang='lat' dir='ltr'>ponunt</span> <span class='ocrx_word' id='word_1_103' title='bbox 1268 1965 1326 2013; x_wconf 88' lang='lat' dir='ltr'>ip·</span> 
     </span>
     <span class='ocr_line' id='line_1_20' title="bbox 221 2035 1328 2093; baseline -0.012 -9"><span class='ocrx_word' id='word_1_104' title='bbox 221 2046 278 2093; x_wconf 86' lang='lat' dir='ltr'>si,</span> <span class='ocrx_word' id='word_1_105' title='bbox 303 2045 474 2082; x_wconf 83' lang='lat' dir='ltr'>virtutem</span> <span class='ocrx_word' id='word_1_106' title='bbox 507 2040 578 2089; x_wconf 85' lang='lat' dir='ltr'>jam</span> <span class='ocrx_word' id='word_1_107' title='bbox 605 2039 679 2077; x_wconf 85' lang='lat' dir='ltr'>coli</span> <span class='ocrx_word' id='word_1_108' title='bbox 707 2050 726 2076; x_wconf 88' lang='lat' dir='ltr'>a</span> <span class='ocrx_word' id='word_1_109' title='bbox 749 2036 918 2084; x_wconf 78' lang='lat' dir='ltr'>civibus3</span> <span class='ocrx_word' id='word_1_110' title='bbox 946 2047 1026 2074; x_wconf 86' lang='lat' dir='ltr'>nam</span> <span class='ocrx_word' id='word_1_111' title='bbox 1043 2064 1056 2082; x_wconf 84' lang='lat'>,</span> <span class='ocrx_word' id='word_1_112' title='bbox 1081 2035 1232 2073; x_wconf 85' lang='lat' dir='ltr'>simulac</span> <span class='ocrx_word' id='word_1_113' title='bbox 1254 2035 1328 2072; x_wconf 91' lang='lat' dir='ltr'>vir-</span> 
     </span>
     <span class='ocr_line' id='line_1_21' title="bbox 222 2090 1330 2160; baseline -0.012 -7"><span class='ocrx_word' id='word_1_114' title='bbox 222 2125 287 2154; x_wconf 91' lang='lat' dir='ltr'>tus</span> <span class='ocrx_word' id='word_1_115' title='bbox 313 2126 332 2151; x_wconf 90' lang='lat' dir='ltr'>a</span> <span class='ocrx_word' id='word_1_116' title='bbox 354 2112 507 2160; x_wconf 85' lang='lat' dir='ltr'>quadam</span> <span class='ocrx_word' id='word_1_117' title='bbox 531 2109 680 2147; x_wconf 82' lang='lat' dir='ltr'>civitate</span> <span class='ocrx_word' id='word_1_118' title='bbox 702 2090 901 2154; x_wconf 58' lang='lat' dir='ltr'>demigrata</span> <span class='ocrx_word' id='word_1_119' title='bbox 920 2106 994 2152; x_wconf 81' lang='lat' dir='ltr'><strong>sit,</strong></span> <span class='ocrx_word' id='word_1_120' title='bbox 1018 2107 1137 2153; x_wconf 87' lang='lat' dir='ltr'>legum</span> <span class='ocrx_word' id='word_1_121' title='bbox 1168 2103 1330 2142; x_wconf 87' lang='lat' dir='ltr'>auctori-</span> 
     </span>
    </p>
   </div>
   <div class='ocr_carea' id='block_1_9' title="bbox 227 2174 1332 2280">
    <p class='ocr_par' dir='ltr' id='par_1_11' title="bbox 227 2174 1332 2280">
     <span class='ocr_line' id='line_1_22' title="bbox 227 2174 1330 2224; baseline -0.014 0"><span class='ocrx_word' id='word_1_122' title='bbox 227 2195 282 2224; x_wconf 83' lang='lat' dir='ltr'>tas</span> <span class='ocrx_word' id='word_1_123' title='bbox 322 2184 360 2222; x_wconf 89' lang='lat' dir='ltr'>in</span> <span class='ocrx_word' id='word_1_124' title='bbox 406 2182 482 2220; x_wconf 89' lang='lat' dir='ltr'>dies</span> <span class='ocrx_word' id='word_1_125' title='bbox 516 2178 720 2224; x_wconf 82' lang='lat' dir='ltr'>decrescit,</span> <span class='ocrx_word' id='word_1_126' title='bbox 770 2177 881 2216; x_wconf 87' lang='lat' dir='ltr'>immo</span> <span class='ocrx_word' id='word_1_127' title='bbox 924 2176 1024 2224; x_wconf 77' lang='lat' dir='ltr'>ipsae</span> <span class='ocrx_word' id='word_1_128' title='bbox 1066 2174 1330 2222; x_wconf 83' lang='lat' dir='ltr'>negliguntur,</span> 
     </span>
     <span class='ocr_line' id='line_1_23' title="bbox 1229 2253 1332 2280; baseline -0.01 0"><span class='ocrx_word' id='word_1_129' title='bbox 1229 2253 1332 2280; x_wconf 84' lang='lat' dir='ltr'>ever-</span> 
     </span>
    </p>
   </div>
  </div>
 </body>
</html>
