1538 2689
500 125 864 169 MEDICA.
1185 148 1232 186 33

135 229 260 270 issima
292 231 381 271 haec
408 231 470 272 fila
500 231 703 284 bombycea
729 238 975 279 transcindere
999 247 1111 282 totam
1138 251 1231 283 arte-

132 310 237 340 riam·

607 466 640 515 §·
693 480 732 517 9·

349 612 518 651 Methode·
541 612 769 662 Joncsianae
793 614 1002 669 descriptio.

176 745 380 792 Permultas
413 764 524 804 atque
556 757 718 798 diversas
742 760 819 800 dari
851 762 1047 803 methodos
1081 767 1229 807 arteria-

125 833 206 860 rum
245 823 494 873 ligandarum,
531 839 575 866 ex
606 829 870 877 disquisitione
894 843 1022 873 nostra
1047 835 1223 876 historica

122 891 267 931 abunde
308 902 423 941 patet.
498 895 602 946 Quas
641 907 761 937 autem
801 901 833 938 si
869 903 983 950 paulo
1020 906 1226 945 accuratius

121 964 415 1011 perpendamus,
467 964 698 1004 manifestum
737 969 937 1019 habemus,
988 984 1116 1012 omnes
1144 975 1225 1014 illas

123 1032 320 1072 methodos
340 1033 384 1070 ad
410 1041 484 1072 tres
510 1035 724 1084 praecipuas
750 1039 875 1077 reduci
897 1052 1024 1089 posse.
1076 1043 1226 1094 Prima,

121 1113 216 1150 quae
242 1101 435 1140 Anello
472 1114 596 1143 revera
622 1106 814 1148 tribuenda
844 1119 931 1158 est,
957 1123 977 1149 a
998 1111 1222 1161 Jonesio

118 1181 254 1209 nomen
293 1164 497 1219 mutuavit,
544 1174 684 1223 quippe
716 1177 780 1225 qui
817 1180 1073 1228 experimentis
1112 1192 1225 1232 atque

118 1241 283 1279 examine
309 1242 514 1281 anatomico
542 1243 640 1282 illam
676 1248 819 1295 egregie
844 1249 1058 1290 illustravit.
1120 1255 1226 1293 Alte-

118 1321 158 1349 ra
192 1311 242 1349 ob
278 1322 405 1350 causas
430 1313 502 1362 jam
536 1325 752 1355 memoratas
787 1318 1067 1369 Scarpiana
1102 1324 1219 1364 audit.

119 1378 274 1428 Tertia,
315 1392 429 1428 eaque
454 1381 708 1431 antiquissima
723 1413 736 1433 ,
769 1397 925 1427 vocatur
957 1390 989 1429 C
1004 1392 1219 1434 elsiana.

115 1448 174 1487 De
208 1449 366 1498 singulis
397 1451 607 1501 singulatim
645 1455 848 1497 videamus.
912 1459 1062 1501 Initium
1098 1472 1218 1506 autem

115 1517 230 1556 nobis
259 1518 322 1572 fiat
348 1531 368 1569 a
390 1521 600 1570 Jonesiana.

165 1587 336 1641 Denudat
366 1601 496 1629 auctor
527 1592 684 1642 huJusce
709 1596 874 1635 methodi
903 1600 1096 1650 arteriam,
1122 1603 1151 1642 i.
1180 1616 1215 1645 e.

114 1667 259 1707 separat
284 1669 426 1698 carnem
453 1663 700 1702 musculosam
715 1693 728 1712 ,
756 1668 921 1716 vaginam
946 1679 981 1708 et
1003 1681 1124 1720 partes
1148 1676 1218 1714 cir-

111 1728 324 1766 cumdantes
339 1757 352 1776 ,
380 1731 590 1778 praesertim
611 1745 744 1773 cavens
758 1764 771 1782 ,
798 1748 844 1775 ne
865 1749 935 1777 una
958 1751 1040 1779 cum
1064 1743 1218 1792 ligatura

111 1807 265 1836 nervum
285 1799 529 1848 constringat.
555 1801 647 1840 Post
667 1805 832 1843 arteriam
857 1808 1072 1851 denudatam
1099 1815 1216 1863 (quae

111 1866 305 1905 denudatio
326 1869 441 1917 major
454 1880 530 1908 non
547 1882 627 1910 esse
640 1872 749 1911 debet
763 1902 776 1922 ‚
793 1888 899 1924 quam
914 1881 1120 1927 operationi
1134 1886 1215 1924 suf-

111 1933 211 1984 ficit)
232 1924 448 1977 'circumdat
486 1951 554 1978 acu
585 1951 733 1981 curvata
759 1945 1093 1999 Deschampsi
1121 1953 1213 2002 (ι),

1157 2035 1211 2062 ar·

143 2090 198 2128 (ι)
218 2093 243 2121 D
254 2100 270 2122 e
281 2101 294 2122 s
305 2095 348 2123 ch
359 2103 374 2123 a
382 2103 409 2124 m
418 2104 438 2132 p
447 2105 460 2126 s
469 2116 480 2132 ,
490 2122 494 2128 ,
504 2099 615 2127 Traiee'
629 2100 801 2138 bisi-orique
816 2110 847 2132 ot
862 2105 1056 2145 dogmarfquc
1067 2110 1105 2140 vda
1121 2111 1212 2150 Popi-

106 2149 209 2179 ration
223 2148 257 2176 de
272 2151 304 2178 la
325 2151 444 2190 rame,
465 2153 543 2186 Paris
562 2159 651 2203 ¹⁷9⁶?
670 2164 743 2188 tom.
760 2159 813 2190 lv,
831 2169 866 2197 p.
888 2171 939 2200 93.

156 2215 283 2245 nocx.
641 2212 675 2250 C
