1564 2750
78 189 177 221 sectio
190 192 233 222 11.
252 188 280 230 §.
290 193 320 225 6.

332 138 382 184 96
548 134 1210 174 COMMENTATIO

331 255 375 282 eo
409 245 578 294 maJ'orem
620 242 690 281 tibi
727 242 836 281 fidem
872 244 1057 291 habeant,
1084 243 1310 292 laudesque,
1340 254 1434 292 quas

329 313 530 362 tribueris,
557 324 634 351 non
671 323 692 351 e
731 313 890 361 partium
917 313 1068 361 studio,
1097 314 1163 352 sed
1185 324 1205 351 e
1226 324 1311 352 vera
1331 313 1441 352 aesti-

301 388 304 391 ‘
328 385 493 423 matione
524 394 623 422 ortas
652 394 735 421 esse
762 383 926 421 credant.

377 454 535 493 Pericles
572 454 640 491 etsi
680 455 717 491 in
756 453 904 501 publica
950 453 1026 490 vita
1071 464 1092 490 a
1132 451 1309 501 gravitate
1345 449 1441 489 nihil

327 524 558 571 remittebat,
618 524 786 572 privatus
838 522 1016 572 pudicitia
1060 534 1280 572 morumque
1322 521 1443 560 conti-

328 594 452 633 nentia
486 604 562 632 non
594 593 791 631 admodum
837 593 1054 631 excelluisse
1100 592 1267 641 videtur;
1318 591 1446 630 etiam·

330 665 363 703 si
410 672 548 702 statuas
596 663 753 711 plurima
798 661 843 700 ab
892 662 971 712 ejus
1016 661 1175 700 inimicis
1230 663 1291 700 vel
1332 660 1442 710 ficta,

331 734 391 772 vel
421 726 521 771 cette
552 732 590 770 in
626 733 743 781 majus
782 740 887 770 aucta
928 731 1060 770 fuisse.
1138 731 1262 782 Hujus
1300 732 1354 770 rei
1395 731 1446 770 sit

331 804 583 850 documento,
622 802 726 850 quod
763 802 807 840 ab
844 802 1034 840 Athenaeo
1061 801 1130 852 (1)
1167 810 1359 850 narratur,
1398 801 1445 840 de

330 873 411 923 ejus
453 872 723 911 consuetudine
760 882 843 909 cum
885 871 1086 920 Elpinice,
1123 871 1296 911 Cimonis
1339 883 1447 910 soro-

331 954 398 990 re,
449 942 539 981 satis
574 942 772 980 libidinosa
811 941 990 990 muliere,
1042 950 1078 979 et
1123 941 1312 980 amoribus
1360 940 1446 990 qui-

331 1012 403 1050 bus
442 1013 562 1062 puella
599 1012 638 1049 in
688 1013 934 1061 Polygnotum
978 1020 1139 1060 arserat,
1193 1019 1323 1060 postea
1371 1021 1447 1049 rna·

333 1080 508 1119 trimonio
555 1092 639 1119 cum
693 1081 833 1129 fratre,
888 1082 985 1129 apud
1037 1081 1284 1120 Athenienses
1328 1079 1448 1119 famo·

335 1162 375 1190 sa
414 1152 498 1202 (2).
564 1150 670 1189 Dixit
707 1162 841 1200 nempe
879 1151 1120 1198 Athenaeus,
1159 1151 1334 1190 Periclem
1359 1160 1446 1199 pse-

335 1221 558 1271 phismatis‚
606 1221 708 1267 quod
738 1221 783 1258 de
825 1220 993 1259 Cimonis
1043 1221 1162 1258 reditu
1205 1220 1446 1269 scripsisset,

334 1291 537 1329 mercedem
561 1289 761 1358 accepisffi
773 1289 1012 1326 concubitum
1037 1301 1121 1326 eum
1144 1289 1330 1338 Elpinice.
1362 1290 1444 1339 Jam

337 1360 506 1409 quamvis
536 1358 740 1408 praefracte
762 1370 892 1407 negare
923 1358 1063 1406 nolim,
1090 1358 1263 1397 Periclem
1283 1370 1446 1408 unquam

334 1442 418 1468 cum
454 1430 515 1467 illa
552 1440 626 1467 rem
658 1428 860 1477 habuisse,
889 1429 1021 1466 haecce
1053 1436 1173 1466 tamen
1204 1426 1314 1466 facile
1344 1439 1448 1467 men-

335 1501 428 1540 dacii
462 1509 666 1549 arguuntur
692 1499 766 1547 iis,
809 1499 920 1546 quae
936 1500 1008 1549 jam
1042 1500 1152 1547 longe
1179 1507 1283 1536 antea
1305 1497 1448 1536 accide-

335 1581 440 1619 rant;
469 1570 616 1618 quando
642 1564 860 1618 Elpinicae,
885 1569 1007 1617 ipsum
1033 1569 1207 1618 roganti,
1232 1579 1279 1605 ne
1311 1567 1444 1616 fratri,

338 1642 402 1689 qui
438 1642 476 1678 in
510 1640 658 1688 capitali
684 1639 824 1690 judicio
851 1639 1091 1686 versabatur,
1119 1639 1300 1677 molestus
1326 1647 1447 1686 esset,

336 1711 468 1749 anilem
499 1719 652 1748 aetatem
693 1709 947 1758 exprobravit.
1009 1709 1203 1748 Difficilior
1235 1709 1305 1747 erit
1346 1708 1447 1748 refu-

337 1781 428 1818 tatio
465 1779 733 1818 accusationis:
787 1780 963 1818 Periclem
1005 1791 1089 1817 cum
1135 1779 1342 1829 Xanthippi
1379 1779 1446 1818 filii

339 1861 455 1888 uxore
477 1850 636 1897 coiisse3
664 1850 772 1899 cujus
800 1850 881 1895 rei,
910 1858 1051 1897 praeter
1068 1850 1327 1897 Plutarchum,
1355 1861 1445 1887 eun·

337 1921 419 1958 dem
450 1919 680 1958 Athenaeum
713 1920 741 1958 1.
769 1920 795 1957 1.
825 1928 953 1957 testem
981 1920 1173 1958 habemus.
1226 1919 1323 1969 Quis
1348 1918 1444 1958 enim

337 1991 480 2037 credat,
507 1989 692 2038 aliquem,
721 1988 862 2028 etiamsi
888 1989 949 2026 alii
971 1988 1019 2026 sit
1043 1988 1343 2037 inimicissimus,
1370 1997 1444 2027 tam

1387 2058 1444 2096 in-

381 2158 433 2192 (1)
452 2156 560 2192 Deipn.
582 2155 659 2184 xm.
681 2162 711 2188 p.
733 2158 801 2190 589.
823 2153 858 2183 F.

380 2215 434 2250 (α)
453 2215 528 2264 Ριιέι.
549 2212 579 2240 in
602 2211 681 2261 Cim.
701 2219 768 2246 cap.
788 2221 818 2249 4.
840 2220 873 2247 p.
893 2215 959 2248 480.
982 2211 1015 2240 F.
