1564 2750
404 171 915 216 LITERARIA.
1150 142 1237 224 ηςἸ

1234 236 1334 274 sectio
1350 235 1402 266 ΠΙ.
1413 235 1442 273 §-
1455 240 1483 264 ι.

110 285 248 325 etiores
268 284 435 333 priorum
471 293 681 334 argumenta
706 283 948 332 repetierunt.
1000 283 1087 322 Illae
1107 295 1218 322 accu-

105 355 269 393 sationes
306 353 380 391 huc
409 353 487 392 fere
523 354 676 392 redeunt
693 365 703 392 ε

153 423 314 463 Pericles
358 426 407 465 τ’ὂι
441 425 578 473 πάτριοι
613 425 673 464 καὶ
714 424 909 474 περιβόητοι
945 425 1078 475 νόμιμα
1114 424 1221 464 κατέ·

105 505 211 536 avo-su
229 493 297 543 (1)
310 506 325 542 3

152 562 345 602 Aer-arium
372 562 566 611 exhausit3

150 632 282 672 Mores
303 633 471 681 corrupit
488 645 501 680 3
559 674 565 681 ¹

149 702 401 741 Fundamenta
424 702 512 752 jecit
530 702 733 740 libeirimae
748 701 858 740 istius
894 712 935 740 ac
960 700 1217 749 pernicosissi-

99 783 203 820 mae,
230 783 324 820 quae
349 780 479 821 postea
514 771 695 819 invaluit,
724 771 992 810 Democratiae.

148 842 253 892 Quas
272 843 532 881 accusationes
558 853 657 880 nunc
681 842 972 880 consideremus.
1002 840 1213 878 S1Per1c1es

96 912 214 960 patria
239 912 410 950 instituta
431 911 652 960 abrogavit,
686 919 863 960 oportet,
893 918 935 947 ut
969 909 1022 947 rei
1041 909 1212 957 publicae
1270 958 1272 961 ι

94 982 400 1021 administrandae
417 982 510 1019 ratio
533 982 722 1019 immutata
736 980 874 1018 fuerit:
899 980 930 1016 si
950 990 1027 1017 eam
1054 978 1104 1016 ob
1125 989 1211 1016 cau-

96 1063 174 1090 sam
203 1051 411 1099 culpandus
435 1050 503 1087 erit
522 1078 535 1097 ‚
563 1049 763 1096 requiritur
777 1076 790 1095 ,
819 1057 860 1085 ut
873 1047 1020 1086 Civitas
1041 1046 1079 1084 in
1101 1047 1208 1095 peJ'us

91 1121 221 1160 ruerit.
248 1120 353 1169 Quid
372 1129 493 1158 autem
507 1119 545 1157 in
564 1118 714 1168 Judiciis
736 1126 916 1157 mutatum
941 1125 1022 1163 est,
1048 1116 1138 1164 quid
1169 1116 1209 1153 in

37 1197 45 1200 ”
87 1190 336 1230 concionibus
351 1190 465 1239 ‚quid
485 1189 524 1227 in
536 1189 676 1236 reliqua
701 1187 934 1237 publicarum
947 1198 1067 1224 rerum
1095 1186 1229 1223 admi-¹

90 1262 309 1301 nistratione
323 1261 342 1299 ‘3
362 1260 510 1310 Judices
535 1267 646 1306 atque
667 1259 956 1307 ἐκκλησιάζοντες
980 1254 1209 1301 stipendium

93 1340 330 1381 acceperunt.
343 1331 408 1369 Ex
420 1329 638 1368 Aristotelis
651 1329 735 1365 loco
745 1354 758 1373 2
772 1338 882 1373 supra
894 1327 967 1375 jam
989 1333 1209 1368 memorato,

87 1403 226 1454 judicia
239 1430 252 1450 ,
269 1413 289 1439 a
303 1402 443 1440 Solone
465 1399 503 1437 in
516 1399 647 1447 populi
662 1396 810 1446 gratiam
826 1394 943 1432 fuisse
955 1394 1123 1431 instituta
1137 1421 1149 1439 ,
1166 1401 1208 1430 ut

86 1473 220 1511 concio
233 1470 427 1520 popularis
440 1477 555 1516 esset,
571 1467 773 1514 unicuique
784 1464 989 1513 apparebit.
1004 1464 1131 1514 Quum
1143 1475 1207 1516 au·

87 1551 160 1580 tem
171 1541 313 1579 minora
332 1569 344 1588 ‚
359 1540 495 1590 judicia
510 1538 721 1576 omittentes
739 1565 751 1584 ‚
765 1537 1002 1583 Areopagum
1015 1563 1027 1581 ‚
1041 1533 1207 1589 Epheta-

85 1623 167 1650 rum
187 1610 375 1657 tribunal,
390 1608 633 1647 Heliasticum
655 1607 931 1645 consideremus
946 1631 959 1651 ‚
977 1603 1203 1649 videbimus,

87 1681 220 1719 horum
237 1680 396 1728 primum
424 1678 640 1716 constitisse
653 1677 759 1715 exiis
777 1705 789 1723 ‚
807 1663 871 1723 qui
887 1672 1118 1722 Oligarchiae
1142 1673 1206 1709 de-

87 1750 156 1789 diti
180 1762 260 1788 esse
273 1750 462 1787 deberent.
493 1749 629 1787 Eadem
643 1746 715 1784 fuit
737 1747 967 1794 Ephetarum
993 1741 1202 1795 sententia,

51 1848 53 1851 .
86 1822 167 1877 qui,
181 1819 509 1870 Draconejubente
525 1847 536 1865 ‚
552 1830 572 1855 e
589 1818 734 1855 civibus
751 1845 762 1862 ‚
775 1818 859 1852 loco
874 1823 985 1861 atque
998 1811 1180 1864 auctorita
1189 1833 1202 1839 ⁴-

85 1901 122 1930 te
133 1890 366 1939 conspicuis,
380 1889 608 1938 eligebantur
623 1886 708 1937 (2).
722 1885 807 1924 Fuit
821 1885 932 1933 igitur
947 1884 1097 1920 unicum
1109 1882 1202 1918 mul-

82 1960 224 2002 tudinis
239 1959 479 2009 praesidium,
491 1958 732 1997 Heliasticum
743 1955 938 2006 J'udicium.
968 1954 1064 1992 iilud
1076 1980 1088 2000 ,
1101 1951 1200 2000 Judi·

1145 2032 1197 2057 ci-

122 2153 175 2192 (1)
196 2153 287 2183 Diod.
307 2154 369 2183 sic.
391 2154 443 2184 XI.
462 2161 527 2187 cap.
551 2159 601 2186 77.

123 2209 178 2248 (2)
196 2211 307 2240 Pollux
335 2211 444 2241 Ouom.
465 2209 536 2238 Lib.
561 2207 637 2237 vm.
667 2207 766 2240 segm.
800 2211 867 2235 ης.

598 2334 685 2372 H2
