1564 2750
426 193 927 236 LITERARIA.
1170 206 1235 233 121

141 313 180 344 et
213 303 353 344 fautor.
427 306 499 344 Sed
545 313 581 343 et
619 305 691 343 hoc
735 304 884 351 utrique
918 302 1077 350 accidit,
1113 310 1157 341 ut
1189 302 1242 342 rei

131 373 336 423 publicae,
366 372 474 423 quat'n
486 375 719 414 instituerant
734 403 746 422 ,
769 373 892 412 forma
913 373 1121 412 necessario
1147 373 1243 422 peri-

128 455 186 483 ··re·
200 445 371 493 deberet,
431 457 545 493 quum
570 454 699 493 postea
735 445 815 492 alii,
841 455 918 482 non
940 444 1068 482 iisdem
1096 443 1244 482 virtuti-

139 513 214 553 bus
253 496 430 563 praediti‘‚
472 515 517 552 ad
544 515 736 562 imperium
769 515 1027 554 accessissent.
1079 514 1242 563 Augusti

139 578 342 622 dominatio
369 595 456 622 mox
491 584 530 622 in
561 584 817 633 tyrannidem,
843 585 1002 633 Periclea
1034 583 1073 622 in
1097 583 1241 622 liberri-

137 653 359 691 mamistam
385 654 652 692 Democratiam
668 655 727 692 vel
740 654 866 703 potius
883 653 1102 692 Anarchiam
1119 653 1239 701 abiit3

137 732 254 770 quum
277 723 399 761 omnia
423 724 564 761 decreta
590 732 680 762 sunt
709 736 728 762 e
746 723 1144 763 turbulentissimorum
1169 726 1242 764 De-

136 802 377 841 magogorum
393 821 407 841 ,
431 793 611 841 Cleonis,
639 794 1037 841 Alcibiadis‚a1iorum
1064 794 1237 833 arbitrio:

136 860 187 900 ita
214 870 282 909 ut,
302 874 417 910 quum
432 863 484 912 ii,
499 863 564 911 qui
585 863 847 902 moderatiores
871 873 973 902 erant
986 892 999 911 ,
1038 863 1152 903 veluti
1172 865 1242 903 Ni-

133 930 236 979 cias,
264 931 434 971 resistere
461 944 539 971 non
565 941 719 983 possent
747 945 788 971 ac
813 941 999 981 tacerent,
1026 933 1130 972 brevi
1154 933 1241 972 urbs

137 1000 288 1049 perierit
315 1010 351 1041 et
372 1003 605 1051 Lysandrum
634 1002 812 1040 victorem
843 1004 1041 1051 exceperit.

187 1071 354 1110 Multum
383 1071 457 1110 huc
490 1073 596 1110 etiam
622 1072 783 1110 contuiit
812 1073 1037 1111 Comoediae
1063 1073 1241 1121 licentia;

137 1152 232 1189 quae
258 1141 356 1179 haud
382 1140 461 1179 scio
474 1152 520 1178 an
547 1135 642 1179 inter
669 1142 884 1191 praecipuas
903 1142 1103 1182 occidentis
1117 1144 1243 1186 *Athe⁴

137 1209 320 1249 niensium
344 1211 518 1250 Civitatis
543 1223 671 1251 causas
684 1213 904 1252 recensenda
932 1212 997 1252 sit.
1025 1213 1076 1253 Hi
1100 1213 1242 1262 priscae

136 1280 364 1320 Comoediae
389 1290 520 1329 poetae
537 1290 613 1320 non
627 1290 767 1320 tantum

1253 252 1353 288 seetio
1361 258 1416 287 ιιι.
1427 253 1457 295 §.
1470 266 1495 287 x.

158 1368 202 1408 'Si
227 1372 309 1420 quis
329 1381 419 1410 crat
443 1359 574 1422 dignus
594 1371 750 1426 describi
761 1401 774 1421 ,
797 1372 896 1424 quod
911 1374 1029 1412 malus
1054 1382 1124 1412 aut
1141 1373 1214 1420 fur
1227 1384 1247 1421 ,'

158 1439 268 1489 Quod
289 1441 451 1479 moechus
466 1443 600 1491 foret,
628 1451 697 1480 aut
721 1445 906 1489 sicarius,
932 1452 1002 1481 aut
1026 1444 1168 1492 alioqui

140 1509 366 1559 'Famosus;
392 1512 513 1549 multa
537 1525 619 1550 cum
646 1513 819 1552 libertate
844 1514 1022 1552 notabant
1044 1502 1162 1564 (ι).·Γ

133 1596 198 1652 sed
222 1621 259 1651 et
289 1597 412 1652 omnia
432 1647 443 1664 ,
482 1615 567 1668 licet
606 1624 730 1654 essent
766 1616 933 1665 optima,
962 1615 1110 1664 aggredi
1144 1617 1242 1654 sole·

132 1682 247 1731 bant,
300 1695 442 1731 eosque
477 1684 716 1732 potissimum
752 1686 853 1724 viros
894 1685 1013 1734 plebis
1049 1685 1141 1724 risui
1180 1698 1239 1724 ex-

129 1763 303 1801 ponere,
343 1753 408 1802 qui
442 1755 581 1792 meritis
613 1756 835 1804 conspicui,
873 1768 914 1794 ae
941 1757 1051 1794 rebus
1080 1758 1241 1805 praecla-

132 1834 173 1860 re
218 1824 332 1872 gestis
371 1825 624 1863 auctoritatem
671 1827 772 1874 apud
817 1826 915 1864 cives
951 1825 1099 1865 fuerant
1131 1828 1240 1876 adep-

132 1891 162 1930 ti
212 1893 297 1942 (2).
376 1894 453 1934 Ista
500 1907 588 1933 vero
639 1895 787 1935 licentia
844 1898 997 1942 maxime
1049 1898 1203 1936 invaluit
1227 1927 1240 1946 ,

130 1973 244 2011 quum
258 1991 281 2011 ‚,
313 1964 471 2009 ⁴Pericle
504 1965 548 2004 de
585 1965 742 2015 imperio
778 1978 862 2005 cum
906 1968 1077 2015 Cimone
1098 1976 1240 2015 certan-

1176 2047 1238 2086 te,

165 2153 221 2191 (ι)
242 2155 318 2185 Hor.
334 2155 458 2188 Sermm.
475 2156 543 2187 Lib.
568 2160 593 2187 Ι.
612 2160 718 2194 Eclog.
740 2169 769 2196 4.
800 2168 847 2190 vs.
873 2168 902 2194 3.
921 2169 988 2196 sqq.

161 2210 215 2249 (2)
236 2212 328 2241 conf.
347 2212 415 2243 Cic.
437 2214 475 2242 de
495 2215 644 2251 Rep.1v.
662 2225 730 2252 cap.
752 2227 798 2247 10.
820 2225 852 2253 p.
872 2219 940 2255 476.
969 2217 1065 2247 orell.
1092 2228 1138 2244 —-
1153 2217 1233 2253 apud

131 2267 290 2303 Augustin.
307 2270 346 2298 de
365 2268 435 2299 Civ.
457 2272 533 2309 Dei,
552 2271 617 2302 Lib.
635 2274 672 2304 11.
689 2281 756 2309 cap.
775 2283 804 2312 9.
