1538 2689
472 125 866 172 MEDICA„
1080 129 1203 173 .59*

91 243 178 276 tunc
199 242 330 283 *partes
354 234 624 272 circumdantes
656 228 868 282 praegressa
901 235 1193 282 suppuratione,

90 305 196 343 etiam
231 305 269 342 in
300 302 604 353 suppurationem
642 305 792 342 abeunt.
848 305 905 342 Ex
936 295 1196 350 experimentis

90 383 217 421 patet,
243 382 282 413 et
311 373 533 420 statuimus,
559 375 751 422 ·ligaturae
789 375 1023 431 solutionem
1050 371 1206 410 naturae·

91 455 171 483 esse
203 444 457 492 tribuendam3
484 455 616 493 nempe
647 444 720 482 illis
755 445 791 481 in
818 443 993 490 casibus,
1023 444 1084 480 ubi
1122 444 1203 479 sine

93 514 299 552 substantia
324 513 432 562 ligata
472 523 528 567 est
565 514 706 551 arteria.

142 583 345 630 Attamen,
373 583 404 621 si
436 583 576 621 decima
606 592 669 621 aut
703 583 842 620 decima
871 583 998 630 quinta
1025 583 1083 620 die
1109 592 1204 619 non-

93 654 185 691 dum
215 653 370 702 ligatura
402 653 525 691 soluta
562 663 637 698 est,
667 654 965 693 extrahereeam
992 654 1103 700 licet»,
1132 653 1205 689 nisi

93 723 182 760 haee
215 723 393 761 extractio
424 724 529 761 valde
565 723 720 761 difficilis
758 723 839 769 sit,
878 723 911 760 si
940 723 1094 770 ligatura
1127 732 1211 770 g1·a-·

95 793 287 831 nuiatione
311 794 519 842 retinetur-3
549 805 656 841 quam
687 794 736 830 ob
774 804 921 831 causam
957 792 1077 830 oritur
1111 803 1210 829 nova

96 863 289 910 quaestio,
319 864 410 911 quid
435 862 640 902 faciendum
657 864 732 910 sit,
759 863 790 901 si
805 864 958 911 ligatura
983 861 1208 909 granulatio-

96 943 144 970 ne
174 933 408 970 retineatur?

143 1003 358 1041 Mirandum
399 1011 482 1048 est,
532 1003 820 1040 Richterum
863 1003 1022 1050 primum
1056 1001 1209 1046 fuisse,

96 1072 162 1119 qui
194 1072 364 1119 loquitur
401 1073 445 1109 de
483 1073 687 1118 methodo,
736 1072 769 1109 si
799 1072 900 1110 filum
941 1073 1000 1109 vel
1035 1073 1093 1110 fila
1127 1072 1210 1110 reti-

97 1149 231 1179 nentur
270 1141 545 1189 granu-latione:
598 1142 687 1179 dicit
728 1148 888 1190 nempe,
925 1143 1115 1190 repetitam
1156 1155 1212 1180 re·

97 1211 310 1248 tractionem
353 1220 388 1248 et
424 1212 627 1248 torsionem
667 1212 812 1249 filorum
846 1212 969 1250 favere
1004 1226 1128 1251 eorum
1155 1226 1211 1251 re-

100 1280 295 1319 solutioni.
349 1282 465 1329 Saepe
496 1292 616 1319 autem
653 1283 786 1319 haecce
815 1282 1007 1320 conamina
1040 1283 1130 1320 nihil
1151 1285 1212 1322 ad-

95 1351 256 1399 juvant,
297 1360 344 1387 et¹
371 1346 638 1397 nonnunquam
668 1351 827 1398 accidit,
873 1361 913 1389 ut
931 1380 942 1397 ,
970 1353 1102 1390 ceteris
1138 1352 1212 1390 fiiis

99 1416 280 1469 ligatoriis
303 1422 374 1469 jam
407 1421 608 1466 resolutis,
640 1428 754 1458 unum
792 1433 868 1459 non
905 1423 1071 1471 ejiciatur
1101 1435 1121 1459 a
1152 1435 1214 1460 na-

103 1499 215 1536 tura,
245 1491 348 1538 quod
384 1485 501 1537 aeq-ue
541 1491 578 1528 in
617 1492 884 1538 aneni·y¹s'1natis
924 1493 1138 1540 operatione
1172 1506 1214 1531 ac

103 1554 544 1599 in<.arteriie>svumeratis
583 1561 826 1608 observatur,
854 1563 918 1600 ubi
948 1563 1103 1612 ligatura
1133 1565 1216 1602 diu—

103 1631 177 1667 tius
214 1636 388 1668 remanet.
429 1622 612 1668 'Iteratis'
634 1631 780 1670 vicibus
821 1632 990 1679 quotidie
1028 1635 1215 1672 attrahunt

104 1700 295 1748 Chirurgi:
319 1700 406 1746 fila,
448 1702 608 1738 etfcirca
640 1694 763 1738 simin
786 1703 881 1739 axim
908 1705 1091 1750 volvunt,
1132 1716 1216 1753 spe·

103 1778 250 1816 rantes,
289 1768 371 1807 fore
402 1779 441 1807 ut
471 1770 531 1807 iila
567 1783 650 1818 pars
689 1773 884 1819 organica,
914 1785 1021 1820 quam
1060 1774 1216 1822 iigatura

101 1840 328 1886 circumdat,
357 1851 525 1887 quaeque
543 1853 618 1878 eam
651 1842 808 1889 retinet,
838 1843 965 1892 majori
990 1844 1215 1891 irritatione,

103 1910 370 1957 suppuratione
411 1912 592 1949 solvatur.
659 1912 812 1949 Frustra
852 1921 996 1950 autem:
1036 1924 1118 1950 nam
1160 1915 1219 1951 his

105 1979 358 2016 conaminibus
393 1980 527 2018 vulnus
570 1981 718 2028 penitus
757 1982 860 2027 coit,
913 1983 1065 2029 ligatura
1102 1996 1219 2031 vem,

108 2046 264 2086 fistulam
303 2049 489 2097 efficiens,
529 2050 649 2087 adhuc
690 2052 878 2090 cohaeret.
957 2052 1017 2090 Ob
1049 2053 1221 2092 irritatio-

110 2128 190 2154 nem
228 2120 333 2156 ulcus
361 2120 480 2157 oritur
506 2120 718 2158 fistulosum
748 2133 791 2158 ex
816 2122 983 2170 partibus
1006 2125 1217 2174 organicis3

111 2188 211 2236 quod
249 2200 400 2236 quoque
433 2190 685 2229 difficillimum
724 2201 779 2229 est
810 2201 967 2240 sanam,
1008 2205 1091 2232 cum
1131 2204 1221 2233 tem·

1150 2278 1220 2313 pus
