1502 2767
192 233 260 269 134
432 215 1084 260 COMMENTATIO

231 326 378 377 Quodsi
400 328 444 365 ad
469 327 600 363 horum
625 326 791 364 Deorum
824 327 964 364 cultum
997 325 1186 372 attendas,
1229 336 1285 363 sa-

181 397 317 435 crificia
328 425 340 443 ,
354 396 451 434 haud
478 407 558 433 raro
581 395 772 434 hominum
786 423 799 442 ‚
813 395 950 443 quibus
965 395 1077 433 iratos
1094 396 1194 433 Deos
1209 395 1289 442 pla-

182 467 336 512 cibant,
364 464 486 512 festa,
514 466 734 512 omniaque,
772 465 923 512 quaein
957 476 1082 503 eorum
1108 465 1287 502 honorem

183 535 493 581 instituebantur,
521 545 598 572 non
628 543 796 582 poterant
827 545 904 572 non
927 535 1088 573 cultores
1124 533 1207 572 Diis
1238 533 1290 571 si-

186 605 291 642 miles
313 606 485 652 reddere,
516 604 675 653 injustos
690 633 703 651 ,
735 605 898 642 crudeles
914 633 928 652 ‚
954 605 1114 652 perfidos
1130 632 1143 651 ,
1172 604 1290 641 homi-

186 674 311 722 cidas,
342 673 416 712 odii
441 682 477 711 et
505 673 687 711 vindictae
710 675 840 721 plenos
855 701 868 720 ,
896 674 1061 712 Deorum
1091 675 1259 722 exemplo
1274 702 1288 722 ,

188 744 220 782 si
242 743 339 781 forte
360 743 567 787 humanitas
581 754 648 781 sua
659 744 740 792 jura
764 743 964 781 vindicaret
979 772 992 791 ,
1016 742 1124 781 facile
1135 755 1218 780 sese
1231 754 1294 780 ex·

188 821 359 851 cusantes
373 812 457 861 (1).
485 813 629 851 Praeter
644 812 730 850 haec
746 813 908 860 auguriis
919 841 932 860 ,
956 813 1036 851 aliis
1049 840 1062 860 ,
1076 806 1294 861 superstitio

189 883 367 923 alebatur.
397 882 524 931 Quum
550 882 738 931 religionis
760 883 902 931 placitis
925 884 1090 922 nondum
1108 883 1228 921 edocti
1242 894 1299 920 es-

191 959 300 998 sent,
328 952 420 988 hanc
449 951 561 988 vitam
586 962 667 1001 esse
694 952 800 998 quasi
814 952 962 990 alterius
985 951 1297 1000 praeparationem

191 1022 288 1058 vitae
301 1049 314 1069 ,
330 1020 369 1057 in
383 1032 454 1068 qua
472 1020 653 1058 omniscio
679 1032 800 1058 coram
819 1021 952 1069 Judice
972 1021 1154 1060 dictorum
1176 1029 1301 1068 gesto·

194 1102 350 1138 rumque
372 1092 546 1128 rationem
570 1090 747 1131 reddituri
761 1100 849 1131 sunt
870 1091 1037 1129 homines
1053 1099 1089 1128 et
1103 1091 1296 1138 beatitate,

195 1173 288 1208 quae
301 1172 345 1198 ex
362 1160 566 1198 moralitate
581 1159 722 1206 oritur,
741 1159 891 1197 fruituri
906 1160 1003 1208 (2),
1023 1160 1123 1198 haud
1140 1162 1271 1198 mirum
1286 1188 1300 1208 ‚

196 1243 260 1275 eos
279 1231 455 1270 desideria
479 1242 544 1269 sua
570 1241 647 1273 non
674 1238 774 1268 extra
793 1229 892 1267 vitae
912 1230 1094 1268 terrestris
1122 1231 1301 1268 terminos

1241 1310 1303 1339 ex-

236 1436 287 1474 (ι)
309 1438 398 1471 Legg.
425 1437 462 1463 C.
491 1435 695 1470 Meiners,
733 1434 904 1462 Grundriss
927 1434 982 1461 der
1007 1433 1184 1461 Geschu'chte
1218 1433 1301 1461 aller

200 1481 397 1529 Religionem
420 1492 461 1520 N.
484 1493 526 1520 G.
549 1499 619 1519 van
637 1492 827 1526 Kampen,
849 1490 1064 1526 Vergelijking
1077 1499 1137 1518 mm
1153 1490 1189 1518 de
1205 1489 1304 1525 deugd

198 1560 233 1578 en
261 1550 312 1576 het
333 1549 427 1585 geluk
449 1548 504 1576 der
527 1548 599 1575 aude
623 1556 658 1574 en
685 1547 924 1583 hedendaagsche
954 1547 1090 1582 Volken,
1121 1546 1152 1574 in
1179 1546 1299 1575 Comm-

199 1609 267 1636 Soc.
299 1607 432 1641 Teyl.‚
453 1605 544 1634 Tom.
564 1605 674 1634 xxiv.
703 1613 770 1640 pag.
796 1612 859 1640 191.
882 1612 949 1639 sqq.
978 1603 1073 1631 Hicce
1098 1604 1303 1631 Romanorum

198 1662 354 1697 religionis
378 1663 530 1690 character
552 1668 672 1696 semper
692 1660 817 1694 mansit,
839 1661 916 1688 unde
943 1666 1027 1687 recte
1051 1659 1092 1688 ait
1121 1658 1304 1688 Tzschir·

200 1729 286 1754 ner,
305 1720 336 1747 in
355 1720 425 1746 Fall
450 1719 500 1746 des
529 1718 770 1752 Heidenthums‚
791 1725 857 1752 pag.
882 1725 933 1753 45.
964 1734 988 1750 ‚,
1009 1718 1086 1743 Dum
1112 1714 1306 1742 Politischon

201 1778 350 1804 Interesse
369 1785 423 1804 ‘vor
440 1777 530 1803 allem
549 1775 652 1802 diense
668 1774 717 1801 die
742 1774 887 1809 Religion
904 1773 959 1800 der
978 1774 1108 1805 Riimer‚
1130 1771 1192 1798 und
1210 1770 1305 1798 durch

199 1834 250 1861 die
276 1832 552 1866 VerEnderungcn,
575 1831 683 1858 welche
709 1830 787 1856 auch
808 1832 852 1857 sie
870 1831 910 1856 im
928 1829 1026 1863 Lause
1052 1828 1106 1856 der
1124 1829 1234 1855 Zetten
1258 1836 1308 1855 er·-

198 1890 297 1926 fuhr,
317 1889 441 1916 wurden
466 1896 552 1916 zwar
575 1888 624 1917 die
655 1888 860 1923 Gegenstia'nde
877 1886 932 1913 dor
947 1886 1113 1920 Anbetung
1130 1883 1308 1918 vnmehn,

205 1946 266 1974 und
296 1946 345 1972 die
379 1946 504 1972 For-men
530 1945 585 1979 der
621 1942 845 1971 Gottesdienste
874 1940 1099 1976 verschiinert,
1121 1942 1196 1968 uber
1220 1940 1308 1967 nicht

204 2003 292 2032 ldein
319 2002 515 2037 en'ngefuhrt,
548 2000 656 2028 welche
679 2000 734 2027 dan
762 1999 927 2026 Mensclzen
956 1999 1085 2025 erheben
1119 1997 1180 2024 und
1210 1996 1307 2024 durch

208 2059 346 2086 Glauben
365 2059 427 2085 und
449 2059 543 2086 Licha
565 2058 622 2090 mit
635 2057 751 2091 seinem
779 2055 936 2083 Gesleclzee
967 2052 1195 2090 befreunden·’'

243 2113 295 2150 (ι)
319 2116 460 2142 Veterum
483 2114 521 2141 de
542 2112 708 2141 animorum
734 2110 956 2139 immortalitate
974 2109 1115 2140 notiones
1131 2109 1310 2143 plerumque

206 2179 289 2200 erant
321 2171 463 2199 absurdae
495 2176 527 2197 et
558 2168 648 2197 nullis
672 2167 792 2196 innixae
813 2166 1026 2196 fundamentis.
1068 2166 1133 2194 Cfr.
1160 2166 1309 2193 Rosen·

207 2229 372 2262 muller,
394 2226 570 2254 Historisck
594 2226 698 2261 bowijs
719 2232 777 2255 etc.
797 2232 864 2261 pag.
888 2234 952 2254 122·
985 2231 1014 2251 et
1043 2221 1310 2257 Tzschirner,

207 2285 276 2313 fall
296 2285 343 2311 des
367 2283 482 2317 Heia„
503 2290 569 2317 pag.
593 2289 641 2318 27.
696 2304 699 2307 f
