1502 2767
399 173 1001 221 ·THEOLOGICA.
1211 182 1257 220 75

144 287 249 338 gio'ni
281 286 459 334 subesse,
487 285 655 334 singulae
678 292 807 333 gentes
830 283 986 324 Christo
1010 293 1147 321 nomen
1173 281 1259 321 dare

143 357 457 406 aii‘in'religione
480 357 672 394 unanimes
699 367 740 393 ac
768 356 973 393 concordes
999 365 1120 404 esse,
1136 354 1260 392 clerici

143 426 265 468 tamen
281 456 294 476 ,
311 427 378 475 qui
396 427 479 465 lites
494 427 642 464 solvant
655 454 668 472 ,
684 437 761 463 non
775 425 1042 474 cupiditatibus
1063 425 1186 472 pravis
1209 426 1266 462 in-

145 499 298 548 dulgere
325 508 449 546 neque
474 508 593 536 errare
615 497 653 534 in
669 498 896 546 judicand03
927 497 990 534 sed
1014 507 1170 544 quanam
1195 504 1265 544 po·

146 577 280 608 testate
295 577 374 606 tum
388 567 578 608 suffulciat
593 567 747 605 ecclesia
762 579 867 606 suam
891 566 1149 606 auctoritatem
1164 595 1176 614 ‚
1192 565 1266 604 nisi
1291 584 1293 586 ·

147 640 189 679 vi
201 648 237 678 et
248 639 390 677 armis?
408 639 505 677 Nam
532 650 639 677 secus
663 640 742 688 ejus
767 639 960 676 interdicta
976 639 1130 687 acJ‘ussa
1151 644 1168 685 ‚¹
1179 645 1272 675 teste

151 710 275 748 medio
289 721 380 748 aevo
396 737 410 757 ‚
439 709 544 758 parvi
568 708 694 746 forent
715 709 849 746 valoris
875 708 912 745 in
937 708 1204 745 remotissimas
1218 720 1274 746 re-

155 776 302 831 giones.
329 779 412 820 Pari
434 780 577 818 ratione
597 787 654 817 est
673 779 911 828 judicandum
927 778 971 815 de
984 778 1049 816 illo
1062 778 1249 816 tribunali
1262 806 1276 826 ‚

116 846 120 853 “
152 852 393 903 c‘u‘jusjudex
418 851 577 898 quisque
591 878 605 897 ‚
621 849 724 896 quod
747 860 875 887 verum
898 857 954 886 est
962 850 1181 898 J‘ustumque
1195 849 1276 895 ‚in-

154 923 296 972 telligat
307 932 323 969 3,
336 931 372 960 et
382 922 454 970 ipsi
465 921 608 970 Judices
622 920 660 957 in
669 919 869 969 judicando
883 914 1117 957 consentiant
1130 947 1143 967 ‚
1157 927 1193 957 et
1204 931 1275 968 po=

154 994 238 1043 puli
264 992 434 1040 singuli,
457 990 560 1038 quod
585 1001 713 1028 verum
735 990 981 1038 Justumque,
1009 990 1130 1028 eadem
1155 998 1278 1028 mente

155 1074 200 1101 ac
226 1062 350 1100 animo
377 1061 583 1110 percipiant
607 1072 648 1098 ac
678 1061 960 1108 amplectantur.
996 1059 1101 1098 Talis
1124 1072 1281 1098 concor-

157 1132 218 1171 dia
229 1132 268 1170 in
281 1132 522 1180 percipiendo
534 1159 546 1179 ,
565 1130 765 1179 cogitando
779 1158 793 1178 ‚
813 1130 1012 1180 judicando
1027 1160 1039 1178 ‚
1068 1131 1106 1168 in
1119 1132 1280 1169 sentien-

159 1203 209 1242 do
228 1214 269 1241 ac
282 1203 444 1241 volendo
463 1213 544 1240 raro
555 1201 699 1239 obtinet
716 1201 812 1238 inter
836 1201 946 1238 unius
962 1202 1098 1239 domus
1114 1213 1152 1239 ac
1172 1200 1280 1240 fami-

160 1273 230 1312 liae
251 1273 377 1312 socios
391 1301 404 1319 ‚
433 1271 499 1319 qui
520 1272 648 1321 majori
663 1271 798 1309 amoris
813 1272 924 1320 gradu
941 1273 1131 1320 copulati3
1161 1273 1279 1311 rarius

159 1344 258 1383 inter
287 1343 449 1393 eJusdem
480 1341 646 1391 regionis
677 1342 804 1389 cives,
845 1341 984 1389 quibus
1018 1344 1132 1381 multa
1168 1355 1283 1393 prop-

160 1411 227 1453 ter'
242 1414 499 1452 necessitatem
516 1441 528 1459 ,
542 1412 849 1451 consuetudinem
863 1441 876 1460 ‚
892 1411 1171 1451 familiaritatem
1190 1414 1286 1452 inter

162 1496 204 1523 se
229 1484 438 1522 communia
452 1496 465 1532 3
495 1483 681 1521 rarissime
705 1494 793 1521 sane
816 1484 912 1520 inter
933 1485 1059 1532 plures
1086 1484 1282 1533 civitates,

162 1554 301 1603 quibus
337 1554 445 1602 plura
473 1553 645 1600 diversa,
675 1553 814 1600 quibus
838 1564 967 1601 magna
991 1555 1280 1604 dissimilitud03

163 1635 353 1673 nunquam
380 1624 489 1673 plane
519 1623 614 1661 inter
649 1635 779 1662 omnes
806 1624 931 1662 ubivis
960 1633 1136 1665 terrarum
1163 1627 1286 1666 homi-

164 1706 254 1742 nes,
282 1705 441 1743 quorum
464 1702 527 1745 ¹tot
554 1705 710 1742 sensus,
738 1702 832 1742 quot
863 1694 998 1743 capita.

220 1764 277 1813 3⁰.
304 1764 478 1803 Tertium
520 1765 664 1803 tandem
701 1764 887 1812 reliquum
939 1774 1020 1811 est,
1072 1769 1174 1814 quod
1212 1770 1287 1806 siva

167 1836 348 1886 politica,
377 1847 470 1883 quae
499 1835 634 1874 dicitur
649 1846 669 1882 ‚‘
688 1837 762 1874 sive
794 1835 944 1873 moralis
977 1836 1144 1875 conditio
1185 1837 1288 1886 prin-

166 1906 270 1955 cipes
303 1917 343 1943 ae
383 1914 509 1953 gentes
549 1906 727 1944 suadeant
761 1907 804 1944 de
842 1906 941 1944 bello
979 1906 1172 1956 fugiendo.
1224 1929 1278 1939 -

168 1978 227 2017 Ut
254 1986 373 2015 autem
407 1976 468 2014 illa
493 1976 684 2014 civitatum
719 1977 812 2014 ratio
845 1976 998 2025 politica
1020 1977 1198 2024 exsistatg,
1226 1980 1288 2017 νεῖ

170 2058 298 2085 omnes
332 2047 472 2094 aequali
497 2048 675 2095 gaudeant
705 2057 916 2096 potestate,
945 2060 1067 2095 neque
1100 2049 1166 2088 alia
1196 2062 1283 2088 cum

168 2117 236 2155 alia
275 2128 356 2154 sese
389 2117 426 2153 in
451 2116 538 2154 alias
566 2118 791 2166 conjungat,
832 2119 894 2156 vel
928 2119 1127 2157 sublimior
1151 2130 1282 2169 potes-

169 2194 225 2224 tas
246 2197 382 2225 ceteras
404 2187 581 2225 deterreat
601 2188 646 2225 ab
671 2188 780 2225 armis
796 2216 808 2235 ‚
836 2189 941 2226 valde
959 2200 1109 2227 necesse
1120 2201 1190 2228 est.
1221 2192 1282 2230 Ex

173 2269 249 2306 quo
273 2258 432 2296 consilio
467 2268 546 2297 tum
584 2267 751 2298 accurate
781 2257 961 2298 variarum
994 2260 1158 2308 gentium
1184 2262 1280 2300 vires

1214 2333 1275 2369 de-
