1507 2876
279 213 333 253 18
437 208 526 252 ΤΗ.
543 207 596 252 G.
626 218 729 250 vm
753 203 932 248 Lurrfl
959 219 1022 247 m:
1044 172 1243 251 ‘JEUDE

281 341 358 397 qui·
394 340 603 383 miretur?
692 336 790 380 Fuit
835 335 992 395 quippe
1013 334 1017 335 ⁷
1037 335 1179 394 aeque
1211 337 1399 384 sincerus

282 418 464 470 amicus,
482 417 549 457 (¹2)
573 429 624 458 ac
650 413 933 457 fidelissimum
955 414 1175 473 conjugem
1201 429 1253 459 se,
1270 429 1403 474 pra-e-

281 493 372 537 huit
408 500 449 537 et
485 491 811 536 amantissimum
849 489 1026 549 patrem.
1127 492 1402 551 Quantopere

284 570 391 614 enim
423 567 614 612 literariis
653 574 754 610 natu
785 566 955 612 maximi
993 568 1089 612 Filii
1118 569 1268 613 Petri
1308 568 1404 613 lau-

282 647 405 690 dibus
446 640 844 689 delectabaturuffl)
877 652 1138 704 quantopere
1167 646 1402 704 gaudebat,

282 737 401 766 suum
433 720 742 764 Gerardum
774 722 827 764 ad
857 722 1063 780 ampliora
1089 730 1283 767 vocatum
1314 737 1405 768 esse

288 799 442 843 stadia!
465 798 533 838 (14)
586 806 785 855 quantum
828 799 1059 844 dOmestica
1096 800 1192 844 Filii
1232 801 1406 846 Dide·-

282 877 390 920 rici
438 877 632 921 felicitate
666 877 927 921 laetabatur!
972 878 1018 921 in
1062 878 1180 936 cujus
1220 878 1405 932 familia,

281 968 366 997 una
393 967 487 997 cum
513 953 730 998 carissima
751 953 960 1013 Conjuge,
990 954 1261 999 hibernarum
1282 957 1406 1000 etiam

283 1031 481 1076 feriarum
534 1024 702 1090 tempus
751 1031 1009 1089 transigebat
1026 1063 1039 1085 ‚
1101 1047 1231 1089 quum
1273 1032 1404 1076 eheu!

281 1115 418 1153 morte
463 1107 704 1168 inopinata,
760 1108 925 1163 Uxori,
974 1107 1165 1164 Liberis,
1217 1109 1406 1165 Amicis,

283 1185 560 1240 Academiae,
591 1185 760 1230 Patriae
794 1193 963 1246 ereptus
991 1185 1082 1232 fuit.

341 1263 547 1321 Lugemus
587 1262 761 1319 Virum,
812 1270 934 1308 tanto
982 1263 1154 1322 ingenio
1203 1270 1407 1322 tantaque

283 1340 496 1398 probitate
526 1339 731 1399 insignem
748 1373 762 1394 ‚
804 1341 878 1398 qui
909 1355 934 1385 a
970 1340 1055 1385 suis
1084 1340 1308 1400 tantopere
1337 1341 1407 1385 lu-

285 1424 431 1474 getur,
464 1424 505 1461 et
539 1417 657 1475 cujus
686 1417 936 1462 desiderium
969 1425 1114 1463 nostra
1151 1417 1405 1473 Academia,

285 1493 371 1537 imo
410 1501 499 1538 tota
528 1495 670 1539 Patria
711 1494 782 1539 diu
816 1493 988 1540 sentiet!
1049 1494 1137 1539 Sed
1167 1494 1251 1539 hoc
1280 1495 1406 1540 nobis

288 1571 480 1615 solatium
521 1572 601 1625 sit,
647 1587 670 1617 e
711 1571 928 1630 Religione
967 1571 1230 1626 Christiana,
1278 1586 1406 1630 quam

287 1655 407 1693 tanto
459 1649 612 1694 ardore
651 1648 742 1709 ipse
788 1648 1070 1708 praedicavit,
1115 1648 1317 1708 petitum,
1361 1649 1407 1693 in

289 1725 499 1771 Coelestes
536 1742 628 1771 eum
666 1727 905 1771 traductum
937 1741 1027 1771 esse
1061 1725 1219 1779 Sedes,
1247 1727 1323 1771 ubi
1349 1727 1406 1771 ab

290 1803 414 1860 hujus
453 1804 560 1849 vitae
594 1805 802 1849 aerumnis
831 1804 875 1848 in
904 1811 1154 1864 perpetuum
1182 1805 1406 1860 liberatus,-

292 1880 473 1925 maxima
503 1881 664 1926 fruatur
690 1880 976 1926 beatitudine!

351 2193 532 2253 Ereptus
590 2194 714 2239 nobis
771 2202 833 2239 est
884 2192 1266 2253 praestantissimus
1320 2191 1352 2238 S
1368 2194 1410 2238 i-

292 2286 472 2326 mons,
514 2271 590 2317 sed
628 2271 1001 2318 mon‘nmenta‘sui
1033 2270 1219 2330 ingenii,
1263 2269 1407 2315 uti-in
