1507 2876
227 228 285 270 30
373 226 462 270 ΤΗ.
480 225 534 268 G.
561 231 667 268 vA‘N
695 219 876 266 LIDTH
901 234 965 264 ΒΕ
991 219 1182 267 JEUDE

225 353 362 399 Veluti
397 350 486 405 ille,
535 349 650 407 cujus
688 347 1012 406 disputationem
1052 348 1187 408 priori
1226 350 1344 394 exet-'-

224 430 401 475 tavimus
446 429 566 480 loco,
608 426 757 482 cuique
799 425 1134 471 Grotianum
1186 426 1345 472 dictum

224 505 402 565 placuit,
441 505 686 563 plerumque
713 515 848 560 pur0,
890 503 1123 558 concinno,
1166 518 1344 563 presso,

225 590 376 636 acuto,
405 580 520 638 quod
550 585 715 623 secutus
744 585 832 633 est,
862 579 1029 624 dicendi
1066 595 1216 640 genere
1253 581 1346 626 leo-

222 666 361 703 torem
396 664 533 710 tenet,
564 655 728 712 sibique
759 656 978 711 conciliat,
1011 664 1077 711 et,
1108 657 1225 715 quod
1259 657 1347 703 im-

223 734 371 794 primis
406 732 703 777 attendendum
740 738 832 786 e'st,
870 748 949 792 per
994 734 1116 778 allata
1154 735 1348 780 luculen-

221 812 332 856 tiora
385 809 582 854 historiae
627 809 864 854 testimonia
913 810 1083 867 reliquis
1138 811 1348 856 antecellit

224 893 404 945 quatuor
445 885 737 944 scriptoribus.
839 885 926 931 Sed
973 886 1178 946 integrior
1221 888 1346 933 etiam

221 962 581 1023 praestantissimo
631 962 769 1020 juveni
822 962 929 1007 haec
971 964 1061 1008 laus
1105 963 1278 1020 fuisset,
1310 964 1348 1010 si

221 1048 354 1085 totam
386 1039 626 1099 scriptionis
661 1039 875 1084 materiem
912 1047 1000 1084 tam
1032 1039 1237 1085 subtiliter
1268 1055 1349 1086 ex-

221 1105 458 1177 plicuisset,
499 1132 627 1174 quam
670 1115 738 1162 ille
789 1117 888 1161 fecit
927 1117 1117 1176 egregius
1167 1124 1346 1173 auctor,

221 1195 341 1254 cujus
383 1194 735 1254 disputationem,
766 1201 984 1253 postremo
1021 1210 1047 1239 a
1086 1194 1212 1239 nobis
1251 1185 1347 1239 me-

221 1279 454 1325 moratam,
485 1270 863 1316 Tzschirneri
901 1270 1077 1316 effatum
1107 1278 1231 1316 ornat
1254 1271 1346 1316 dis-

221 1348 470 1408 tinguitquc.
529 1348 609 1392 Hic
643 1348 776 1402 enim,
824 1347 1064 1393 felicissimo
1100 1349 1347 1408 plerumque

224 1440 442 1480 successu,
486 1439 784 1483 quaecunque,
829 1425 912 1469 huc
956 1425 1218 1485 spectantia,
1260 1425 1348 1470 sive

223 1503 415 1550 universa
442 1518 515 1547 seu
541 1502 789 1562 singularia,
819 1503 940 1562 ponit
964 1510 1035 1547 aut
1065 1503 1189 1548 docet
1215 1502 1346 1547 Ethi-

225 1594 277 1625 ca
316 1579 575 1634 Christiana,
633 1580 739 1625 haec
789 1580 931 1624 animo
980 1580 1224 1639 complecti,
1280 1585 1346 1634 et,

225 1660 359 1703 facem
403 1658 526 1702 etiam
577 1659 840 1716 praeferente
884 1657 1083 1711 historia,
1117 1657 1348 1716 scriptione

226 1737 434 1795 explicare
467 1744 643 1781 conatus
678 1743 755 1781 est.
857 1736 985 1793 Quod
1026 1734 1062 1779 si
1100 1735 1272 1794 puriore
1306 1742 1348 1781 et

228 1813 494 1858 concinniore
531 1813 719 1858 oratione
753 1813 882 1858 latina
922 1813 1168 1871 consignata
1202 1812 1349 1858 fuisset

226 1891 369 1935 ultima
398 1891 504 1935 haec
538 1877 790 1951 disputatio,
821 1890 1118 1947 nonnullisque
1148 1889 1350 1936 caruisset

227 1968 578 2027 digressionibus,
633 1968 858 2027 ingeniosis
900 1967 1069 2026 quidem
1103 1965 1211 2021 illis,
1271 1968 1347 2013 sed

230 2059 324 2090 cum
362 2045 572 2104 praesenti
611 2045 786 2090 consilio
831 2059 918 2089 non
966 2044 1345 2102 conjunctissimis,

231 2136 341 2167 nova
380 2122 468 2167 sine
504 2122 634 2166 dubio
667 2121 949 2181 praestantiae
985 2121 1063 2165 dos
1101 2121 1159 2165 illi
1199 2135 1349 2167 acces-

231 2199 365 2244 sisset.
427 2199 489 2246 Ut
519 2211 630 2242 nunc
664 2213 754 2243 sese
790 2215 857 2244 res
896 2199 1103 2251 habebat,
1146 2212 1240 2242 cum
1275 2199 1347 2244 hi,

231 2290 311 2322 nae
331 2276 425 2322 illae
449 2274 776 2336 disputationes,
807 2290 913 2332 quas
937 2282 1130 2333 quartam
1155 2283 1196 2320 et
1220 2276 1349 2334 quin-
