1564 2750
74 203 173 237 sectio
182 204 223 232 ll.
239 197 272 238 ᾗ.
285 208 316 234 3·

329 146 374 181 82
572 132 1236 180 COMMENTATIO

332 255 394 292 τοῦ
427 250 696 298 σχεδιαζόντων.
748 245 873 294 Hujus
903 243 955 281 rei
990 243 1214 281 contrarium
1251 241 1439 280 invenitur

333 319 432 365 apud
451 317 712 357 philostratum
728 317 797 364 (ι)
813 342 826 359 ,
854 321 1116 350 memorantem
1143 313 1346 350 nonnullos
1362 323 1443 350 ora-

335 396 434 424 tores
458 384 722 433 extemporalis
746 382 924 420 orationis
947 381 1072 420 fontes
1094 394 1113 420 a
1129 381 1267 420 Pericle
1284 383 1444 421 derivas-

336 468 390 495 se.
433 456 573 493 Verum
601 453 789 501 posterior
810 453 899 489 haec
936 450 1096 489 narratio
1127 450 1345 489 confutatur
1371 453 1447 490 De-

337 523 544 562 mosthenis
581 521 799 560 auctoritate
815 549 828 568 ,
855 520 919 569 qui
942 533 962 558 a
990 519 1187 558 Plutarcho
1214 522 1286 571 (2)
1310 520 1447 559 dicitur

340 596 379 631 in
402 593 540 632 Pericle
565 590 767 640 probasse:
795 593 836 631 τὸ
854 593 904 639 μὴ
926 592 1068 639 ταχέως
1090 592 1178 638 μηδὲ
1204 592 1282 639 περὶ
1316 593 1449 634 παντὸς

339 668 379 704 ἐκ
397 667 458 704 τοῦ
483 663 746 711 παρισταμένου
769 663 903 708 λέγειν.
946 660 1082 707 Neque
1103 671 1144 696 ea
1177 660 1293 708 magis
1316 671 1452 698 conve-

341 733 398 770 nit
431 743 515 769 cum
556 731 631 776 iis,
683 741 776 778 quae
809 731 855 768 de
885 727 1171 777 prudentissima
1209 728 1294 766 Viri
1322 728 1447 768 indole

344 801 452 839 nobis
484 809 573 842 sunt
604 799 780 848 cognita,
822 799 887 847 qui
917 800 1021 837 Deos
1055 809 1159 852 orare
1193 797 1365 846 solebat,
1402 809 1452 836 ne

346 873 438 919 quid
465 871 538 909 sibi
565 871 775 916 excideret,
803 869 906 916 quod
928 868 1078 916 Populo
1112 867 1339 916 displiceret.
1380 868 1458 904 Ve-

346 955 425 980 rum
445 969 458 988 ,
485 950 527 979 ut
540 939 728 979 Plutarchi
755 938 878 976 verbis
906 947 1016 985 utar,
1042 941 1163 978 ταῦτα
1185 940 1251 986 μὲν
1271 938 1352 983 ἴσως
1379 939 1455 979 ἐτέ-

351 1029 411 1061 ρας
437 1013 528 1060 δόξει
561 1011 818 1059 πραγματείας
852 1008 939 1049 εἶναι
966 1007 1049 1057 (3).

363 1116 367 1120 .
401 1081 473 1120 Sed
502 1090 543 1118 ut
571 1082 672 1118 hisce
689 1107 702 1127 ‚
727 1077 863 1127 quibus
890 1079 995 1126 plura
1023 1077 1104 1115 addi
1131 1085 1354 1125 potuerant,
1381 1086 1462 1116 tan-

352 1154 433 1190 dem
448 1150 531 1189 finis
552 1150 763 1197 imponatur
776 1176 790 1195 ,
819 1147 858 1185 in
879 1158 952 1184 una
964 1147 1222 1185 observatione
1236 1147 1460 1187 subsistam:

351 1220 641 1259 Demosthenem
657 1246 669 1264 ‚
695 1217 869 1255 nimirum
882 1244 894 1263 ‚
910 1216 1113 1264 principem
1124 1217 1238 1270 illum
1258 1218 1462 1256 Athenien-

351 1289 449 1327 sium
458 1288 640 1326 ‘oratorem
656 1315 669 1333 ‚
682 1287 858 1325 Periclem
870 1287 943 1324 sibi
953 1287 1167 1325 imitandum
1181 1287 1360 1326 sumsisse
1369 1288 1438 1339 (4)
1449 1301 1462 1337 3

353 1369 545 1406 quumque
559 1357 756 1405 aliquando
781 1356 926 1406 abjecto
939 1365 1037 1395 esset
1059 1357 1183 1396 animo
1197 1386 1210 1405 ,
1222 1358 1315 1396 hanc
1328 1369 1466 1396 conso-

353 1427 525 1467 lationem
561 1437 606 1464 ex
632 1425 809 1464 Eunomo
839 1435 927 1463 sene
947 1425 1156 1465 audivisse:
1185 1426 1258 1464 sibi
1281 1438 1358 1466 non
1383 1439 1466 1467 esse

357 1497 651 1546 desperandum,
685 1505 720 1533 et
747 1495 941 1532 timiditate
978 1503 1118 1534 tantum
1151 1496 1340 1544 prohiberi
1375 1510 1470 1546 quo·

361 1568 484 1608 minus
517 1566 647 1605 Pericli
667 1577 734 1615 par
758 1565 861 1603 fieret
884 1566 1094 1612 eloquentia
1120 1566 1203 1615 (5).
1237 1567 1360 1606 Etiam
1381 1560 1470 1618 pos-

359 1638 504 1676 terioris
527 1636 606 1675 aevi
632 1637 893 1675 declamatores
907 1663 921 1681 ‚
952 1635 1017 1673 ubi
1035 1648 1221 1675 summum
1243 1637 1282 1676 in
1293 1639 1473 1687 eloquen-

360 1708 409 1745 tia
438 1707 652 1756 spectabant
666 1734 679 1754 ,
694 1707 864 1744 solebant
881 1705 1021 1744 dicere:
1036 1709 1163 1746 vincat
1188 1707 1369 1748 Periclem
1383 1710 1469 1760 (6).

398 1863 450 1899 (ι)
472 1863 506 1890 ln
522 1861 585 1890 vita
608 1860 753 1896 sophistt.
773 1862 912 1891 Prodem.
928 1869 960 1896 p.
980 1865 1046 1898 431.
1069 1869 1113 1896 sq.

401 1920 455 1954 (2)
475 1920 508 1947 ln
530 1918 687 1946 Demosth.
710 1924 778 1952 cap.
800 1925 829 1952 9.
852 1925 882 1952 p.
907 1922 974 1951 350.
994 1918 1033 1946 A.

400 1976 453 2013 (3)
473 1977 504 2003 In
527 1974 624 2004 Peric.
645 1981 709 2008 cap>
731 1981 778 2008 39.
797 1982 828 2009 p.
856 1981 920 2008 173.
944 1974 981 2002 E.

402 2032 615 2070 (4)‘Hermog.
653 2032 690 2059 de
723 2030 828 2059 formis
862 2032 945 2059 Orat.
984 2031 1055 2061 Lib.
1094 2031 1137 2060 11.
1173 2039 1241 2067 cap.
1272 2041 1301 2068 9.
1333 2041 1361 2068 p.
1403 2039 1470 2068 312.

368 2094 476 2120 sturm.
500 2089 593 2117 Conf.
613 2089 692 2118 Plut.
715 2087 746 2115 in
768 2088 928 2116 Demosth.
951 2096 1019 2124 cap.
1045 2097 1091 2122 13·
1114 2096 1144 2124 p.
1167 2092 1233 2123 352.
1253 2090 1286 2118 Β.
1425 2087 1427 2090 ’

403 2147 454 2183 (5)
475 2147 554 2174 Plut.
574 2144 607 2173 in
623 2145 710 2172 Dem.
731 2145 766 2173 11.
784 2151 830 2173 cc.
856 2151 885 2172 et
902 2152 969 2180 cap.
994 2146 1023 2174 6.
1043 2152 1075 2179 p.
1099 2148 1164 2182 848.
1179 2145 1209 2173 F.

406 2203 458 2241 (6)
480 2202 596 2232 mmor,
616 2209 649 2236 p.
672 2204 739 2239 284.

1376 2258 1412 2304 §-
1439 2270 1477 2305 4.
