1477 2725
220 154 293 200 176
375 151 631 191 COMM.
686 151 1199 200 LITERARIA,

217 261 473 300 Doctissirnus
494 261 662 299 Kunisch
677 294 688 310 ‚
706 262 916 301 Germanus
937 263 1118 301 Pericleae
1131 290 1144 309 ‚
1164 274 1185 300 a
1198 263 1341 301 Plutar-

219 332 292 371 cho
313 332 544 380 conscriptae
562 360 574 377 ‚
595 331 690 369 vitae
717 332 901 380 Interpres
915 361 928 379 ‚
945 342 1071 370 monet
1096 334 1224 379 lupum
1249 332 1336 369 ahe-

221 412 331 439 neum
366 402 412 439 de
450 413 526 449 quo
551 403 610 439 hic
644 414 764 440 sermo
798 412 880 450 est,
919 404 1073 441 eundem
1105 414 1187 441 esse
1222 413 1332 450 quem

215 483 236 510 a
262 471 441 511 Pausania
472 481 711 510 memoratum
739 473 822 520 (ι).

272 638 359 677 obs.
386 639 472 677 XX.
502 638 703 676 Clintonus
733 638 825 675 hanc
846 637 1081 676 Coronensem
1112 635 1252 674 cladem
1279 648 1336 674 re·

219 709 304 746 tulit
340 709 385 746 ad
422 708 626 747 Archontis
658 707 904 746 Timarchidis
933 718 1094 751 annum,
1131 707 1336 745 secundum

218 778 379 817 Diodori
421 779 713 827 testimoniumt,
769 789 883 825 porro
922 789 942 814 e
989 776 1175 815 Plutarchi
1213 775 1337 814 verbis

219 851 327 890 οὐδενὶ
353 851 458 899 καίρῳ
485 858 521 886 et
545 848 677 886 deinde
699 850 894 897 ἀναμείναις
917 848 1039 897 χρόνον
1065 846 1205 884 efficere
1232 845 1334 884 vide·

219 928 310 966 tur,
346 921 439 957 hanc
467 919 606 957 cladem
637 919 675 955 in
699 928 900 955 auctumno
936 917 1137 955 accidisse:
1181 915 1341 965 subjun-

221 989 304 1038 git,
342 991 586 1028 Euboeenses
619 990 742 1027 decem
779 999 923 1026 menses
962 996 1092 1035 postea
1128 985 1336 1034 defecisse,

221 1069 346 1096 mense
373 1059 689 1104 Anthesterione,
718 1067 850 1095 nostro
885 1056 1088 1095 Februario
1115 1057 1340 1094 convenien-

222 1136 275 1167 te.
327 1128 434 1177 Quae
459 1128 699 1174 computandi
736 1127 828 1164 ratio
863 1139 939 1165 eam
969 1128 1017 1164 ob
1059 1138 1205 1165 causam
1238 1138 1339 1164 erro-

221 1197 273 1236 ris
314 1197 418 1245 argui
446 1198 605 1245 poterit,
643 1198 772 1242 quod,
813 1197 844 1233 si
871 1196 1029 1243 priorem
1067 1198 1243 1233 rationem
1283 1207 1341 1233 se-

223 1278 407 1315 quamur,
442 1276 520 1302 non
544 1265 694 1302 ineunte
723 1276 810 1302 vere
831 1265 915 1302 anni
939 1275 1041 1313 445,
1070 1277 1196 1302 verum
1221 1265 1339 1303 media

222 1344 386 1382 aestate,
423 1335 519 1372 anni.
542 1337 618 1382 446
651 1334 808 1372 Euboea
826 1334 1028 1383 defecerit3
1069 1336 1100 1373 si
1133 1348 1220 1373 vero
1248 1348 1342 1384 pos-

227 1405 397 1443 teriorem
414 1433 425 1450 ‚
448 1405 631 1441 'i'olrnidis
659 1406 779 1442 clades
805 1405 992 1452 Aprilium
1020 1417 1143 1443 mense
1169 1408 1339 1453 ponenda

227 1474 290 1512 sit.
340 1475 472 1521 anue
509 1474 696 1521 posterior
715 1476 955 1522 computandi
989 1478 1081 1513 ratio
1110 1477 1199 1513 mihi
1222 1478 1338 1525 magis

225 1546 473 1593 piacet31icet
499 1555 574 1581 non
598 1554 723 1592 putem
739 1572 753 1591 ‚
782 1546 906 1582 decern
934 1546 1115 1582 mensium
1143 1548 1260 1584 ullum
1284 1548 1340 1585 in-

224 1615 360 1652 dicium
385 1614 484 1661 apud
508 1623 651 1652 veteres
674 1615 875 1661 scriptores
891 1615 1062 1653 inveniri.
1094 1617 1254 1655 Constat
1276 1619 1342 1656 Pe·

224 1685 347 1722 ricletn
370 1685 441 1733 jam
471 1694 610 1721 mature
636 1685 673 1721 in
697 1684 891 1722 Euboeam
919 1685 1110 1722 transiisse
1129 1695 1193 1732 ‚ut
1211 1698 1256 1724 ex
1276 1699 1341 1725 ve-

225 1766 268 1792 ro
293 1766 377 1792 curn
401 1755 581 1792 Clintono
608 1754 795 1792 videamur
821 1754 999 1799 statueri,
1036 1756 1128 1793 hanc
1164 1756 1341 1796 defectio-

225 1836 309 1863 nem
338 1824 490 1861 ineunte
523 1835 607 1861 vere
631 1825 716 1861 anni
746 1835 822 1872 445
846 1827 1051 1872 ponendam
1078 1839 1185 1875 esse3
1215 1838 1341 1868 secuta

227 1895 322 1933 enim
351 1904 440 1932 sunt
472 1894 683 1931 tricennalia
711 1894 886 1940 foedera,
930 1907 1088 1942 quorum
1112 1909 1207 1935 anno
1244 1899 1344 1937 deci-

229 1976 290 2002 mo
332 1965 464 2013 quinto
502 1961 991 2012 Peloponnesium‘bellum
1034 1968 1168 2006 exarsit
1205 1972 1254 2007 A.
1288 1972 1338 2010 C.

1256 2052 1346 2089 431·

277 2157 328 2194 (ι)
351 2158 419 2188 Lib.
440 2160 474 2189 X.
494 2167 562 2195 cap.
586 2167 633 2195 14.
652 2157 681 2198 ξ.
703 2170 733 2199 4.
