1502 2767
191 156 238 192 88
410 148 1073 192 coMMENTAT10

193 262 317 306 terea.
354 272 465 310 quam
503 260 632 309 paucis
657 268 794 297 reserat
831 257 1071 308 philosophia
1104 267 1213 295 suum
1240 268 1301 295 sa-

194 331 352 370 crarium
378 330 632 379 permittitque
656 329 808 367 introire
833 329 918 377 (1).
946 328 985 367 Si
1000 327 1095 366 enim
1110 326 1219 365 hodie
1245 327 1302 364 in-

193 412 250 440 ter
286 411 414 439 omnes
455 400 545 437 varii
574 397 716 447 generis
755 398 948 446 homines,
1000 398 1092 435 inter
1127 396 1303 445 patricios

194 481 231 510 et
250 471 416 521 plebeios
433 498 446 517 ‚
487 470 584 507 inter
609 468 740 506 divites
763 476 800 505 et
826 479 1031 516 pauperes,
1052 466 1161 504 altior
1185 467 1305 504 virtus

194 553 236 580 ac
269 540 535 579 emendatiores
568 550 689 577 mores
718 537 882 576 habitare
913 550 932 575 a
958 538 1068 576 nobis
1093 536 1305 584 intelligun-

196 619 286 656 tur,
312 621 426 657 ,quam
453 609 518 646 illo
545 619 736 656 tempore,
768 620 852 646 curn
888 609 1052 646 nondum
1090 607 1303 656 religionem

195 680 457 728 profiterentur
471 679 718 717 Christianam
737 689 779 725 ;e
795 687 956 724 quonam
975 677 1088 725 igitur
1101 677 1206 715 fonte
1218 678 1306 715 haec

196 751 347 788 meliora
369 758 531 788 emanata
557 750 632 788 sint
653 776 666 796 ‚
703 748 778 786 nisi
813 759 858 785 ex
895 749 974 796 ipsa
1000 747 1061 785 illa
1096 747 1305 796 religione?

194 819 297 857 Haec
343 829 430 856 sane
470 819 652 866 praeclara
698 816 829 865 religio
869 816 1010 854 utinam
1057 816 1168 854 nobis
1212 816 1309 854 adsit

195 896 376 936 perpetua
401 891 565 936 gentium
581 887 804 925 emendatrix
826 884 1054 933 virtutisque
1079 885 1308 924 sublimioris

196 956 363 995 effectrix
394 957 489 1006 (2)!

244 1041 284 1076 4.
313 1028 389 1066 Pro
432 1028 656 1078 profectiori
682 1040 728 1065 ac
775 1029 928 1078 puriori
961 1027 1152 1076 religionis
1183 1025 1312 1065 Chris·

196 1102 324 1137 tianae
351 1099 555 1149 cognitione
580 1106 616 1135 et
648 1097 815 1146 majori,
843 1109 955 1147 quam
982 1098 1016 1133 ei
1037 1096 1171 1134 habent
1187 1094 1309 1143 ‚fid⁶‚

190 1171 449 1219 praestantior
483 1180 529 1205 ac
560 1167 770 1205 salutarior
806 1168 910 1204 cerni
940 1174 1059 1217 potest
1084 1166 1160 1215 ejus
1197 1167 1252 1203 vis
1273 1173 1309 1206 ct

198 1239 410 1289 efficacitas·-

247 1306 424 1354 Plurimi,
441 1304 588 1344 Christi
601 1315 736 1342 nomen
752 1303 937 1353 professi,
952 1305 1044 1342 eheu
1057 1305 1207 1342 nomine
1228 1313 1310 1343 tan*-

200 1386 278 1415 tum
318 1386 394 1414 non
421 1375 543 1412 animo
570 1387 611 1413 ac
638 1374 745 1412 factis
766 1374 999 1422 Christiani,
1037 1384 1100 1413 aut
1125 1376 1277 1413 fuerunt
1294 1401 1308 1420 ,

197 1456 262 1485 aut
287 1456 374 1485 sunt
389 1445 589 1493 hodieque.
616 1463 670 1472 —
695 1445 838 1493 Sponte
867 1444 1106 1493 intelligitur:
1133 1444 1305 1483 homines

196 1529 316 1565 neque
328 1517 530 1555 secundum
556 1526 720 1553 normam
735 1542 747 1561 ‚
764 1526 873 1562 quam
897 1517 1094 1562 ignorant,
1122 1515 1235 1552 vitam
1249 1514 1304 1553 in-

195 1587 348 1625 stituere
362 1598 473 1635 posse
485 1613 497 1632 .,
515 1596 636 1632 neque
652 1596 696 1622 ex
717 1595 844 1622 eorum
859 1585 981 1621 animo
994 1612 1005 1630 ‚
1024 1584 1088 1632 qui
1107 1585 1303 1624 estsimilis

199 1656 317 1695 fontis
344 1656 505 1704 impuri,
533 1666 625 1703 pura
641 1665 681 1691 ac
707 1653 847 1692 sincera
873 1651 968 1691 facta
988 1654 1090 1692 oriri.
1121 1655 1217 1694 Sunt
1242 1667 1308 1693 au-

197 1737 296 1773 tem,
327 1726 391 1774 qui
417 1736 563 1773 parvam
600 1723 790 1771 religionis
825 1723 927 1770 vim,
962 1735 1055 1771 quae
1091 1724 1188 1771 apud
1211 1734 1307 1762 non-

197 1799 316 1835 nullas
365 1804 492 1844 gentes
509 1822 522 1840 ‚
584 1780 678 1842 q‘uae
714 1794 868 1832 Christo
923 1804 1060 1831 nomen
1099 1794 1264 1832 dederint
1289 1822 1303 1842 ,

199 1867 385 1912 cernitur,
413 1863 590 1913 obJ'iciant
613 1865 657 1901 ad
683 1863 896 1912 religionem
935 1873 1097 1901 nostram
1124 1864 1306 1903 detestan-

200 1938 296 1976 dam.
363 1936 467 1974 Male
492 1943 611 1971 autem
634 1933 825 1982 judicant3
862 1943 1021 1980 namque
1050 1933 1192 1971 tristior
1227 1945 1308 1972 mo-

1219 2015 1300 2042 rum

234 2110 286 2145 (1)
307 2110 359 2139 Cf.
378 2110 546 2144 ΜὸῙΙετ,
568 2110 630 2138 1.1.
650 2117 682 2144 p.
704 2116 772 2143 300.
797 2116 864 2144 sqq.

233 2167 286 2203 (2)
306 2167 364 2195 Cff.
388 2167 594 2202 Clarisse,
614 2167 636 2195 l.
653 2167 674 2196 1.
697 2174 730 2201 p.
751 2174 825 2202 155,
850 2165 1173 2202 ethschirner‚
1196 2165 1307 2202 Oputc.

195 2225 293 2254 dead.
312 2232 343 2259 p.
366 2225 414 2262 ⁶4·
