1502 2767
207 197 254 224 22
425 185 1088 226 COMMEN'TATIO

259 292 384 333 Video
420 296 511 334 mihi
538 303 797 341 occurrentes,
831 295 1012 343 Deusne,
1049 294 1118 343 qui
1155 294 1221 333 has
1257 304 1323 333 na-

213 372 316 402 turae
342 366 440 411 leges
470 364 652 412 imposuit
678 393 691 413 ,
730 365 816 403 belli
847 374 982 403 auctor
1019 365 1209 403 habendus
1235 373 1320 413 est,

215 433 249 471 si
307 433 477 472 homines
523 434 582 472 his
633 443 785 473 naturae
841 435 988 484 legibus
1037 446 1078 473 se
1127 435 1324 474 submitte-

216 514 256 540 re
273 503 391 541 coacti
419 504 524 543 sint?
551 504 686 553 Longe
710 504 832 544 absit:
861 506 964 544 Deus
991 517 1068 544 non
1093 514 1221 554 potest
1245 516 1322 543 non

215 573 336 621 velle,
364 582 406 611 ut
437 574 592 623 populi,
617 575 718 623 J'uste
757 584 934 624 agentes,
970 574 1108 614 finibus
1135 576 1213 614 suis
1244 585 1327 613 sese

216 642 431 681 contineant
444 671 457 690 ,
473 643 684 692 singulique
707 644 807 684 cives
824 673 837 693 ,
851 653 1124 693 quantumpote
1157 643 1325 682 omnium

216 721 462 760 promoveant
496 712 763 762 perfectionem
794 716 984 754 moralem.
1022 715 1126 753 Deus
1152 725 1222 763 pro
1259 725 1327 752 sua

219 782 486 830 omnipotentia
523 783 606 821 aliis
640 784 695 822 uti
729 793 856 833 potest
897 784 1191 834 phaenomenis,
1244 784 1331 831 qui-

218 850 291 889 bus
327 853 489 900 populos
517 852 576 891 his
605 862 755 891 naturae
778 854 924 902 legibus
950 854 1163 892 satisfacere
1187 853 1327 902 faciat3

217 929 256 959 et
288 933 400 970 penes
431 922 536 970 ipsos
565 923 735 961 homines
758 924 987 971 etiamnum,
1015 936 1131 972 quum
1161 923 1208 961 iis
1238 924 1334 962 libe»

220 1002 260 1028 re
290 991 420 1040 agendi
450 992 500 1030 sit
524 991 706 1040 facultas,
734 1002 820 1041 est,
841 1005 912 1042 pro
939 993 1062 1032 lubitu
1077 986 1215 1032 bellum
1242 994 1335 1032 inci·

218 1071 307 1109 pere
341 1063 402 1099 vel
438 1073 520 1100 sese
543 1064 589 1101 ab
617 1075 661 1101 eo
687 1063 872 1102 abstinere
889 1092 902 1112 ,
929 1072 993 1112 et,
1022 1076 1106 1102 cum
1140 1064 1333 1112 eruperit,

218 1130 381 1168 atrocius
415 1132 580 1170 leniusve
605 1133 699 1171 illud
731 1145 892 1182 genere,
920 1134 1032 1172 citius
1064 1133 1255 1173 tardiusve
1276 1134 1336 1183 ip-

217 1199 250 1237 si
289 1200 398 1238 finem
437 1201 644 1249 imponere.
699 1205 752 1242 At
785 1216 901 1251 vero,
929 1213 1129 1252 postquam
1162 1204 1331 1242 homines

218 1281 239 1307 a
265 1278 390 1317 statu,
420 1271 484 1318 qui
510 1272 672 1318 dicitur,
716 1273 958 1322 integritatis,
999 1274 1228 1321 aberrarint,
1271 1276 1333 1325 (in

220 1350 296 1387 quo
333 1340 366 1377 si
403 1341 651 1390 mansissent,
678 1353 880 1391 numquam
901 1343 1062 1382 fortasse
1083 1346 1216 1394 populi
1241 1344 1338 1383 fuis-

219 1419 304 1448 sent
336 1410 495 1459 diversi)
532 1411 668 1451 bellum
701 1413 746 1450 ab
782 1413 996 1452 hominibus
1017 1415 1216 1453 excitatum
1236 1444 1249 1462 ‚
1277 1415 1336 1464 ip-

219 1488 302 1517 sum
349 1479 441 1518 illud
453 1481 736 1529 phaenomenon
759 1494 842 1521 esse
868 1484 1042 1532 videtur,
1072 1485 1174 1533 quod
1203 1486 1336 1524 Provi-

218 1548 339 1587 dentia
372 1549 508 1588 Divina
547 1551 699 1590 adhibet
731 1562 772 1590 ut
796 1562 948 1592 naturae
985 1555 1132 1604 legibus
1159 1556 1331 1595 satisfiat.
1381 1597 1384 1598 ⁷

270 1619 458 1666 Equidem
479 1621 544 1670 (ut
581 1622 697 1660 dicam
736 1625 840 1671 quod
877 1624 1050 1673 sentio),
1082 1637 1241 1674 verens,
1284 1638 1332 1665 ne

219 1689 258 1726 in
287 1690 397 1727 hacce
432 1690 685 1740 disputatione
714 1694 905 1732 hominum
944 1695 1178 1734 rationalium
1203 1705 1336 1734 natura

220 1759 370 1796 moralis
399 1759 510 1798 nimis
529 1761 574 1799 ad
598 1771 748 1800 naturae
788 1763 888 1811 leges
925 1763 1120 1812 exigatur,
1159 1765 1258 1803 haud
1284 1765 1334 1803 ita

221 1830 379 1867 multum
424 1830 534 1878 pretii
579 1831 666 1869 huic
707 1842 924 1882 argumento
967 1834 1148 1873 tributum
1198 1834 1336 1884 velim,

223 1908 289 1936 nee
320 1906 439 1938 tamen
460 1901 564 1939 omni
583 1913 740 1950 prorsus
765 1902 803 1942 vi
825 1904 1045 1943 destitutum
1072 1915 1157 1944 esse
1183 1905 1333 1954 opinor.

1253 2324 1289 2371 ἓ·
1307 2335 1344 2372 3·
