1523 2745
393 152 936 195 ‘LITERARIm
1185 155 1234 191 Μ

127 266 247 304 dolem
284 273 319 303 et
354 264 473 303 studia
499 263 743 302 multitudinis
771 264 909 311 optime
943 268 1134 311 perspecta
1166 261 1230 298 ha·

72 380 77 382 ,
126 334 259 381 bebat‚
288 335 483 382 prudenter
511 333 682 379 curavit,
722 343 769 370 ne
805 331 913 370 facile
947 331 1095 369 libertas
1119 330 1156 368 in
1183 331 1230 367 li-

124 404 307 450 centiam,
336 403 535 450 aequalitas
563 402 600 439 in
621 401 873 450 impunitatem
901 399 1227 448 degeneraret(1).

123 473 334 512 Constituit
361 473 453 510 enim
470 501 482 518 ‚
514 472 615 519 quod
637 471 698 508 isti
723 471 773 507 rei
805 470 1046 517 provideret,
1073 468 1230 507 sanctis-

121 543 254 579 simum
282 542 479 579 concilium
510 543 767 588 Areopagum,
795 540 832 577 in
863 541 970 589 cujus
1008 539 1134 577 laudes
1165 549 1229 576 ve-

119 619 214 649 teres
253 613 321 661 (2)
359 611 527 648 lubenter
559 612 648 647 adeo
675 618 886 647 excurrunt.
952 608 1073 646 Tanta
1105 617 1226 646 autem

117 690 193 719 erat
225 682 335 729 huJ'us
371 679 517 718 concilii
546 679 742 717 auctoritas
761 707 774 725 ‚
792 687 900 716 rtanta
938 677 1156 726 integritas,
1183 684 1226 714 ut

115 749 187 788 viri
230 750 417 798 principes
454 750 597 787 summa
627 749 718 786 illud
757 749 990 787 veneratione
1036 747 1226 796 prosecuti

116 821 207 858 sint.
259 821 473 858 Pisistratus
505 829 602 857 certe
642 831 785 857 causam
813 818 866 855 ibi
890 829 995 865 agere
1019 828 1095 854 non
1120 828 1225 855 recu-

113 890 212 928 savit
235 891 302 939 (3)
327 899 363 928 et
389 890 625 936 Clisthenes,
651 890 869 938 praecipuus
895 888 956 926 ille
983 888 1224 927 democratiae

111 958 237 997 fautor
253 987 264 1006 ‚
277 960 370 997 nihil
389 960 433 997 ab
446 960 632 1008 Areopagi
653 959 820 1007 potentia
841 959 1040 996 detraxisse
1063 959 1223 997 videtur.

111 1030 165 1067 At
197 1029 355 1067 Pericles
385 1030 667 1067 instrumentum
691 1029 762 1066 hoc
787 1027 968 1066 retinendi
998 1027 1224 1084 stabiliendi·

112 1110 185 1146 que
218 1099 449 1147 optimatium
475 1097 822 1148 -(4)vdominatus‚
851 1098 955 1144 quod
989 1108 1102 1134 unum
1142 1096 1221 1135 suis

111 1168 273 1207 obstaret
304 1168 468 1206 consiliis
486 1196 499 1214 ‚
528 1168 654 1215 aequis
681 1167 800 1205 oculis
834 1166 1021 1214 adspicere
1046 1177 1122 1204 non
1152 1179 1223 1215 po-

111 1246 229 1285 terat,
258 1249 324 1275 nec
358 1237 526 1285 quievit,
554 1237 770 1284 priusquam
800 1236 1049 1285 gravissimam
1082 1236 1114 1273 ei
1145 1237 1223 1283 pla-

112 1319 193 1356 gam
234 1309 435 1353 inflixerat‚
463 1307 582 1345 fretus
606 1306 735 1344 favore
768 1306 1033 1344 multitudinis.
1059 1328 1113 1335 —
1133 1306 1220 1343 Scio

110 1377 278 1424 equidem
307 1387 383 1414 non
419 1376 516 1414 aliud
560 1376 628 1413 viri
661 1375 807 1413 facinus
846 1376 945 1414 omni
982 1387 1071 1413 aevo
1105 1376 1220 1424 magis

109 1458 190 1485 esse
238 1447 532 1495 reprehensum,
584 1456 704 1492 neque
740 1457 822 1483 sum
863 1445 1011 1483 nescius
1051 1457 1109 1483 rne
1141 1456 1218 1482 non

108 1517 267 1555 scribere
300 1516 447 1555 Periclis
483 1516 764 1563 panegyricum3
804 1526 924 1563 neque
959 1515 1099 1563 igitur,
1127 1526 1221 1562 quae

108 1588 201 1625 bene
228 1586 317 1625 fecit
333 1614 345 1630 .‚
374 1597 549 1624 exornare
569 1614 582 1632 ‚
612 1597 705 1633 quae
731 1597 837 1623 secus
855 1614 867 1632 ,
895 1585 1075 1632 speciosis
1099 1585 1219 1623 verbis

109 1658 282 1706 obtegere
299 1667 355 1694 me
374 1664 569 1704 oportere:
599 1657 665 1693 sed
679 1665 799 1692 tamen
822 1666 1025 1703 provocare
1044 1655 1159 1693 debeo
1173 1655 1216 1692 ad

106 1733 146 1764 ea
173 1737 265 1773 quae
299 1725 445 1773 saepius
481 1725 688 1762 inculcavi:
726 1736 810 1763 esse
843 1726 1016 1771 quasdam
1059 1736 1117 1770 res
1138 1736 1244 1766 non,

50 1815 53 1817 >
104 1808 171 1845 per
197 1807 236 1833 se
267 1796 512 1843 spectandas,
540 1795 607 1836 sed?
635 1806 678 1832 ex
712 1803 878 1843 tempore
913 1804 948 1832 et
977 1795 1135 1832 consilio
1162 1795 1218 1832 di-

100 1865 343 1914 iudicandam
383 1865 484 1913 quod
519 1866 550 1903 si
586 1864 780 1902 fecerimus
814 1864 989 1903 leniorem
1025 1864 1213 1912 aliquanto

1131 1945 1215 1972 sen·

143 2055 196 2094 (1)
219 2056 294 2084 Vide
311 2057 388 2086 Plut.
408 2057 471 2085 Sol.
493 2065 537 2092 ¹9·
557 2056 650 2085 Isocr.
672 2056 788 2090 Areop.
812 2054 933 2090 passim.

143 2106 199 2144 (α)
219 2107 288 2138 Vid.
305 2106 368 2135 loci
382 2106 465 2136 citati
491 2115 507 2134 a
524 2108 708 2140 Bergmanno
726 2106 763 2134 ad
782 2106 876 2135 Isocr.
894 2107 1011 2140 Areop.
1037 2106 1073 2136 C.
1091 2113 1138 2142 14.
1156 2104 1211 2134 fin.

142 2161 196 2201 (3)
216 2165 294 2192 Plut.
314 2165 379 2192 Sol.
401 2171 450 2198 3¹·
462 2162 555 2192 Arist.
570 2162 661 2192 Polit.
681 2164 718 2192 V.
738 2171 784 2193 12.

147 2220 195 2257 (4)
215 2222 291 2250 Plut.
311 2228 411 2255 praec.
435 2221 499 2255 pol.
521 2220 559 2250 T.
582 2221 632 2249 lx.
652 2228 685 2254 p.
708 2228 774 2253 213.
798 2219 837 2248 R.

97 2313 100 2315 Δ
120 2308 123 2314 ·
154 2289 268 2327 Βοοτ
641 2289 670 2325 F
