1523 2745
446 191 958 236 LITERAR1A‚
1209 205 1259 243 47

144 306 226 337 tum
260 299 517 348 dilapidasse:
567 303 676 352 cujus
712 303 875 342 auctoris
921 301 1121 341 calumnias
1166 304 1260 341 male

147 368 251 407 auxit
274 369 453 409 Aelianus
479 371 574 422 (ι),
602 384 669 420 ea,
698 385 792 421 quae
817 375 844 411 l.
872 376 898 412 l.
933 374 977 411 de
1002 374 1140 412 Pericle
1163 372 1258 412 falso

146 449 365 488 narrantur,
380 441 613 480 confundens
635 455 719 480 cum
737 445 921 482 mentione
945 445 1153 492 insequenti
1185 447 1255 495 (2)

147 509 291 558 Epiclis
324 511 515 558 cujusdam
553 512 675 551 cicuta
720 513 828 550 finem
866 514 1092 561 imponentis
1129 517 1254 562 vitae,

148 591 257 629 quam
294 581 478 627 voluptati
518 589 633 619 totam
671 593 946 622 consecrasset:
995 584 1066 622 nisi
1103 595 1260 622 censen-

146 651 218 688 dus
249 652 300 688 sit
331 651 506 688 Aelianus
543 651 653 689 alium
693 653 874 702 respicere
906 653 1082 691 Periclem
1105 681 1119 700 ‚
1157 654 1258 702 Hip-

145 722 308 770 pocratis
333 720 521 770 cujusdam
538 721 654 760 filium
671 751 684 770 ,
712 735 732 761 a
757 723 908 763 comicis
941 723 990 761 ob
1018 723 1194 761 insaniam
1220 731 1256 761 et

146 791 335 830 lasciviam
365 791 539 841 agitatum
554 792 637 843 (3).

196 862 346 900 Solebat
370 870 498 900 noster
532 873 676 901 annuos
696 872 899 912 proventus
936 874 982 901 ex
1009 863 1104 911 agris
1135 865 1258 901 locare

146 939 182 970 et
205 931 276 970 sibi
297 933 453 980 suisque
482 933 685 970 necessaria
711 934 756 970 ad
780 933 918 971 victum
951 945 970 970 e
995 933 1081 970 foro
1105 944 1255 980 parare:

144 1002 253 1051 qu'us
288 1001 452 1040 instituti
490 1001 563 1040 hos
599 1001 836 1050 potissimum
876 1002 1022 1040 fructus
1063 1002 1258 1049 percepit,

146 1072 277 1120 quod,
327 1082 419 1109 usus
453 1083 565 1120 opera
609 1071 737 1110 famuli
783 1071 968 1120 diligentis
989 1099 1003 1119 ,
1044 1070 1258 1119 Euangeli,

144 1141 195 1179 ita
227 1141 400 1179 facillime
424 1153 499 1180 rem
529 1141 742 1179 familiarem
771 1136 865 1179 tueri
901 1150 1059 1189 posset,
1087 1141 1258 1189 nihilque

144 1221 283 1251 temere
306 1211 426 1261 perire
449 1212 600 1250 sineret.
654 1212 785 1251 Parum
813 1211 952 1260 placuit
997 1223 1037 1250 ea
1068 1212 1257 1261 diligentia

146 1289 185 1322 et
230 1282 456 1331 parcimonia
493 1283 600 1320 uxori
648 1283 733 1331 ejus*
761 1270 801 1319 et
848 1281 934 1319 filiis
960 1308 974 1329 ,
1039 1281 1257 1331 Xanthippo

147 1362 185 1392 et
209 1354 336 1392 Paralo
352 1380 365 1399 ‚
393 1363 552 1400 quorum
576 1359 734 1399 uterque
759 1351 934 1389 virtutem
966 1359 1152 1399 paternam
1192 1352 1257 1390 mi-

152 1423 263 1464 mime
320 1422 483 1462 imitatus
529 1420 619 1460 fuit.
697 1422 937 1470 Quapropter
977 1421 1147 1460 Socrates
1188 1421 1258 1471 (4)

147 1497 334 1544 arguens,
361 1505 409 1531 ne
443 1492 737 1541 sapientissimos
769 1491 918 1539 quidem
945 1500 982 1529 et
1011 1492 1175 1540 optimos
1205 1491 1259 1530 ci-

147 1577 213 1604 ves
247 1575 359 1613 posse
389 1574 475 1602 suas
516 1563 671 1601 virtutes
714 1574 800 1600 cum
836 1562 917 1599 aliis
958 1561 1259 1608 communicare,

147 1636 265 1674 hosce
287 1632 423 1681 affert,
451 1644 612 1682 quorum
638 1633 806 1680 exemplo
839 1631 928 1670 dicti
961 1632 1148 1670 veritatem
1172 1642 1262 1680 pro-

125 1705 234 1754 -bet3
272 1706 456 1753 siquidem
483 1704 536 1742 illi
557 1703 758 1742 liberaliter
778 1703 942 1740 instituti
980 1714 1096 1750 quum
1134 1711 1260 1740 essent

149 1785 186 1816 et
218 1776 333 1826 patris
363 1776 454 1814 cura
489 1773 612 1813 edocti
645 1783 741 1813 artes
776 1774 953 1822 ingenuas
988 1772 1084 1824 (5),
1112 1771 1261 1811 minime

1209 1850 1267 1880 ‘ta-

183 1993 239 2035 (ι)
259 1995 330 2024 Ael.
352 1994 394 2024 V·
415 1994 454 2024 H.
475 1993 531 2023 IV.
551 2001 598 2028 23·
619 1991 725 2029 ibique
749 1992 941 2023 Perizonius.

183 2052 240 2091 (2)
261 2053 373 2081 Athen.
394 2052 458 2081 XII.
478 2058 509 2086 p-
525 2055 592 2085 537.
610 2051 648 2081 C·

187 2108 240 2146 (3)
260 2109 361 2140 schol.
378 2109 414 2137 ad
439 2107 534 2138 Arist.
551 2107 634 2137 Nub.
656 2115 689 2137 v.
712 2115 795 2138 1001.
850 2106 851 2109 ’

188 2167 241 2207 (4)
260 2166 334 2196 Plat.
355 2168 473 2202 Protag.
493 2174 525 2202 p.
547 2174 616 2201 320.
637 2164 677 2195 A.

187 2226 241 2264 (5)
261 2226 486 2262 PlanMenon.
508 2231 540 2260 p.
562 2231 609 2260 94.
627 2223 663 2251 B.
