1502 2767
204 221 272 258 188
421 215 1086 257 COMMENTATIO

194 327 420 376 parationem
439 324 631 364 instituere
651 324 749 364 haud
763 336 912 364 necesse
923 326 1014 365 duxi
1036 325 1296 365 sententiarum

197 398 495 436 Christianorum
518 406 602 433 cum
625 394 671 432 iis
696 394 963 444 Assyriorum,
978 395 1267 446 Babyloniorum
1281 424 1295 444 ‚

193 467 383 505 Persarum
400 494 412 513 ,
450 465 720 504 Chaldaeorum
745 472 781 502 et
805 465 1002 522 Medorum
1018 494 1031 514 ,
1059 465 1125 514 qui
1153 475 1299 514 semper

191 537 283 575 alios
314 538 478 585 populos
508 534 642 573 adoriri
678 545 818 582 eosque
852 534 976 574 servili
999 536 1090 585 iugo
1115 533 1300 584 subjicere

189 606 392 653 ardebant3
420 606 481 644 vel
504 616 588 643 cum
611 604 805 643 sententiis
820 632 833 652 ‚
863 616 954 652 quas
978 605 1022 643 de
1044 605 1142 643 bello
1167 614 1303 653 gerun,

189 676 239 714 do
271 673 449 714 fovebant
485 674 615 721 Galli,
653 673 824 721 Cimbri,
858 672 1082 721 Teutones,
1108 673 1296 721 Vandali,

189 744 328 790 Suevi,
364 742 515 790 Gothi,
555 743 720 791 aliique,
776 742 840 791 qui
888 753 1184 791 quaquaversum
1221 742 1298 782 dis·

187 814 350 861 palantes
366 841 378 861 ,
403 812 560 851 ferarum
587 812 729 860 instar,
757 813 964 861 praedando
989 823 1194 861 omnesque
1220 820 1299 851 tru-

185 882 341 921 cidando
374 882 506 920 mirum
540 883 578 920 in
608 883 757 920 modum
793 882 1089 930 delectabantur3
1118 893 1185 920 nec
1210 892 1295 920 cum

184 954 378 991 sententiis
408 953 737 998 Normannorum‚
774 954 834 991 vel
865 952 1129 991 hodiernorum
1173 963 1297 1001 popu·

183 1017 304 1054 lorum
330 1017 567 1055 barbarorum
584 1045 597 1064 ‚
621 1017 688 1065 qui
719 1016 850 1054 infimo
885 1016 1123 1055 humanitatis
1149 1015 1262 1064 gradu
1278 1043 1292 1062 ,

182 1087 336 1126 rationis
361 1087 527 1126 dominio
553 1095 706 1135 spreto,
742 1094 785 1124 ut
808 1086 846 1123 in
873 1085 1026 1134 reliquis
1057 1085 1108 1123 ita
1129 1084 1166 1122 in
1193 1083 1292 1122 bello

183 1157 364 1204 maxime,
405 1157 513 1195 unice
547 1156 743 1195 affectibus
777 1153 1083 1204 abripiebantur3
1113 1153 1178 1192 sed
1205 1164 1291 1191 cum

180 1227 402 1272 sententiis,
457 1226 593 1274 quibus
636 1227 681 1264 de
719 1226 818 1263 bello
864 1224 1030 1273 gerundo
1074 1223 1211 1262 Graeci
1255 1230 1294 1260 et

178 1296 339 1335 Romani
372 1296 507 1334 imbuti
540 1305 673 1342 erant,
724 1294 856 1343 populi
894 1293 947 1331 illi
985 1294 1074 1330 adeo
1113 1291 1291 1329 encomiis

174 1365 381 1412 celebrati,
433 1365 497 1412 qui
529 1375 672 1402 summa
708 1362 947 1401 humanitatis
975 1361 1083 1399 laude
1109 1361 1292 1400 florebant

175 1445 213 1474 et
245 1435 406 1474 nominis
443 1434 530 1472 inde
560 1432 809 1472 celebritatem
843 1432 941 1470 nacti
972 1441 1075 1470 sunt.
1142 1430 1292 1483 Quodsi

174 1507 401 1556 populorum
449 1504 776 1550 Christianorum,
816 1502 965 1540 illorum
1005 1513 1184 1550 quoque,
1226 1502 1290 1549 qui

174 1576 329 1616 Graecis
370 1585 406 1613 et
442 1573 624 1613 Romanis
670 1573 878 1611 Literarum
924 1580 960 1609 et
1006 1572 1151 1612 artium,
1185 1571 1289 1608 cultu

173 1647 284 1694 longe
321 1653 409 1683 sunt
451 1642 672 1690 inferiores,
726 1643 844 1680 multo
886 1641 1056 1679 meliores
1096 1640 1141 1678 de
1187 1640 1288 1679 bello

172 1716 339 1764 gerundo
372 1714 688 1763 deprehendamus
734 1711 963 1758 sententias,
1016 1722 1123 1750 causa
1159 1720 1287 1750 nostra

171 1786 358 1824 videbitur
390 1796 499 1834 quam
534 1783 691 1822 maxime
724 1781 909 1830 superior.

221 1855 395 1902 Deinde,
423 1854 512 1903 quid
539 1854 587 1892 de
616 1853 687 1899 iis,
715 1862 810 1900 quae
841 1851 956 1898 vulgo
990 1849 1102 1900 obJ'ici
1138 1850 1284 1897 solent,

172 1925 391 1964 censendum
419 1923 491 1971 sit,
521 1923 634 1962 verbo
671 1919 985 1970 significabimus.
