1502 2767
456 171 1048 212 THEOLOGICA.
1237 184 1306 220 109

193 281 260 329 qui
294 279 414 330 gladio
451 292 493 319 se
539 279 740 320 'defendere
780 283 939 330 volunt,
989 281 1109 331 gladio
1154 292 1307 330 quoque

193 350 300 389 facile
334 351 526 399 peribunt.
582 351 791 400 Rationes,
818 353 867 390 ob
903 364 995 401 quas
1023 353 1133 403 Jesus
1159 353 1306 392 Petrum

192 420 351 469 gladium
389 421 523 469 vagina
566 423 726 460 condere
759 423 898 471 J'ussit,
949 423 1047 461 haud
1077 424 1168 461 adeo
1196 425 1315 472 longe.

192 499 281 529 sunt
306 491 546 538 quaerendae.
603 492 725 531 Causa
749 493 950 540 nimirum,
979 494 1054 541 qua
1084 494 1215 532 Petrus
1239 493 1309 531 du·

189 560 365 608 cebatur,
393 570 435 600 ut
460 561 617 610 gladium
649 562 867 611 stringeret,
897 573 973 601 non
998 563 1087 601 adeo
1112 561 1150 600 in
1179 561 1308 601 defen-

190 630 302 668 dendi
327 631 437 681 (nam
459 631 540 680 ipse
566 641 737 671 servator
763 632 910 671 defendi
932 644 975 671 se
995 634 1139 679 noluit)
1159 661 1172 681 ,
1199 645 1311 681 quam

195 700 322 747 potius
348 701 411 738 *in
457 702 659 740 ulciscendi
708 703 832 741 studio
873 702 992 741 fuisse
1042 703 1186 741 videtur
1222 704 1308 754 (1).

193 770 382 809 Praeterea
397 799 410 818 ,
440 771 506 820 qui
530 783 678 820 captum
697 773 823 822 Jesutn
848 781 1045 819 venerant,
1060 774 1211 822 publica
1224 786 1312 814 auc-

193 841 343 879 toritate
380 842 513 880 muniti
548 851 677 889 erant,
720 851 761 880 ut
788 843 898 893 Jesus
940 842 1229 892 sapientissimis
1261 844 1308 882 de

195 911 318 949 causis
350 909 500 950 Petrum
535 912 732 960 castigaret
751 941 763 960 ,
791 923 937 950 summo
965 913 1222 961 magistratui,
1249 915 1312 952 cui

197 981 366 1027 quemvis
392 981 556 1028 obsequi
595 981 727 1028 decet,
769 993 851 1019 sese
885 990 1160 1030 opponentem3
1209 983 1315 1021 deni-

195 1061 269 1097 que
305 1051 450 1088 Petrum
477 1062 606 1098 parum
641 1050 925 1099 profecturum,
953 1051 986 1089 si
1021 1051 1060 1089 vi
1085 1059 1121 1089 et
1142 1051 1252 1091 armis
1268 1063 1310 1090 se

193 1118 432 1166 defenderet,
468 1128 504 1158 et
533 1130 676 1169 praeter
707 1121 960 1159 necessitatem
992 1122 1210 1171 sanguinem
1250 1122 1314 1161 fu·

184 1201 352 1237 surum,
392 1190 511 1239 probe
535 1198 708 1230 noverat.
773 1191 913 1230 Nonne
941 1191 1003 1229 hic
1039 1203 1086 1230 ex
1121 1193 1311 1242 conjectu-

131 1302 133 1305 *
197 1270 236 1297 ra
268 1259 353 1298 addi
380 1260 533 1308 possit,
567 1261 721 1311 Jesum,
754 1273 897 1310 quum,
939 1261 978 1300 in
1013 1262 1125 1301 horto
1150 1262 1314 1302 Gethse·

198 1329 374 1367 manitico
428 1341 621 1379 precatus,
667 1333 767 1370 arcta
814 1344 899 1370 cum
939 1333 1046 1371 Patre
1082 1334 1317 1373 communio·

197 1410 244 1438 ne
277 1411 368 1438 usus
406 1409 535 1448 esset,
583 1401 699 1450 magis
739 1402 931 1451 magisque
975 1414 1192 1452 persuasum
1237 1403 1313 1443 sibi

197 1471 399 1519 habuisse,
428 1470 544 1510 Patris
577 1473 636 1510 sui
664 1473 892 1511 voluntatem
924 1484 1030 1520 esse,
1060 1482 1102 1512 ut
1133 1485 1216 1513 sese
1243 1475 1314 1513 ho·

199 1540 339 1578 minum
377 1550 487 1578 causa
535 1540 756 1589 devoveret,
808 1541 858 1580 ita
897 1551 938 1580 ut
981 1543 1129 1581 Petrum
1157 1570 1171 1590 ‚
1208 1543 1313 1582 velut

201 1620 345 1649 sanctae
391 1610 509 1649 Patris
555 1611 742 1649 voluntati
779 1611 1013 1650 resistentem
1063 1623 1141 1651 non
1182 1621 1314 1662 posset

202 1691 280 1719 non
311 1680 558 1719 considerare.
628 1680 782 1732 Quibus
821 1682 865 1719 de
889 1681 1010 1721 causis
1045 1683 1221 1721 Servator
1256 1695 1317 1722 sa·

201 1749 432 1799 pientissime
464 1751 611 1790 Petrum
649 1751 771 1799 gladio
804 1752 859 1790 uti
895 1753 1044 1800 vetuit,
1072 1764 1120 1792 ne
1158 1765 1199 1792 se
1232 1753 1315 1803 ipse

199 1829 238 1858 et
271 1821 437 1869 reliquos
464 1821 746 1875 condiscipulos
766 1821 806 1860 in
837 1821 935 1860 vitae
966 1822 1164 1862 discrimen
1201 1824 1316 1863 addus

202 1900 303 1929 ceret
334 1890 418 1940 (2).
459 1892 524 1929 Uti
547 1891 632 1930 hinc
655 1901 806 1941 apparet
831 1901 866 1930 et
889 1893 962 1931 hoc
990 1894 1075 1932 loco
1100 1906 1228 1942 parum
1254 1891 1313 1934 <rel

204 1962 299 2000 nihii
339 1961 512 2010 praesidii
554 1971 684 2001 contra
719 1961 805 2000 belli
844 1963 1028 2002 licentiam
1063 1964 1139 2014 peti
1171 1976 1313 2015 posse,

1263 2035 1313 2075 ita

244 2134 296 2172 (ι)
317 2137 380 2166 Cfr.
403 2137 591 2174 Grotius,
612 2140 646 2167 de
664 2142 747 2178 θην-ο
767 2142 846 2170 bam
860 2145 1020 2179 napaeis,
1043 2142 1114 2172 Lib.
1129 2143 1157 2175 1.
1170 2144 1242 2180 Cap.
1258 2144 1313 2175 111.

205 2190 294 2228 35.'3
315 2201 394 2231 e17.
516 2203 518 2205 ’
868 2205 871 2209 ”

247 2248 301 2285 (2)
323 2252 590 2289 Kuinoelius,
611 2254 652 2282 ad
668 2254 698 2284 k.
718 2256 741 2284 1.
