1523 2745
300 142 1058 206 'OBSERVATIONES‚.
1167 167 1239 203 219

129 258 203 298 dit-2
237 281 262 305 „
287 257 320 296 si
346 257 459 305 igitur
479 258 559 305 iege
586 257 818 304 prohiberis,
849 257 1051 305 quominus
1074 256 1237 296 tabulam

134 354 169 376 ,‚-
184 329 342 375 avellas,
372 339 463 377 age,
492 335 668 365 converte
697 338 770 364 eam
796 328 893 365 intro
910 355 922 374 ‚
945 327 1046 365 nulla
1070 329 1150 376 lege
1170 328 1242 365 hoc

134 427 159 446 „
185 397 446 446 impediente.’'
460 398 602 435 Petitus
619 396 689 447 (1)
704 397 870 445 putavit,
883 398 955 434 hoc
971 398 1239 446 praescriptum

133 468 178 506 ad
205 478 332 505 omnes
356 474 451 505 ratas
477 467 702 514 pertinuisse
724 468 821 515 leges
838 496 850 514 ‚
881 479 1000 515 neque
1027 478 1146 506 tamen
1171 469 1247 508 nisi

137 539 284 576 unicum
316 538 431 575 hocce
463 538 670 585 exemplum
697 538 846 585 attulit3
878 547 1106 586 quapropter
1136 540 1249 577 Wes-

137 607 314 656 selingius
336 607 482 646 censui-t
497 635 511 654 ‚
538 606 636 646 illam
650 609 694 646 de
714 607 965 657 psephismate
983 620 1060 647 non
1089 610 1248 648 avellen-

139 677 189 715 do
204 679 320 725 legem
336 685 477 715 tantum
491 678 536 715 ad
548 677 779 724 Megaricum
794 677 979 716 decretum
1004 678 1246 727 pertinuisse.

191 778 277 818 Obs.
304 779 465 817 XXXV.
501 777 543 816 In
579 778 638 817 his
672 779 909 818 Plutarchum
950 788 1100 818 secutus
1139 792 1219 818 sum
1236 807 1257 827 ,η

140 850 248 899 cujus
282 848 481 887 auctoritas
513 849 623 898 longe
651 849 800 899 majoris
831 851 921 888 mihi
946 851 1171 889 aestimanda
1197 851 1252 888 vi-

139 919 275 966 detu-r,
305 930 412 966 quam
447 919 683 973 Scholiastae
700 920 745 957 ad
769 920 1058 969 Aristophanem
1086 922 1154 970 (2)
1173 948 1187 968 ,
1213 921 1253 958 in

141 1000 218 1036 quo
241 990 348 1036 plura
379 988 524 1026 turbata
553 999 665 1037 sunt,
706 999 746 1027 ut
773 1002 817 1029 ex
841 992 1027 1030 Muellero
1050 993 1121 1040 jam
1157 991 1267 1029 indi-⁴

141 1059 222 1098 cavi
260 1059 346 1098 Obs.
389 1059 574 1099 XXIIL:
617 1061 747 1099 Suidas
775 1062 843 1109 (3)
885 1062 992 1099 etiam
1033 1061 1256 1100 mirabiliora

141 1129 311 1177 protulit.
388 1129 528 1167 Verum
579 1139 634 1167 est
675 1130 714 1167 in
767 1131 824 1168 his
879 1132 1026 1180 majoris
1076 1132 1254 1169 momenti

144 1198 259 1246 quid,
298 1199 401 1246 quod
437 1199 552 1237 Diod,
592 1198 709 1236 SicuL
752 1201 819 1249 (4)
861 1200 949 1238 haec
981 1202 1161 1239 accidisse
1199 1202 1255 1239 di-

137 1277 201 1317 -cat
247 1268 440 1307 Archonte
488 1269 757 1316 Eufflydemo,
811 1278 923 1317 atque
984 1273 1074 1309 adeo
1127 1273 1256 1317 eodem

145 1347 340 1388 tempore,
385 1350 461 1385 quo
509 1340 744 1387 Anaxagoras
788 1350 899 1387 atque
944 1342 1102 1389 Aspasia
1150 1354 1260 1380 accu-

145 1408 215 1447 sati
264 1407 414 1446 fuerint.
496 1409 632 1456 Neque
692 1418 810 1447 tamen
873 1410 981 1448 fidem
1032 1411 1068 1448 ei
1118 1411 1258 1451 tribue-

146 1479 223 1525 ris,
276 1479 389 1525 idque
429 1478 665 1527 potissimum
705 1480 797 1517 hanc
833 1481 881 1518 ob
923 1492 1100 1529 causam,
1152 1485 1256 1532 quod

145 1547 305 1586 Pericles
351 1547 584 1595 orationem,
626 1560 697 1596 qua
738 1548 782 1586 de
832 1549 1116 1590 Atheniensium
1165 1551 1275 1593 redi-¹

150 1618 269 1665 tibus}
295 1618 494 1666 exposuit,
540 1629 662 1656 coram
689 1620 836 1668 Populo
886 1620 1003 1669 dixit,
1030 1622 1261 1672 Peloponne-

151 1689 219 1728 siis
259 1689 455 1727 etiamnum
500 1688 538 1726 in
573 1689 713 1732 Isthmo
747 1690 982 1729 morantibus
1025 1692 1108 1741 (5).
1161 1692 1255 1733 Post

151 1760 309 1798 redditas
362 1759 475 1808 igitur
524 1760 569 1798 de
615 1759 788 1798 omnibus
838 1760 1017 1800 reditibus
1067 1763 1258 1812 expensis-

153 1841 226 1878 que
271 1829 459 1875 rationes,
513 1840 590 1867 non
638 1829 747 1868 facile
800 1831 1039 1884 crediderim,
1091 1833 1256 1874 Phidiam
1313 1871 1315 1873 .

153 1900 334 1950 ejusmodi
363 1899 454 1938 furti
476 1900 656 1939 continuo
691 1900 809 1940 fuisse
845 1911 1055 1942 accusatum
1070 1916 1087 1953 ,ς
1128 1906 1261 1954 magis-

191 2023 247 2058 (1)
267 2023 315 2051 Ad
338 2021 432 2056 Legg.
455 2023 518 2050 Att.
539 2030 572 2057 p.
597 2030 660 2059 ¹99·
1181 1985 1255 2022 que

190 2079 242 2118 (2)
263 2080 311 2109 Ad
330 2080 436 2108 Pacem
456 2086 503 2109 vs.
522 2082 589 2116 604.

191 2141 246 2178 (3)
263 2139 297 2168 ln
316 2146 394 2167 voce
415 2133 563 2168 Φειδίαν,

192 2196 247 2235 (4)
266 2196 336 2226 Lib.
355 2196 422 2225 XII.
441 2203 508 2231 cap.
533 2199 581 2232 38.

193 2253 245 2289 (5)
267 2253 364 2282 Thuc.
383 2253 425 2283 Π.
450 2262 495 2287 13.
