1502 2767
471 137 1067 183 THEOLOG'ICA.
1267 149 1310 186 81
1370 195 1375 200 ,

186 246 342 299 Jamjam
369 256 448 287 tota
470 260 559 299 gens
585 261 626 289 ac
649 251 823 301 princeps
851 252 931 301 ipse
959 252 997 290 in
1015 254 1150 302 templa
1169 265 1307 304 ruunt,

193 327 344 367 peccata
368 318 621 367 confitentur,
644 333 664 359 a
692 322 775 359 Deo
799 322 937 370 patriae
962 330 1098 371 petunt
1120 325 1274 363 salutem
1292 353 1306 373 ,

193 400 235 428 ac
268 389 486 428 delictorum
521 391 775 431 remissionem
808 391 882 430 sibi
921 401 957 430 et
994 392 1185 432 hostibus.
1241 395 1304 433 Sic

192 460 334 508 magnis
363 460 474 498 rebus
489 460 601 499 animi
623 471 900 510 permoventur.
934 462 1037 501 Hanc
1052 464 1224 502 medelam
1239 465 1302 503 ad-

188 529 276 568 tulit
290 558 303 577 ,
338 530 421 568 Deo
455 532 684 570 moderatore
699 561 711 580 ,
749 533 901 572 bellum.

240 600 336 638 Cum
353 609 473 638 autem
499 601 680 640 bellorum
698 598 853 642 eventus
865 603 1106 644 observemus
1122 633 1135 654 ‚
1149 606 1297 654 saepius

187 668 404 720 injustitiam
424 699 436 717 ‚
459 672 674 710 dementiam
691 701 704 720 ,
720 674 926 722 superbiam
944 675 1115 714 videmus
1140 678 1296 725 palmam

189 741 398 789 praeripere
416 742 677 789 innocentiae,
705 745 940 792 prudentiae,
973 745 1176 794 probitati3
1216 758 1296 785 sae.

183 811 269 859 pius
284 811 521 861 intelligimus
536 813 674 861 optima
688 815 842 852 consilia
861 816 906 852 ad
928 814 1126 853 feliciorem
1151 817 1294 856 exitum

181 882 274 920 nihil
295 881 483 930 conferre3
498 892 624 921 contra
639 895 728 921 vero
751 883 811 921 illa
833 884 870 922 in
891 885 989 922 bello
1012 886 1210 933 perniciem
1237 887 1294 936 ip·

182 951 260 1001 sis,
282 952 348 1001 qui
370 952 473 991 bene·
487 961 602 1000 agunt
618 980 631 1000 ‚
660 953 818 1001 aliisque
840 953 1146 1002 afferre,nefaria
1169 965 1291 994 autem

179 1023 403 1072 injustorum
423 1023 578 1060 consilia
588 1033 807 1071 prosperum
818 1023 952 1062 habere
972 1013 1136 1073 exitum3
1157 1035 1193 1063 et
1206 1028 1291 1074 plu-

179 1106 217 1133 ra
235 1094 317 1132 alia.
355 1094 457 1132 Num
481 1094 568 1132 hinc
588 1094 853 1132 concludamus
867 1123 879 1142 ,
906 1095 1029 1133 Deum
1044 1096 1202 1135 humana
1220 1108 1290 1135 ne-

176 1165 313 1214 gligere
325 1162 346 1202 ‘2
361 1164 511 1202 minime
531 1176 636 1209 vero.
663 1164 809 1215 Quodsi
833 1176 904 1203 nos
921 1166 1215 1216 uniuscnjusque
1230 1167 1288 1206 vi-

173 1245 248 1275 tam
283 1243 492 1283 terrestrem
521 1246 561 1272 ac
600 1235 796 1273 coelestem
824 1264 837 1283 ,
890 1244 954 1274 aut
985 1237 1030 1275 ab
1071 1248 1143 1275 una
1171 1239 1286 1277 veluti

171 1307 323 1356 specula
350 1306 559 1344 universam
588 1300 809 1354 historiam,
837 1318 931 1354 quae
961 1315 1136 1345 cunctum
1165 1320 1282 1357 genus

169 1366 369 1428 humanum
383 1375 644 1424 complectitur
655 1404 666 1422 ‚
682 1366 719 1414 et
731 1384 849 1414 totum
865 1377 1076 1415 seculorum
1093 1378 1256 1416 ordinem
1274 1408 1288 1427 ,

172 1445 415 1494 contemplari
440 1456 479 1483 ac
503 1445 711 1493 perspicere
734 1457 930 1494 possemus
945 1474 959 1494 ,
985 1456 1064 1485 tum
1091 1449 1214 1486 verius
1238 1450 1283 1487 de

173 1517 355 1556 bellorum
381 1524 514 1554 eventu
540 1515 805 1564 judicaremus.
829 1515 904 1561 Jam
931 1517 1161 1555 veronobis
1176 1519 1282 1557 satis-

170 1588 261 1627 fiant
280 1588 459 1626 nonnulla
477 1586 641 1634 exempla
656 1613 669 1632 ,
702 1597 722 1623 e
741 1585 880 1633 quibus
909 1586 1091 1624 bellorum
1123 1579 1278 1626 eventus

167 1659 281 1698 aDeo
306 1656 579 1705 sapientissimo
605 1667 645 1693 ac
665 1655 936 1704 benignissimo
958 1656 1155 1705 gubernari
1174 1659 1280 1696 colli-

167 1739 253 1778 gere
279 1726 485 1776 possimus.
1307 1781 1309 1783 ι

217 1799 315 1836 Bella
341 1806 508 1844 magnam
522 1794 732 1834 habuerunt
747 1795 821 1834 vim
847 1796 886 1834 in
909 1797 1124 1846 religionem
1144 1799 1278 1839 Chris-

160 1868 296 1908 tianam
322 1865 479 1905 feliciter
493 1865 756 1914 accipiendam.
787 1867 878 1905 Ale
891 1880 914 1905 x
927 1879 946 1905 a
959 1879 984 1905 n
996 1870 1019 1906 d
1033 1881 1051 1907 e
1066 1881 1082 1906 r
1118 1871 1163 1909 M
1176 1883 1195 1909 a
1209 1883 1228 1909 c
1241 1885 1278 1910 e-

162 1941 219 1979 do
247 1934 436 1976 Orienter‘n
464 1935 576 1974 armis
597 1935 704 1984 petiit
720 1964 732 1982 ‚
751 1944 787 1973 et
818 1937 989 1985 plurimis
1010 1939 1179 1978 victoriis
1207 1941 1276 1980 im-

161 2009 266 2060 perio
283 2018 432 2054 magnae
447 2005 561 2044 Asiae
576 2006 692 2054 partis
704 2007 849 2054 potitus
865 2016 937 2045 est.
967 2008 1027 2047 Sic
1043 2010 1274 2049 Graecorum

159 2079 346 2128 linguam,
375 2077 545 2122 cultum,
573 2076 740 2124 litteras,
761 2085 797 2114 et
823 2086 920 2116 artes
948 2080 1097 2127 plurimi
1124 2093 1275 2130 accepe-

159 2157 248 2188 runt
275 2147 422 2196 populi.
459 2145 559 2183 Bella
582 2157 665 2189 cum
691 2145 729 2183 id
751 2149 930 2196 temporis
947 2177 958 2195 ‚
984 2157 1061 2187 tum
1088 2160 1216 2197 postea
1236 2152 1273 2190 in

162 2218 332 2267 Judaeos
345 2228 450 2266 gessa
469 2224 557 2256 sunt
573 2244 586 2265 ,
600 2227 758 2264 quorum
776 2218 925 2265 plurimi
938 2231 1003 2268 per
1020 2220 1137 2259 varias
1151 2222 1274 2271 regio-

213 2298 342 2326 nom).
693 2285 723 2323 F
1208 2303 1274 2333 nes
