1502 2767
215 150 260 194 56
435 146 1094 189 COMMENTATIO

261 257 312 294 Et
342 259 408 303 qui
443 257 546 294 aliter
587 256 666 295 fieri
700 258 1003 309 possit‘3Quutn
1042 258 1215 307 quamdiu
1242 259 1315 297 =ho·

214 324 331 363 mines
353 326 527 364 civilibus
552 326 758 364 rationibus
783 339 857 365 non
877 328 1105 377 jungantur,
1134 329 1316 377 quisque,

216 395 274 432 sui
298 394 391 443 J'uris
413 395 572 442 vindex,
593 396 673 444 ipse
692 408 732 433 se
754 395 923 435 defendat
952 409 1093 445 suaque
1119 399 1200 446 Jura
1223 406 1324 436 tuea-

215 474 301 510 tur,
325 475 475 502 necesse
500 464 564 503 sit.
615 466 697 514 Jam
718 477 832 513 ver0‚
860 467 960 505 civili
975 467 1151 506 societate
1171 465 1324 505 condita

217 543 253 571 et
289 534 457 582 principe
495 535 679 583 cujusque
717 535 811 573 civis
847 536 985 585 jurium
1019 537 1323 576 vindicandorum

215 603 330 651 gratia
362 604 599 652 constituto,
627 604 751 642 cuncti
776 605 821 642 ad
843 606 942 643 hunc
970 617 1051 644 sese
1082 615 1322 652 convertent,

212 673 294 721 jure
323 681 359 710 et
392 674 523 711 merito
545 675 589 711 ab
609 674 694 722 ipso
718 676 951 722 postulantes
969 703 983 723 9
1007 684 1077 722 ut,
1105 688 1221 723 quum
1248 682 1325 724 ‘po-

214 744 344 791 pulum
370 742 505 781 referat
541 745 697 792 ejusque
720 744 870 782 nomine
895 754 1002 794 agat,
1026 746 1109 794 jura
1131 758 1198 784 sua
1224 746 1326 784 omni

213 811 355 849 ratione
388 812 580 861 vindicet3
617 813 753 860 quibus
786 815 929 862 quippe
959 814 1137 862 violatis,
1166 816 1225 854 vel
1255 827 1329 863 po-

214 881 306 928 pulo
336 882 373 919 in
410 882 625 920 servitutem
648 883 824 930 redacto,
851 895 918 921 nec
956 883 1036 931 ipse
1059 895 1193 931 grave,
1224 886 1328 932 quod

215 949 288 988 Dei
318 952 467 988 nomine
502 952 620 999 gerit,
650 963 785 990 munus
812 962 1016 1001 praestare,
1056 964 1141 992 nec
1161 954 1295 1002 reliqui
1315 982 1330 1002 ,

216 1030 303 1057 suae
326 1032 434 1059 curae
463 1021 647 1069 mandati,
673 1022 773 1060 cives
807 1022 906 1059 beati
931 1034 1014 1061 esse
1038 1023 1202 1071 possint.

262 1088 384 1127 Ponas
412 1090 615 1138 principem
632 1118 644 1138 ‚
673 1091 738 1138 qui
765 1091 802 1128 in
826 1092 917 1129 orbe
939 1100 1134 1139 terrarum,
1165 1092 1232 1130 ubi
1255 1104 1326 1140 pro

216 1160 362 1207 generis
383 1161 533 1198 humani
566 1161 826 1209 depravatione
852 1169 887 1198 et
915 1162 1069 1199 diversis
1098 1162 1325 1210 populorum

214 1230 446 1279 commodis,
472 1239 600 1278 gentes
625 1239 806 1278 perpetuo
833 1241 914 1267 sese
942 1230 1097 1268 invicem
1123 1232 1231 1269 minis
1255 1239 1326 1269 ter-

214 1309 316 1337 reant
344 1307 380 1336 et
416 1299 564 1336 inimice
593 1307 776 1345 tractent,
803 1309 993 1345 nunquam
1023 1299 1157 1336 bellare
1185 1299 1327 1337 consti-

213 1369 350 1415 tuerit,
377 1379 444 1406 nec
471 1368 529 1406 sui
550 1379 752 1406 suorumve
777 1368 915 1405 civium
938 1368 1141 1406 libertatern
1164 1370 1324 1419 ,iuraque

215 1439 310 1475 tueri
341 1437 449 1476 sciat.
503 1437 681 1475 Talemne
709 1437 965 1475 Christianum
993 1438 1195 1487 principem
1223 1440 1327 1478 dixe·

211 1508 293 1545 ris?
332 1509 393 1545 An
438 1508 565 1556 potius
596 1508 768 1556 ignavum
809 1508 877 1556 (1)
909 1517 946 1545 et
983 1509 1196 1557 indignum,
1232 1511 1324 1558 quin

210 1577 349 1624 patriae
380 1577 635 1625 proditorem,
665 1576 807 1624 quippe
829 1577 894 1624 qui
928 1588 1079 1614 munere
1103 1577 1322 1625 gravissimo
1379 1593 1382 1594 ⁷

212 1659 252 1684 se
289 1656 418 1684 contra
447 1658 576 1685 omnes
609 1647 774 1696 jtlstitiae
800 1648 898 1694 leges
921 1647 1079 1695 Juraque
1109 1646 1248 1695 privari
1270 1648 1321 1684 si-

211 1718 297 1755 nat!
328 1717 405 1767 Qui
432 1719 616 1766 populum
633 1744 645 1764 ,
674 1717 780 1766 cujus
806 1717 1012 1754 commodis
1037 1725 1072 1754 et
1091 1717 1201 1754 saluti
1223 1718 1325 1755 omni

210 1787 352 1825 ratione
383 1788 598 1836 prospicere
622 1787 730 1824 debet
747 1813 760 1833 ,
788 1787 924 1835 injuste
959 1786 1147 1835 agentium
1173 1785 1318 1824 libidini

1256 1867 1320 1894 ex·

204 2008 251 2035 44.
276 1998 351 2026 VII.
375 2005 407 2032 p·
433 2007 496 2032 ¹72·
533 1996 706 2026 Witsius
727 1996 981 2024 Exercitationes
1000 1997 1032 2022 in
1061 1995 1239 2022 Orationem
1261 1997 1320 2026 Do-

207 2057 370 2090 minimm,
391 2064 425 2090 p.
449 2058 514 2085 186.

243 2112 297 2149 (ι)
315 2113 430 2140 Notum
454 2110 639 2146 Epigramma
655 2109 685 2137 in
703 2110 799 2147 Jaco
811 2109 857 2136 bu
869 2116 897 2136 m
915 2107 1011 2136 nimio
1028 2105 1109 2142 pacis
1126 2106 1226 2136 studio
1248 2106 1319 2134 duc-

203 2177 280 2205 tum,

355 2227 421 2256 Rex
442 2233 512 2253 erat
535 2223 718 2258 Elisabeth,
741 2231 819 2250 nunc
843 2228 888 2250 cst
908 2222 1015 2257 regina
1037 2222 1176 2259 Jacobus.

1487 2222 1490 2223 Ἰ
1482 1888 1490 2188 .„.—-—-—----——-v-—
