1564 2750
400 174 902 214 LITERARIA.
1159 184 1209 222 45

108 283 323 333 respondit,
357 282 460 331 ipsos
487 283 648 321 victores
668 283 750 321 fore
766 311 781 331 ,
810 284 843 321 si
868 283 1043 322 omnibus
1066 283 1210 321 viribus

112 353 246 391 bellum
271 361 461 402 gererent3
489 364 605 401 seque
624 362 794 392 vocatum
817 362 853 391 et
879 364 955 391 non
970 363 1142 411 uocatum
1164 353 1210 391 iis

107 420 320 470 adfuturum
365 422 537 470 promisit
567 422 652 470 (ι).
719 423 948 461 Convocatis
980 423 1111 460 iterum
1151 435 1215 461 so-

106 491 202 542 ciis,
241 482 390 540 plu-rimi
431 492 679 531 Athenienses
712 502 958 541 accusarunt,
1000 493 1213 540 bellumque

105 559 382 610 suscipiendum
419 570 665 599 monuerunt:
688 562 953 610 Corinthiique
980 571 1183 600 metuentes
1199 590 1213 611 ‚

105 638 154 666 ne
193 628 365 667 Potidaea
406 637 632 668 everteretur
650 658 663 677 ,
713 631 916 669 orationem
966 632 1174 670 habuerunt
1198 645 1208 670 :

108 709 181 746 qua
217 698 315 737 dicta
340 698 622 738 Lacedaemonii
655 700 878 749 unicuique,
919 709 955 738 et
989 702 1139 750 maiori,
1177 710 1213 739 et

109 767 242 806 minori
265 768 435 819 ciyitati,
460 768 628 819 suffragii
659 769 868 808 facultatem
902 770 1083 808 dederunt
1099 799 1111 817 ‚
1140 782 1215 809 ma-

106 837 242 886 jorque
262 838 451 878 sociorum
476 851 560 887 pars
590 840 727 878 bellum
756 842 952 888 gerendum
984 853 1065 879 esse
1089 842 1215 879 decre·

108 907 189 956 vit3
215 919 337 957 neque
363 909 472 946 ullam
504 910 661 958 amplius
690 921 826 948 moram
862 910 1050 957 interponi
1086 913 1215 948 volue-

113 985 216 1016 runt.
255 978 355 1016 Anni
380 986 502 1016 tamen
531 987 727 1026 tempestas
750 987 861 1027 atque
883 980 1046 1016 omnium
1072 991 1217 1027 rerum,

114 1047 251 1094 quibus
285 1047 324 1084 in
356 1047 455 1084 bello
484 1056 657 1096 egerent,
713 1047 840 1095 inopia
879 1048 1099 1096 prohibuit,
1126 1061 1223 1097 quo-

112 1115 234 1154 minus
264 1116 386 1154 statim
411 1116 450 1153 in
477 1116 639 1154 Atticam
666 1117 1108 1165 irruptionem-facerent
1130 1119 1217 1167 (ει).

157 1186 243 1224 Hoc
257 1186 433 1235 temporis
447 1186 569 1234 spatio
595 1198 686 1224 usus
698 1196 754 1225 est
767 1187 1015 1227 Archidamus
1032 1216 1045 1235 ‚
1065 1189 1129 1237 qui
1146 1189 1221 1228 'Pe-

109 1254 209 1293 riclis
228 1255 368 1293 amicus
380 1253 583 1293 habebatur
603 1255 670 1304 (3)
686 1284 698 1305 ‚
726 1264 766 1292 ut
793 1256 970 1304 plurimas
991 1257 1220 1295 criminatio-

110 1335 178 1362 nes
203 1324 357 1363 dilueret
371 1324 635 1373 sociorumque
659 1325 800 1364 animos
833 1327 1082 1375 demulceret3
1108 1327 1158 1365 ita
1180 1336 1222 1366 ut

114 1405 230 1442 quum
264 1395 373 1443 legati
394 1395 561 1441 Athenas
592 1395 695 1434 missi
719 1404 842 1433 essent
858 1424 871 1442 ,
899 1408 1046 1445 sperare
1070 1397 1219 1445 liceret,

116 1463 198 1503 fore
221 1473 263 1503 ut
287 1476 360 1513 pax
386 1465 664 1504 instauraretur.
709 1466 781 1504 Sed
819 1466 923 1513 quod
962 1467 1226 1515 Peloponnesii

113 1535 376 1582 postulabant,
432 1544 473 1573 ut
526 1535 773 1573 Athenienses
820 1548 840 1573 a
885 1536 1057 1575 Potidaea
1101 1538 1222 1578 disce-

114 1604 243 1642 derent
259 1627 274 1648 ,
310 1604 586 1653 Aeginetasque
622 1605 700 1643 suis
746 1605 890 1653 legibus
941 1605 1067 1644 vivere
1109 1608 1222 1646 vsine·

113 1683 218 1723 rent3
245 1684 357 1722 atque
381 1674 590 1723 imprimis,
619 1684 662 1713 ut
685 1675 901 1723 Psephisma
927 1676 1106 1715 adversus
1137 1679 1221 1716 Me-

115 1755 285 1794 garenses
318 1744 597 1793 antiquaretur,
649 1745 844 1793 impetrare
883 1756 958 1783 non
1000 1739 1222 1794 potuerunt.

112 1814 196 1863 Nec
217 1813 366 1853 felicius
393 1814 440 1851 iis
464 1814 577 1853 cessit
602 1824 784 1861 conatus,
813 1825 889 1862 quo
906 1816 977 1865 Jam
1004 1825 1134 1865 antea,
1149 1818 1223 1866 pri-

116 1895 173 1922 ma
191 1885 373 1934 legatione
397 1913 410 1932 ‚
430 1884 605 1924 Periclem
627 1896 647 1922 e
670 1884 820 1923 civitate
844 1885 974 1935 ejicere
1000 1888 1218 1936 voluerant;

1164 1959 1218 1996 di-

145 2066 202 2104 (1)
223 2068 317 2097 Thuc.
341 2069 366 2096 1.
390 2076 458 2104 cap.
481 2072 528 2098 88.
545 2073 610 2101 118.

149 2121 203 2158 (2)
223 2125 320 2154 Tbuc.
343 2126 368 2154 1.
390 2134 457 2162 cap.
482 2135 642 2164 119—125.

147 2180 202 2216 (3)
225 2182 304 2210 Plut.
326 2182 355 2209 in
382 2184 450 2212 Per.
480 2191 546 2219 cap.
581 2193 629 2219 33.
651 2193 683 2219 p.
714 2192 778 2219 170.
810 2186 846 2214 Β.
874 2197 921 2209 -ι
950 2187 1046 2215 Thue.
1075 2187 1112 2215 ll.
1141 2194 1208 2221 cap.

114 2244 156 2270 ¹³·
177 2250 216 2260 -
234 2238 345 2276 Jusdn.
362 2239 492 2274 Philipp.
515 2241 567 2269 111.
591 2248 656 2277 cap.
673 2249 702 2277 7.
