1502 2767
422 209 1017 252 THEOL'OGICA.
1205 222 1276 261 125

222 336 260 362 2.
289 321 785 369 Animadvertendumqur
822 329 905 359 ante
932 320 1129 360 Christum
1158 320 1281 359 omnia

169 403 215 431 eo
247 393 466 440 tenderent,
492 400 535 430 ut
564 391 700 430 talibus
722 392 891 430 homines
917 391 1171 429 imbuerentur
1194 401 1278 429 sen-

169 462 490 510 tentiis‚,quibus
523 470 559 499 et
583 460 689 499 facile
715 461 810 499 bella
834 461 1081 500 excitarentur
1109 469 1145 499 et
1169 472 1277 508 quam

169 532 402 572 atrocissime
437 539 665 579 gererentur.

222 617 259 654 3.
297 602 663 649 Demonst1·andum-‚
715 603 783 650 qui
816 601 1024 651 Religionis
1058 602 1158 641 Chr.
1194 602 1286 640 doc-

173 673 296 721 trina,
323 673 430 720 plane
464 673 691 711 contrarium
728 671 893 718 faciens,
922 672 960 710 id
984 680 1096 721 agat,
1124 679 1168 711 ut
1199 682 1286 710 cau·

171 754 232 781 sas
274 743 454 781 bellorum
495 751 691 790 amoveat,
746 754 786 780 ea
822 742 976 792 optimis
1012 741 1206 792 principiis
1246 750 1286 780 et

174 825 284 861 quam
311 813 500 852 lenissime
529 825 652 863 gerere
682 813 823 862 jubeat.

221 883 284 922 Ne
325 893 448 922 autern
485 884 523 920 in
569 882 846 932 objectionibus
889 882 1124 929 refutandis,
1164 882 1286 920 conti-

156 963 249 996 nuo
279 953 327 992 ad
361 954 481 991 eadem
517 961 730 1000 argumenta
764 962 973 1000 provocare
1013 963 1165 990 necesse
1207 951 1285 1000 sit,

173 1022 366 1061 brevitatis
396 1033 534 1060 causa:

202 1105 264 1140 «4.
302 1091 473 1130 universa
507 1091 682 1139 quaedam
719 1102 870 1130 monere
909 1091 1202 1140 constituimus,
1241 1103 1287 1130 ex

161 1162 312 1212 =quibus
351 1162 599 1210 intelligatur,
644 1162 764 1210 qualis
790 1160 984 1200 hominum
1016 1161 1062 1199 de
1092 1161 1191 1199 bello
1225 1172 1288 1210 ge·

173 1233 293 1271 rundo
315 1233 580 1272 sententiarum
604 1232 812 1272 emendatio
827 1260 840 1280 ,
869 1243 986 1280 eaque
1008 1232 1045 1270 in
1063 1231 1170 1270 bellis
1193 1243 1287 1271 con-

170 1302 325 1351 spicua,
358 1314 380 1341 a
403 1302 593 1350 religionis
621 1303 715 1341 Chr.
745 1302 914 1340 doctrina
945 1302 1191 1351 exspectanda
1219 1303 1285 1342 sit.

222 1372 369 1411 Haecce
403 1372 628 1420 inquisitio,
668 1380 711 1410 ut
745 1372 840 1411 viam
874 1372 985 1410 nobis
1024 1372 1146 1411 munit
1181 1373 1288 1411 alteri

169 1442 312 1491 capiti,
352 1442 402 1479 ita
429 1441 467 1479 in
496 1453 650 1490 campos
685 1453 757 1480 nos
794 1442 905 1480 ducet
932 1442 1204 1490 suavissimos,
1247 1443 1287 1481 in

172 1512 310 1568 quibus
352 1511 469 1560 magis
512 1512 704 1562 magisque
746 1524 964 1561 persuasum
1017 1513 1129 1552 nobis
1183 1513 1284 1562 erit,

172 1594 282 1630 quam
314 1591 399 1631 apta
427 1581 477 1620 sit
505 1583 619 1632 hujus
644 1582 855 1632 Religionis
888 1583 1057 1622 doctrina
1091 1584 1137 1621 ad
1167 1584 1289 1622 homi-

171 1663 262 1691 nurn
309 1653 356 1691 de
402 1652 501 1690 bello
548 1654 713 1702 gerundo
760 1655 962 1692 sententias
1018 1655 1284 1705 emendandas3

171 1733 323 1771 quoque
360 1722 476 1772 magis
502 1722 672 1762 homines
702 1723 794 1762 hanc
829 1725 959 1763 ducem
983 1734 1210 1774 sequantur,
1239 1738 1285 1765 eo

171 1793 313 1831 minora
345 1793 442 1832 bella
473 1804 552 1832 non
582 1805 696 1843 posse
720 1805 800 1833 non
833 1806 1054 1844 erumpere,
1082 1806 1200 1846 eaque
1219 1796 1287 1834 mi-

171 1863 247 1903 tius
279 1863 372 1914 geri.

675 1978 717 2037 §.¹
758 1989 794 2016 1.

182 2139 184 2141 ,
232 2096 344 2149 Quid
365 2098 414 2135 sit
441 2097 625 2136 hominum
651 2095 696 2134 de
721 2096 812 2135 bello
832 2095 1002 2146 gerundo
1027 2095 1226 2137 sententias
1287 2095 1289 2097 ’

330 2166 551 2215 emendare,
580 2175 616 2205 ct
641 2165 738 2218 quid
759 2164 803 2204 id
825 2168 959 2218 efficere
983 2167 1123 2215 valeat?

227 2284 430 2324 Hominum
464 2285 509 2323 de
539 2284 639 2326 bello
674 2285 840 2333 gerundo
869 2285 1131 2325 sententiarum
1160 2296 1287 2330 emen-

1180 2371 1182 2373 ’
1222 2358 1284 2396 da.
