1507 2876
261 258 312 293 44
489 244 1148 286 COMMENTATIO

260 354 478 404 prianus
511 367 600 395 num
641 367 787 395 omnem
824 354 1076 395 defensionem
1113 365 1156 393 ac
1210 354 1286 393 vim
1327 353 1367 392 in

258 425 439 464 laesiones
478 427 708 474 iniuriasque
746 427 951 464 detestatus
981 424 1120 472 fuerit,
1159 434 1238 463 non
1269 432 1369 463 certe
1427 460 1430 461 ⁷

256 495 402 534 definiri
423 505 564 545 potest.
617 498 714 535 Eum
745 505 866 534 autem
882 525 895 544 ,
912 496 978 544 qui
1004 495 1117 533 nobis
1144 495 1258 533 vitam
1293 494 1370 533 eri-

184 588 190 594 ·
252 576 342 614 pere
372 574 556 612 conatur,
595 566 803 604 interimere
839 566 913 603 sibi
947 577 1101 615 negasse
1139 565 1287 604 videtur
1313 564 1364 603 ob

254 634 494 672 homicidium
521 634 848 685 prohibitum(1).
900 636 1147 674 Vehementer
1175 645 1372 684 oppugna-

254 705 311 743 vit
334 704 498 743 militiam
522 704 784 743 Tertullia
800 716 823 743 n
839 718 861 743 u
876 717 910 743 s.
952 705 1157 744 Testentur
1183 705 1270 743 haec
1294 703 1372 742 dic-

254 782 317 811 ta:
348 801 378 819 ,‚
392 771 540 811 Licebit
561 773 597 810 in
614 774 735 821 gladio
760 774 992 822 conversari,
1009 775 1174 813 Domino
1199 784 1369 823 pronun·

254 869 287 889 ,‚
316 842 430 881 tiante
451 843 572 891 gladio
597 844 802 891 periturum
818 872 832 891 ‚
865 842 930 892 qui
952 844 1075 893 gladio
1104 843 1217 882 fuerit
1241 843 1367 882 usus?

255 940 287 960 „
315 913 367 951 Et
399 913 543 960 proelio
571 913 785 962 operabitur
801 913 901 952 filius
925 914 1054 962 pacis,
1080 913 1142 952 cui
1176 924 1223 952 ne
1250 912 1373 963 litiga-

255 1010 288 1030 „
315 994 354 1021 re
386 983 588 1021 convenit?
616 992 654 1021 et
686 984 835 1022 vincula
869 993 905 1022 et
937 994 1119 1022 carcerem
1143 991 1180 1038 et
1207 992 1371 1022 tormen-

259 1081 290 1101 „
318 1062 354 1092 ta
379 1062 416 1091 et
441 1053 628 1102 supplicia
663 1053 957 1101 administrabit,
984 1065 1052 1092 nec
1086 1039 1238 1093 suarum
1268 1053 1370 1092 ultor

254 1152 286 1171 ,.,
314 1123 555 1173 injuriarum?
601 1125 653 1161 Et
680 1123 754 1173 jam
799 1125 979 1162 stationes
1026 1134 1090 1162 aut
1119 1124 1200 1162 aliis
1252 1123 1369 1173 magis

256 1221 289 1241 „
317 1193 427 1232 faciet
441 1223 453 1242 ‚
476 1205 585 1241 quam
612 1194 767 1232 Christo
781 1194 799 1231 52
815 1214 852 1223 —
868 1195 918 1233 Et
931 1222 944 1241 ,
960 1205 1056 1242 quos
1075 1194 1235 1232 interdiu
1262 1204 1372 1232 exor-

254 1292 286 1312 ‚‚
313 1263 438 1301 cismis
464 1263 821 1311 fugavit,noctibus
837 1262 1067 1311 defensabit,
1092 1264 1310 1302 incumbens
1332 1270 1370 1301 et

250 1362 284 1382 ‚‚
314 1335 550 1382 requiescens
578 1345 690 1382 super
718 1334 835 1382 pilum
853 1362 866 1381 ,
891 1346 969 1382 quo
1000 1333 1213 1382 perfossum
1238 1343 1295 1372 est
1318 1334 1370 1372 la-

254 1430 287 1453 „
315 1412 378 1441 tus
406 1404 574 1454 Christi3
596 1403 789 1441 'vexillum
816 1415 969 1451 quoque
991 1405 1156 1453 portabit
1184 1405 1368 1442 aemulum

253 1502 285 1523 „
314 1473 491 1513 Christi?
520 1492 557 1500 -
573 1474 755 1512 Mortuus
767 1475 990 1513 cremabitur
1011 1487 1056 1514 ex
1076 1474 1272 1523 disciplina
1293 1485 1372 1513 cas-

254 1573 286 1594 „
308 1545 423 1583 trensi
458 1544 721 1592 Christianus,
748 1545 809 1582 cui
841 1557 999 1583 cremare
1034 1556 1111 1583 non
1134 1545 1271 1592 licuit,
1307 1544 1370 1582 cui

254 1644 286 1665 „
315 1617 491 1655 Christus
513 1616 639 1654 merita
659 1615 758 1663 ignis
775 1615 930 1654 indulsit
944 1616 1011 1665 (α)
1026 1613 1073 1651 ?”
1099 1616 1128 1654 E
1154 1626 1231 1663 quo
1252 1614 1322 1654 Te
1337 1626 1372 1653 r-

1277 1685 1372 1723 tul-

295 1807 342 1845 (ι)
363 1807 468 1843 Epist.
486 1808 600 1841 56,60.
619 1804 701 1833 conf.
718 1804 959 1840 Sta'udlinfl.
978 1806 1001 1832 1.
1022 1805 1062 1834 11.
1084 1808 1195 1840 p.368.
1215 1805 1251 1834 In
1261 1805 1369 1842 Epist.

255 1874 284 1895 2.
304 1884 327 1900 „
349 1863 547 1893 homicidium
560 1881 570 1896 ‚
588 1862 649 1895 ait,
671 1869 738 1890 cum
755 1861 914 1890 admittunt
932 1861 1063 1897 singuli,
1083 1861 1198 1890 crimen
1222 1870 1287 1896 est3
1306 1862 1370 1892 vir·

254 1942 278 1959 „
299 1929 346 1951 tus
372 1928 519 1955 vocatur,
544 1927 613 1948 cum
636 1919 759 1954 publice
785 1911 913 1953 'gei-itur.
962 1918 1175 1954 Impunitatem
1201 1919 1368 1948 sceleribus

257 1999 281 2017 „
301 1977 431 2015 acquirit
451 1984 513 2005 non
539 1975 733 2004 innocentiae
748 1974 849 2011 ratio,
869 1976 923 2004 sed
939 1975 1085 2004 saevitiae
1103 1974 1316 2011 magnitudo.”

295 2037 348 2074 (2)
368 2037 416 2063 Dc
435 2042 544 2063 corona
564 2034 699 2067 militis,
722 2040 751 2061 c.
771 2042 800 2062 α.
821 2033 854 2061 In
872 2031 952 2061 libro
971 2033 1005 2060 de
1019 2034 1202 2069 patientta,
1223 2041 1293 2063 cm.
1313 2033 1367 2063 ille

256 2102 295 2123 ne
317 2091 504 2129 gravissimas
527 2090 650 2126 quidem
671 2089 795 2123 injurias
819 2090 959 2118 arcendas
985 2091 1152 2121 concessit.
1174 2090 1246 2120 vid.
1273 2092 1366 2122 etiam

259 2151 393 2180 Advers.
429 2150 534 2177 Marc.
574 2156 604 2183 4.
648 2149 757 2182 Neque
780 2154 878 2175 tamen
909 2154 1028 2182 semper
1056 2147 1115 2176 sibi
1153 2155 1291 2178 constare
1321 2149 1369 2178 vi·

256 2209 364 2241 detur3
392 2207 475 2243 quod
490 2206 651 2234 deducitur
665 2213 704 2234 ex
723 2204 808 2234 libris
830 2205 864 2233 do
894 2214 943 2234 cor
970 2206 1035 2233 mil.
1053 2214 1084 2234 c.
1107 2214 1159 2241 11,
1181 2213 1229 2235 12.
1245 2205 1281 2234 de
1301 2207 1371 2235 Ido-

259 2266 360 2293 latria
384 2271 429 2300 19.
451 2271 482 2292 et
506 2264 635 2300 Apolog.
662 2271 691 2293 c.
726 2270 784 2298 27,
814 2270 865 2298 24.
895 2262 980 2292 conf.
1006 2262 1175 2292 Grotius
1198 2263 1233 2292 dn
1258 2265 1298 2302 J.
1326 2266 1366 2297 B,

260 2330 292 2352 et
309 2324 348 2352 Ρ.
368 2322 433 2351 Lib.
451 2322 477 2352 Ι,
493 2328 521 2351 c.
544 2329 573 2351 2.
593 2321 621 2358 §-
638 2328 676 2357 9,
697 2328 726 2349 et
749 2320 1001 2356 Gerhardus,
1023 2322 1046 2350 1.
1076 2323 1120 2352 eh·
1140 2332 1171 2360 p.
1195 2328 1264 2362 819.
