1523 2745
261 179 307 216 28
482 175 1146 216 COMMENTATIO

258 287 504 332 Pissuthnae,
543 286 732 324 Persarum
769 294 933 334 satrapae
968 287 1063 337 (1);
1103 286 1169 334 qui
1202 285 1372 325 lubenter

250 369 292 396 se
328 357 538 395 immiscens
570 356 681 394 rebus
727 355 986 402 Graecorum,
1026 367 1232 404 aurumque
1257 367 1368 395 suum

251 438 273 465 a
306 427 444 465 Pericle
473 434 702 464 contemtum
726 437 808 464 esse
836 436 942 473 aegre
965 425 1112 474 ferens,
1138 425 1271 464 auxilia
1292 426 1367 464 illis

251 497 379 544 misit,
429 496 567 545 quibus
601 496 745 543 plebem
796 504 1090 543 oppresserunt,
1135 479 1370 543 'praesidium

247 567 390 605 Athen.
426 566 535 604 Samo
563 565 733 603 relictum
766 574 944 613 ceperunt
980 574 1017 603 et
1045 564 1197 604 obsides
1237 565 1368 604 libera-

241 643 344 675 runt.

294 707 355 745 Eo
385 706 519 744 nuntio
558 713 712 755 accepto
748 706 880 744 iterum
907 705 1066 744 Pericles
1105 717 1191 744 cum
1228 716 1364 744 novem

247 777 402 824 collegis
439 776 549 815 classi
582 775 819 825 praefectus,
859 787 978 825 prope
1013 775 1184 824 Tragiam
1207 776 1364 814 insulam

245 858 401 885 numero
436 847 548 894 longe
575 847 787 895 superiores
815 847 1023 886 Samiorum
1053 846 1180 895 copias
1215 848 1362 886 navales

247 918 441 964 adgressus
466 925 552 963 est,
567 925 602 954 et
623 917 815 955 victoriam
847 916 1074 966 reportavit:
1106 917 1234 955 urbem
1257 918 1361 956 dein·

246 987 291 1023 de
317 985 498 1033 exclusit,
526 995 561 1024 et
586 987 694 1024 novis
718 987 877 1026 navibus
908 996 1040 1025 auctus
1072 999 1147 1026 eam
1170 988 1243 1036 J’am
1273 995 1363 1026 tune

241 1056 428 1104 cepisset,
455 1056 530 1094 nisi
555 1068 681 1094 rumor
707 1057 937 1095 Phoenicum
965 1057 1094 1095 classis
1128 1058 1359 1096 adventantis

242 1126 366 1174 ipsum
391 1138 477 1164 cum
515 1127 601 1166 XL.
641 1127 799 1165 navibus
829 1112 1016 1165 discedere
1046 1127 1246 1176 coegisset.
1300 1124 1364 1164 In-

244 1204 341 1233 terea
366 1196 546 1234 Melissus
560 1196 812 1244 philosophus
831 1197 1024 1244 ‚idemque
1039 1197 1214 1235 exercitui
1235 1197 1359 1236 Samio

244 1264 454 1312 praefectus
472 1293 484 1311 ‚
525 1265 604 1302 sive
628 1277 783 1313 parvum
815 1267 961 1304 navium
988 1267 1194 1305 relictarum
1230 1278 1364 1321 uume-

244 1345 327 1372 rum
344 1362 356 1381 ‚
383 1335 464 1372 sive
490 1336 625 1372 ducum
647 1334 716 1384 (2)
741 1335 961 1384 imperitiam
988 1346 1228 1375 contemnens
1244 1365 1257 1384 ‚
1285 1337 1360 1377 illis

244 1404 428 1453 imposuit
462 1414 499 1443 et
533 1417 678 1454 gravem
703 1406 841 1444 cladem
877 1406 1016 1444 intulit.
1041 1451 1044 1454 ⁴
1074 1409 1204 1446 Errare
1236 1416 1358 1447 tamen

240 1475 388 1514 videtur
425 1475 675 1521 Aristoteles,
704 1477 769 1523 qui
794 1476 918 1524 ipsum
946 1477 1132 1518 Periclem⁴
1153 1490 1172 1516 a
1194 1478 1355 1516 Melisso

239 1545 381 1583 victum
421 1538 567 1591 narrat,
618 1545 804 1593 siquidem
836 1557 913 1584 non
957 1546 1103 1585 aliunde
1130 1547 1197 1585 hac
1240 1547 1286 1585 de
1318 1559 1357 1586 re

241 1622 403 1653 constat.
457 1615 592 1662 Neque
618 1615 677 1653 illa
708 1615 863 1655 victoria
906 1618 1063 1655 multum
1102 1616 1235 1655 Samiis
1269 1629 1357 1666 pro·
1413 1638 1416 1639 ν

244 1684 330 1724 fuit.
397 1686 493 1724 Nam
533 1685 691 1726 Pericles
737 1684 907 1725 reversus
945 1687 1146 1726 Melissum
1191 1687 1352 1735 devicit,

1297 1769 1359 1797 ur-

278 1879 330 1919 (ι)
351 1881 395 1910 lta
414 1888 541 1911 vocatur
558 1890 575 1910 a
591 1883 688 1912 Diod.
710 1883 770 1913 Sic.
793 1883 858 1912 ΧΠ.
878 1893 925 1918 27.

277 1940 331 1976 (2)
352 1940 385 1967 In
403 1940 512 1974 quibus
531 1941 717 1976 sophocles,
744 1940 810 1970 vid.
834 1940 958 1977 Strabo,
980 1950 1012 1976 p.
1039 1944 1107 1976 638.
1131 1943 1178 1971 ed.
1199 1943 1351 1980 casaub„

241 2002 294 2037 qui
315 2001 511 2041 στρατῆγος
531 2010 648 2032 creatus
678 2011 741 2038 est,
765 2004 907 2038 quoniam
936 2004 1001 2038 ejus
1035 2005 1188 2040 Antigone
1214 2007 1354 2037 omnibus

238 2061 392 2096 placeret,
421 2061 491 2089 vide
519 2063 642 2095 Argum.
674 2061 783 2089 Graec.
811 2060 916 2096 Antig.
941 2062 984 2090 cf.
1016 2063 1149 2092 Boeckh.
1179 2064 1216 2092 de
1245 2064 1351 2100 Antig-

238 2119 329 2152 soph.
351 2118 459 2152 passim
480 2125 510 2146 et
530 2119 615 2147 Orat.
632 2118 773 2147 suvernii
789 2117 820 2145 in
838 2119 909 2147 eod.
930 2119 1002 2147 Vol.
1021 2127 1052 2154 p.
1075 2127 1120 2152 15.
1143 2128 1210 2155 sqq.
1231 2132 1278 2142 ·-
1298 2122 1353 2151 Pe-

235 2178 320 2209 riclis
348 2178 496 2224 judicium
522 2180 558 2207 de
578 2181 731 2221 Sophocle
753 2177 934 2220 στρκτῆγῳ
954 2183 1024 2212 vide
1041 2184 1118 2217 apud
1139 2184 1250 2215 Athen.
1271 2186 1351 2216 xm.

239 2243 272 2270 p.
294 2237 361 2273 604.
385 2235 426 2265 D.
