1502 2767
227 168 276 204 26
449 163 1110 205 COMMENTATIO

226 275 315 312 velit
339 273 514 313 omnibus
530 273 681 322 populis
695 273 972 313 convenientem
989 301 1003 322 ,
1018 275 1117 313 hunc
1132 301 1145 322 ,
1160 275 1335 324 deprava-

223 353 280 381 tae
305 342 447 392 generis
473 342 624 381 humani
645 343 870 382 conditionis
907 352 944 382 et
971 343 1200 392 populorum
1217 372 1231 392 ‚
1258 347 1335 392 qua

222 413 348 452 talium
367 442 381 461 ,
430 413 607 454 rationem
651 413 845 453 habentem
863 443 877 462 ‚
917 414 1056 452 bellum
1087 424 1166 452 non
1197 414 1336 453 vetitu-

221 496 330 531 rum,
376 484 467 531 sed,
507 484 572 522 ubi
602 484 669 522 alia
691 485 773 533 jura
809 496 874 524 sua
909 484 1120 524 vindicandi
1158 483 1218 522 via
1256 494 1334 522 non

221 555 294 601 sit,
334 554 407 592 nisi
441 555 666 602 populorum
696 555 834 593 ruinam
869 555 1021 604 cupiat,
1059 555 1151 593 illud
1188 553 1332 592 licitum

222 636 302 662 esse
340 625 625 663 declaraturum.

712 768 745 814 §.
802 780 841 816 4.

284 903 426 943 Bellum
452 905 667 944 inevitabile
693 919 767 945 esse
793 908 964 957 sequitur
988 918 1035 944 cx
1056 905 1276 958 populorum

593 976 713 1015 indole
737 986 774 1015 ct
797 978 961 1026 ingenio.

274 1104 474 1152 Tertium,
504 1115 581 1151 quo
618 1104 756 1141 bellum
788 1103 917 1141 evitari
943 1113 1021 1141 non
1055 1113 1170 1150 posse
1202 1101 1340 1150 probe·

224 1187 306 1213 mus
323 1204 336 1223 ,
363 1182 619 1223 argumentum
637 1202 650 1221 ,
677 1174 774 1211 haud
802 1182 938 1211 temere
963 1172 1173 1221 quaerimus
1198 1173 1235 1209 in
1255 1172 1337 1221 ipsa

222 1246 448 1294 populorum
476 1245 601 1282 indole
631 1252 668 1281 et
697 1243 876 1291 ingenio,
904 1243 983 1280 sive
1009 1243 1176 1289 ratione,
1200 1243 1239 1280 in
1263 1254 1337 1290 qua

221 1316 394 1354 nonnulli
430 1322 653 1360 versantur,
690 1314 749 1352 vel
782 1324 863 1351 sese
900 1313 1158 1350 excoluerunt.
1213 1312 1339 1350 Nimi-

221 1397 327 1431 rum,
377 1384 442 1431 qui
477 1384 708 1432 philosopho
744 1394 847 1421 more
879 1382 1072 1420 historiam
1099 1391 1260 1428 tractat,
1301 1391 1338 1420 et

221 1458 259 1494 in
291 1467 448 1502 causas,
477 1455 574 1492 unde
596 1454 692 1492 bella
716 1453 952 1500 exstiterint,
979 1453 1186 1492 accuratius
1214 1453 1340 1500 inqui-

223 1526 295 1572 rit,
335 1524 388 1561 illi
427 1523 647 1572 apparebit,
690 1523 878 1571 principes
912 1523 972 1561 vel
1011 1532 1138 1569 gentes
1164 1525 1346 1560 nonnum

222 1607 331 1643 quam
370 1596 408 1632 in
445 1594 508 1631 tali
536 1593 752 1632 conditione
786 1592 952 1640 versari,
982 1602 1023 1630 ut
1059 1593 1126 1631 hae
1160 1593 1336 1631 ferenon
1373 1588 1377 1589 ⁷

220 1666 370 1715 possint
405 1677 482 1703 non
514 1665 594 1703 aliis
632 1665 785 1713 populis
817 1665 955 1702 bellum
995 1663 1160 1710 inferre,
1211 1672 1248 1701 et
1281 1662 1338 1701 illi

221 1737 301 1775 suis
334 1737 500 1785 ipsorum
541 1735 690 1773 civibus
725 1735 883 1774 bellandi
916 1733 1061 1782 copiam
1089 1732 1232 1780 facere,
1259 1734 1334 1772 nisi

221 1820 348 1846 eorum
385 1807 529 1853 indoli,
575 1816 611 1845 et
648 1806 798 1854 ingenio
835 1806 909 1844 vim
947 1804 1082 1842 inferre
1122 1813 1159 1842 et
1195 1804 1340 1842 deside-

221 1879 284 1916 riis
312 1878 482 1915 resistere
510 1876 640 1914 velint.
694 1876 818 1926 Quis,
847 1876 1006 1923 exempli
1035 1875 1173 1924 gratia,
1207 1874 1337 1912 evitari

221 1949 392 1998 potuisse
423 1956 531 1995 putet
564 1946 658 1984 bella
674 1975 686 1993 ,
722 1958 816 1993 quae
839 1945 974 1983 Graeci
997 1957 1083 1983 cum
1103 1945 1229 1982 Persis
1252 1955 1336 1992 ges-

221 2029 371 2064 serunt,
424 2026 625 2066 postquam
665 2025 821 2064 uterque
850 2016 1016 2065 populus
1054 2016 1094 2053 in
1128 2027 1170 2053 ea
1204 2015 1337 2054 condi-

222 2091 324 2128 tione
362 2097 598 2135 versaretur,
627 2087 746 2136 qualis
780 2095 856 2125 erat
889 2095 1056 2134 tempore
1079 2085 1167 2124 belli
1196 2085 1335 2128 Persici

224 2161 348 2211 primi.
426 2159 524 2209 Quis
566 2160 665 2196 aliud
700 2158 791 2206 quid
827 2157 872 2196 ab
911 2157 1121 2195 Alexandro
1158 2152 1338 2204 Magno,

227 2244 312 2270 cum
357 2232 455 2279 apud
499 2231 617 2268 Issum
660 2229 815 2267 Darium
866 2227 1126 2266 Codomanum
1168 2224 1343 2272 fuderat,

1278 2308 1340 2334 ex·
