1507 2876
213 205 259 240 «46
568 195 973 235 ANNOTATA.

212 333 395 368 nissimum
426 341 463 364 se
486 329 598 364 Patris
623 328 678 362 sui
708 327 748 360 in
776 325 875 360 hisce
899 336 1043 372 quoque
1075 325 1190 360 literis
1212 325 1325 361 Disci-

213 400 340 447 pulum
375 396 591 443 praebuisse,
627 404 746 428 omnes
780 392 1019 427 consentiunt.
1091 392 1180 427 Huic
1209 397 1329 428 autem

213 465 414 500 doctissimo
446 463 523 497 viro
556 460 717 507 publice,
765 458 834 493 hoc
866 459 1150 505 opportunitate,
1197 459 1330 505 gratias

215 532 371 578 agimus,
421 540 487 576 pro
520 526 693 572 singulari
727 525 996 568 benevolentia,
1046 537 1117 572 qua
1152 525 1325 572 plurima,

213 598 344 645 quibus
376 597 416 630 in
449 595 516 629 hac
550 593 727 635 oratione,
777 592 822 627 ad
846 592 958 627 Patris
981 593 1091 627 vitam
1115 592 1328 630 adumbran—

214 665 314 707 dam,
340 663 396 697 usi
430 672 563 702 sumus,
600 658 785 694 nobiscum
816 658 1101 695 communicavit.

259 793 340 842 (llo)
364 793 456 827 Natu
486 791 654 826 minimus
687 789 796 833 filius,
826 790 1000 824 Gratianus
1019 790 1156 834 Smons,
1183 796 1331 839 propter

215 859 392 906 egregiam
417 858 455 892 in
479 858 585 892 rebus
611 857 764 903 Physicis
789 856 1001 899 doctrinam,
1028 857 1143 903 primo
1165 858 1204 892 in
1223 858 1331 905 hujus

214 926 422 962 Academiae
454 925 606 972 speculis
635 923 886 959 Astronomicis
909 924 1148 959 Observatoris
1183 936 1332 960 munere

216 994 375 1035 functus,
402 997 523 1038 postea
544 991 589 1026 ad
611 991 781 1037 ampliora
803 991 914 1026 stadia
935 996 1078 1026 vocatus
1099 991 1180 1026 suit.
1229 992 1331 1029 Hunc

216 1067 335 1096 autem
371 1065 504 1106 quanta
537 1059 686 1093 caritate
723 1058 826 1093 Pater
859 1058 1171 1104 complecteretur,
1221 1058 1332 1106 ipsius

215 1127 326 1162 verba
359 1131 554 1167 testantur,
605 1136 698 1170 quae
737 1124 907 1170 leguntur
953 1136 1031 1171 pag.
1057 1124 1103 1160 Iole
1138 1126 1328 1170 orationis,

216 1205 342 1240 quam:
394 1192 448 1227 De
482 1192 680 1226 imitatione
713 1191 870 1226 ‚Naturae
903 1191 944 1224 in
978 1192 1074 1226 omni
1106 1199 1181 1226 arte
1213 1192 1332 1228 sedulo

217 1260 428 1301 adhibenda,
470 1271 552 1293 cum
575 1258 818 1304 Magistratum
842 1258 1090 1293 Academicum
1114 1259 1328 1306 deponeret,

218 1327 359 1374 publice
382 1325 523 1368 habuit,
564 1325 598 1359 d.
624 1325 683 1360 26.
708 1337 755 1360 m.
782 1325 917 1367 Martii,
957 1325 998 1359 A.
1028 1325 1130 1360 1833.

264 1461 407 1496 Praeter
429 1460 522 1494 hanc
545 1464 663 1494 autem
688 1459 901 1501 orationem,
935 1469 1025 1504 quae
1050 1458 1176 1493 ultima
1199 1458 1244 1493 ab
1267 1469 1327 1502 eo,

219 1539 300 1562 cum
325 1527 480 1561 omnium
504 1527 690 1572 applausu,
727 1525 871 1572 publice
896 1525 991 1559 dicta
1016 1524 1100 1567 fuit,
1128 1526 1332 1562 etiamnunc

220 1594 441 1628 memoranda
470 1599 678 1639 supersunt,
707 1604 798 1639 quae
824 1592 929 1626 variis
955 1593 1170 1638 temporibus
1202 1593 1240 1628 in
1269 1593 1327 1629 lu-

220 1671 294 1695 cem
319 1660 499 1706 prodiere,
527 1659 716 1707 sequentia
740 1660 816 1706 ejus
841 1671 969 1705 opera:

270 1792 338 1827 Het
361 1793 550 1840 Huisselg'jlc
575 1795 684 1828 leven.
734 1792 952 1827 Amsterdam
978 1793 1081 1828 1823.

279 1927 482 1974 Voorlezz'ny
506 1939 587 1961 over
611 1928 652 1961 de
679 1927 814 1973 Poe‘zt'j,
849 1927 1029 1973 hijzonder
1052 1927 1093 1960 in
1118 1926 1334 1971 Nederland,

228 2000 263 2028 te
286 1994 415 2028 vinden
439 1994 478 2028 in
502 1995 563 2028 de:

281 2126 547 2173 Voorleziuqen,
604 2127 786 2173 yelzoaden
819 2128 860 2160 'in
895 2126 952 2160 het
985 2125 1274 2160 Lees-Museum
1308 2132 1341 2160 te

234 2193 391 2235 lhrecht,
433 2194 516 2227 door
539 2193 571 2227 J.
598 2194 684 2228 Gur-,12
709 2206 754 2227 en
778 2192 818 2227 A.
846 2194 974 2228 Sumus.
1025 2192 1073 2226 Te
1099 2192 1264 2235 Utrecht‚
1290 2191 1340 2238 hij
1402 2209 1405 2213 ·

229 2261 263 2295 J.
290 2259 507 2301 AMheer,
541 2259 642 2295 1833.
