1538 2689
269 157 320 195 44
470 146 1134 189 οοΜΜΕΝΤΑἹ-ιο

271 263 318 293 ex
333 253 446 293 linteo
467 255 708 293 convolutum
724 282 737 302 ,
768 255 931 294 diversae
955 255 1195 305 longitudinis
1223 266 1261 298 et
1285 259 1367 299 lati-

270 324 437 372 tudinis,
474 325 693 372 plerumque
729 326 930 364 secundum
970 326 1181 365 diametrum
1218 329 1368 368 arteriae

266 401 305 431 et
335 404 447 441 super
476 394 569 432 illud
606 393 778 441 ligaturas
813 396 920 432 nodis
953 396 1183 444 simplicibus
1217 399 1367 439 claudit.

268 463 388 501 Cavet
413 473 501 499 vero
533 462 571 500 in
611 463 714 500 nodo
741 465 920 502 nectendo
938 493 950 512 ‚
979 476 1025 503 ne
1054 467 1210 514 parietes
1239 479 1278 506 se
1309 468 1365 507 in·

267 531 385 569 vicem
422 531 626 579 attingant,
657 543 777 580 neque
811 534 860 571 ita
882 535 1169 583 comprimantur
1194 546 1235 576 ut
1269 550 1369 576 emo-

265 601 434 648 riantur,
461 602 521 639 vel
541 601 687 640 tunicae
717 602 864 640 intimae
898 605 1205 646 transcindantur.
1255 608 1366 657 Liga-

262 678 344 707 tura
365 670 419 708 sic
444 671 635 717 instituta,
655 672 771 709 credit
786 700 798 719 ‚
813 684 893 710 eum
923 676 1071 712 modum
1099 676 1247 714 arteriae
1270 689 1369 715 rum-

261 740 402 787 pendae
437 741 618 789 optimum
655 751 765 787 esse,
802 743 834 779 si
865 744 1020 789 parietes
1043 745 1162 791 planis
1198 757 1281 784 cum
1306 758 1368 785 su·

261 809 481 858 perficiebas
503 809 742 847 conveniant.
793 811 1007 860 Apparatus
1035 814 1226 862 ligatorius
1252 823 1366 855 totam

262 888 401 929 partem
426 880 577 918 arteriae
603 879 693 928 tegit
721 889 758 918 et
781 881 934 929 ligatura
957 882 1009 920 ibi
1031 885 1242 932 praesertim
1266 887 1367 935 agit,

265 950 331 988 ubi
363 949 489 988 arteria
513 961 596 987 cum
626 950 807 999 organicis
832 951 999 1000 partibus
1022 954 1139 992 adhuc
1165 955 1335 994 cohaeret
1350 968 1364 1005 3

263 1030 377 1068 porro
401 1018 555 1065 statuit,
570 1019 759 1066 ligaturam
781 1019 840 1058 die
859 1022 995 1060 decima
1012 1023 1138 1070 quinta
1160 1026 1217 1063 vel
1229 1026 1366 1065 decima

271 1097 401 1126 octava
431 1088 563 1135 expelli
588 1090 870 1136 suppuratione.
921 1091 996 1129 Diu
1028 1092 1081 1130 sic
1102 1105 1182 1131 sese
1211 1095 1365 1135 habebat

272 1158 466 1195 methodus
490 1158 514 1196 S
532 1169 551 1194 c
565 1170 583 1195 a
598 1169 616 1194 r
627 1171 650 1206 p
665 1158 677 1195 i
691 1170 745 1196 an
760 1171 779 1196 a
793 1172 805 1207 3
820 1162 1019 1198 nonnullos
1035 1173 1123 1200 vero
1144 1173 1227 1202 ante
1248 1176 1365 1205 annos

264 1227 477 1265 methodum
520 1227 674 1265 mutavit
709 1227 809 1276 (ι),
861 1239 991 1277 nempe
1024 1241 1151 1277 quarta
1187 1233 1245 1271 die
1275 1244 1363 1282 post

262 1295 511 1344 operationem
543 1295 742 1344 ligaturae,
792 1296 889 1335 illam
917 1300 1135 1337 transcindit
1165 1309 1360 1351 totumque

259 1373 471 1414 apparatum
504 1364 709 1414 ligatorium
737 1367 868 1406 demit.

748 1508 785 1555 ς.
836 1519 895 1556 13.

457 1644 517 1683 De
541 1643 697 1681 methodi
721 1643 951 1694 Scarpiana
972 1640 1168 1691 effectibus.

314 1783 535 1824 Accuratius
572 1783 809 1830 indagemus,
839 1793 1012 1830 quaenam
1048 1782 1296 1830 phaenomena
1320 1782 1358 1820 in

265 1855 440 1896 methodo
490 1853 641 1892 arteriae
686 1850 853 1900 ligandae
903 1851 1096 1898 Scarpiana
1153 1861 1359 1890 occurrant.

265 1927 454 1973 Scarpa
492 1922 678 1969 denudat,
730 1921 784 1959 uti
824 1921 980 1970 Jones
1006 1921 1141 1968 aliique
1157 1950 1170 1969 ,
1196 1921 1359 1960 arteriam

264 2005 303 2035 et
338 1994 446 2044 ponit
482 1991 575 2031 infra
609 2001 716 2028 unam
743 1991 800 2028 vel
826 1991 915 2028 duas
951 1990 1121 2038 ligaturas
1154 1991 1358 2040 cylindrum

263 2066 415 2104 linteum
427 2071 586 2101 ceratum
612 2059 855 2108 longitudinis
878 2070 943 2097 sex
969 2059 1142 2099 linearum
1159 2087 1174 2108 ,
1200 2060 1361 2100 latitudi-

1301 2141 1360 2171 ms

306 2221 360 2259 (ι)
379 2221 543 2255 scat-pa,
572 2218 676 2247 Ubers.
693 2226 749 2246 von
770 2220 924 2253 Ferret,
946 2218 969 2245 l.
989 2217 1012 2246 1.

1508 2366 1519 2689 -—-—..-——.—.——·a·h
