1564 2750
114 209 212 238 sectio
229 210 265 240 11.
278 211 304 247 ς.
320 218 345 244 3,

365 163 413 202 78
588 151 1244 192 COMMENTATIO

360 261 577 310 quibusdam
619 261 882 308 mollioribus,
933 262 1284 311 remissioribusque
1321 264 1466 308 dicendi

356 332 581 380 generibu53
618 332 668 369 ita
704 339 746 369 ut
779 333 921 370 tandem
956 333 1009 380 ii,
1051 333 1116 380 qui
1153 344 1234 372 sese
1267 333 1463 373 Ciceronis

356 412 522 451 tempore
565 401 715 440 Atticos
747 411 911 440 oratores
945 403 1070 441 vocari
1108 402 1314 453 J'ubebant‚
1357 413 1467 453 puta·

356 482 464 519 rent,
517 472 674 519 aliquem
693 500 705 520 ,
754 471 820 519 qui
868 465 1016 510 horride
1046 483 1083 511 et
1128 473 1265 511 inculte
1300 473 1465 522 diceret,

358 544 467 581 modo
494 542 532 579 id
558 544 738 591 eleganter
770 534 1032 590 enucleateque
1056 542 1218 590 faceret,
1245 544 1367 581 solum
1394 543 1467 582 At-

357 613 428 650 tice
452 612 587 651 dicere.
638 613 799 651 Istorum
825 611 938 660 igitur
960 613 1101 661 J'udicio
1118 640 1132 659 ,
1158 597 1192 650 si
1223 614 1347 652 solum
1372 613 1466 652 illud

357 692 414 720 est
437 683 633 729 Atticum,
670 681 828 720 Pericles
863 682 1037 730 profecto
1075 693 1151 720 non
1180 682 1274 721 dixit
1311 683 1464 732 Attice3

358 753 423 801 qui
455 761 605 800 tamen,
644 752 678 789 si
714 753 816 790 tenui
843 763 973 801 genere
1001 763 1089 790 usus
1125 761 1249 800 esset,
1276 763 1466 800 nunquam

356 823 402 862 ab
426 823 674 871 Aristophane
708 821 876 871 fulgere,
903 831 1057 870 tonare,
1096 822 1315 871 permiscere
1351 822 1470 862 Grae-

357 894 448 932 ciam
479 893 600 932 dictus
632 901 729 930 esset
763 892 848 942 (ι).
901 892 1061 931 Tantam
1098 893 1194 930 enim
1233 892 1306 931 sibi
1340 901 1470 931 aucto-

358 964 500 1001 ritatem
530 963 629 1010 apud
653 962 838 1011 Populum
865 962 1009 999 dicendi
1031 961 1141 1010 copia
1163 961 1391 1009 acquisivit,
1423 971 1468 1001 ut

361 1044 476 1081 quum
512 1041 640 1069 contra
674 1033 903 1069 voluntatem
937 1032 1221 1071 Atheniensium
1250 1033 1468 1080 loqueretur

361 1115 430 1150 pro
474 1104 592 1140 salute
634 1101 771 1150 patriae
823 1100 1013 1149 severius,
1061 1109 1182 1139 tamen
1226 1100 1265 1139 id
1319 1101 1470 1150 ipsum,

362 1171 467 1218 quod
488 1171 549 1208 ille
569 1179 697 1207 contra
728 1171 926 1218 populares
961 1170 1130 1207 homines
1162 1170 1315 1217 diceret,
1346 1181 1470 1218 popu-

361 1244 434 1278 lare
459 1240 632 1278 omnibus
665 1248 700 1276 et
734 1240 942 1289 jucundum
968 1238 1174 1277 videretur:
1202 1240 1311 1288 cuius
1345 1241 1383 1278 in
1414 1242 1467 1279 la-

340 1324 341 1327 *
362 1310 438 1348 bris
455 1318 598 1348 veteres
619 1308 794 1355 Comici,
814 1308 920 1345 etiam
946 1319 1061 1354 quum
1089 1308 1143 1345 illi
1170 1309 1261 1346 male
1276 1308 1439 1348 dicerent
1453 1338 1467 1358 ‚

362 1382 489 1431 (quod
513 1390 591 1418 tum
617 1378 778 1418 Athenis
804 1378 882 1417 fieri
910 1377 1090 1427 licebat),
1133 1389 1280 1428 eporem
1307 1379 1471 1418 habitas-

362 1464 402 1490 se
439 1451 638 1497 dixerunt,
675 1457 889 1496 tantamque
911 1448 1024 1486 ineo
1059 1447 1135 1485 vim
1168 1446 1311 1496 fuisse,
1347 1457 1390 1486 ut
1427 1449 1466 1488 in

363 1533 490 1559 eorum
506 1520 695 1559 mentibus
711 1518 777 1568 qui
806 1519 1019 1565 audissent,
1046 1518 1153 1566 quasi
1173 1519 1321 1557 aculeos
1351 1530 1469 1567 quos-

367 1593 449 1630 dam
494 1591 730 1638 relinqueret.
760 1589 830 1639 (ει)
856 1588 969 1639 (Vid.
997 1588 1080 1630 Obs.
1107 1588 1222 1637 LV).

418 1662 570 1713 Quanto
591 1669 712 1698 autem
741 1659 857 1708 magis
880 1659 979 1697 hunc
997 1658 1116 1697 virum
1129 1657 1420 1707 admirabimur,
1435 1659 1468 1697 si

369 1732 628 1782 Thucydidem
653 1731 720 1779 (3)
745 1729 993 1768 audiverimus
1020 1730 1065 1767 de
1099 1728 1242 1767 Pericle
1266 1728 1467 1769 dicentem:

365 1805 469 1844 ὁπότε
507 1807 593 1850 γοῦν
628 1802 780 1843 αἴσθοιτό
812 1816 848 1841 τι
889 1802 1016 1844 αὐτοὺς
1066 1801 1164 1849 παρὰ
1211 1802 1327 1849 καιρὸν
1367 1800 1467 1850 ὕβρει

365 1877 597 1924 &novur-occ,
632 1873 782 1920 λέγων
815 1872 1063 1915 narsitano-sev
1089 1871 1147 1910 ἐπὶ
1175 1872 1216 1910 τὸ
1246 1871 1467 1919 φοβεῖσθαι,

1407 1939 1469 1979 καὶ

404 2054 453 2090 (ι)
474 2054 538 2083 cic.
568 2055 601 2081 11.
631 2061 677 2080 cc.
706 2066 742 2073 —
771 2052 808 2079 de
839 2052 921 2080 Orat.
952 2050 992 2078 11.
1022 2057 1087 2085 cap.
1110 2059 1157 2079 22.
1189 2050 1243 2078 111.
1271 2057 1338 2085 cap.
1361 2058 1410 2087 34.
1431 2061 1470 2071 —

364 2114 449 2140 Brut.
468 2120 534 2146 cap.
547 2115 642 2148 84.—
662 2111 744 2137 Orat.
767 2116 834 2143 cap.
851 2118 881 2145 4.
904 2106 1122 2144 9.—Quintil.
1146 2107 1171 2136 1.
1186 2108 1225 2137 Ο.
1248 2107 1310 2136 ΧΠ.
1329 2115 1397 2143 cap.
1423 2113 1469 2137 ιο.

404 2170 455 2206 (α)
476 2169 541 2197 Cic.
565 2170 601 2197 de
622 2169 701 2196 orat.
723 2167 772 2194 111.
792 2174 858 2201 cap.
882 2172 931 2204 34.

400 2228 455 2267 (3)
477 2226 542 2254 Lib.
568 2227 605 2254 1¹.
629 2233 694 2259 cap.
723 2225 771 2257 65.
813 2224 885 2252 Inde
911 2230 961 2251 sua
989 2221 1084 2250 hausit
1108 2219 1291 2250 Themistius
1323 2220 1406 2250 Orat.
1433 2219 1471 2249 X·

1347 2285 1382 2312 p.
1405 2284 1470 2311 134⁶
