1523 2745
265 173 337 210 254
416 163 674 215 COMM.
729 162 1240 207 LITERARIA.

264 271 355 309 dens
374 298 387 318 ‚
413 271 563 309 coronis
600 272 780 321 vittisque
805 285 825 310 a
850 273 1069 313 mulieribus
1104 284 1257 317 ornatus
1288 285 1375 326 est,

253 348 437 387 ‘tanquam
478 342 614 378 athleta
651 354 671 379 e
714 342 810 380 ludis
850 343 971 397 victor
1015 345 1166 383 domum
1213 347 1374 386 rediens.

262 410 397 447 Punxit
432 410 502 447 hoc
550 410 774 459 Elpinicen,
831 424 924 460 quae
961 425 1079 462 prope
1117 415 1163 452 ad
1199 416 1374 455 Periclem

259 480 435 517 accedens
481 481 723 518 exclamavit:
762 482 866 519 Haec
911 485 1048 521 scilicet
1082 489 1225 524 coronis
1258 486 1375 537 digna

258 559 372 597 sunt,
399 550 530 600 quibas
548 552 730 602 plurimos
752 551 857 590 bonos
879 554 974 591 cives
994 553 1194 604 perdidisti
1207 582 1231 607 ⁹.
1249 555 1374 595 Persis

257 632 329 658 non
362 620 452 658 bello
483 621 591 659 illato
606 649 619 667 ,
648 630 690 658 ut
716 621 849 665 frater
880 633 979 660 meus
1008 620 1134 659 Cimon
1157 624 1256 671 fecit
1271 651 1286 672 ,
1312 624 1378 663 scd

257 690 489 729 Graecorum
513 690 662 728 urbibus
690 693 839 729 eversis.
870 691 946 739 Ipsi
975 692 1171 730 subridens
1187 694 1369 740 Pericles,

248 761 477 798 Archilochi
511 771 620 798 versu
645 761 860 808 respondit:
891 761 1015 799 Anum
1051 775 1287 812 nequaquam
1312 762 1373 801 de-

252 842 338 868 cere
366 832 570 868 unctionem
610 830 633 880 (
641 833 713 879 1);
742 830 801 868 his
841 831 964 868 verbis
1000 831 1132 870 leviter
1174 842 1216 870 ac
1254 831 1372 871 facete

252 900 329 948 >ipsi
373 900 602 949 exprobrans
648 900 943 948 intempestivam
988 896 1111 939 fratris
1155 901 1371 941 meritorum

258 971 561 1009 ostentationem.
617 971 780 1010 Eandem
806 970 1003 1020 Elpinicen
1025 972 1100 1021 J'am
1135 981 1239 1010 antea
1275 972 1372 1012 face·

255 1050 293 1079 te
312 1050 504 1079 monuerat
520 1070 532 1089 ‚
560 1040 671 1078 rebus
695 1040 856 1089 publicis
878 1041 986 1079 nimis
1007 1041 1176 1080 studiose
1192 1054 1269 1081 eam
1284 1054 1372 1083 sese

254 1111 459 1149 immiscere
473 1139 486 1159 ‚
500 1123 615 1159 quum
632 1119 753 1149 tamen
767 1111 858 1148 nihil
873 1111 910 1148 in
927 1122 967 1149 se
979 1111 1060 1160 ipsa
1073 1111 1223 1151 haberet
1237 1139 1251 1159 ‚
1265 1124 1343 1161 quo
1354 1141 1368 1161 ‚

254 1183 359 1230 quod
386 1183 523 1228 vellet,
549 1189 682 1229 posset
713 1181 922 1228 consequi;
951 1181 1199 1230 corporisque
1224 1181 1343 1221 forma
1360 1211 1376 1232 ‚

255 1264 328 1300 qua
365 1252 533 1300 alioquin
561 1251 648 1289 huic
672 1251 774 1288 illive
796 1250 958 1288 fortasse
979 1252 1208 1298 persuadere
1224 1251 1371 1299 potuis-

255 1331 334 1370 set,
365 1325 437 1372 J'atn
464 1323 601 1360 dudum
636 1321 868 1360 evanuisset:
908 1320 1108 1372 Elpinice,
1136 1320 1286 1368 inquit,
1310 1322 1369 1358 m'·

254 1394 323 1431 mis
354 1393 480 1430 vetula
512 1404 571 1438 cs,
615 1403 728 1440 quam
758 1400 799 1429 ut
825 1399 953 1428 tantas
978 1402 1037 1428 res
1061 1392 1254 1441 transigas
1281 1390 1369 1440 (α).

307 1462 434 1512 Quum
456 1461 608 1504 ‘minora
632 1472 698 1509 per
722 1472 812 1498 suos
844 1460 983 1498 amicos
1010 1459 1150 1498 efficere
1176 1461 1366 1508 studeret,

254 1532 421 1581 graviora
455 1540 596 1569 tantum
625 1531 706 1578 ipse
732 1539 876 1579 ageret3
907 1529 1027 1578 dixit,
1054 1529 1148 1568 idem
1177 1530 1246 1568 sibi
1271 1533 1368 1569 acci·

254 1600 364 1647 dere,
406 1599 503 1650 quod
530 1602 680 1638 triremi
722 1599 954 1637 Salaminiae
981 1600 1063 1648 (3).
1115 1600 1268 1650 Quippe
1293 1613 1366 1649 qua

252 1671 306 1709 nti
334 1670 501 1707 solebant
521 1669 797 1716 Athenienses,
825 1669 871 1707 ad
896 1680 954 1707 res
982 1669 1129 1707 maximi
1154 1671 1362 1719 momenti,

251 1742 295 1778 ad
322 1741 483 1778 theorias
514 1752 555 1777 V.
584 1752 619 1778 c.
637 1767 649 1785 ,
677 1740 732 1777 uti
754 1739 900 1779 Paralus
925 1739 1171 1788 usurpabatur
1202 1741 1248 1778 ad
1269 1751 1365 1779 nun-

251 1811 328 1848 cios
358 1810 525 1848 celeriter
548 1808 771 1848 afferendos.

1322 1875 1365 1913 In

293 1954 345 1989 (ι)
367 1954 444 1980 mut.
469 1951 499 1979 in
521 1952 589 1979 Per.
610 1958 678 1985 cap.
704 1954 750 1980 28.
771 1959 803 1985 p.
830 1954 894 1986 ¹67·
918 1952 956 1979 D.

286 2011 336 2047 (⁸)
359 2012 436 2038 Plut.
466 2008 540 2036 ibid.
571 2015 637 2042 cap.
665 2016 710 2037 10.
740 2016 770 2042 p.
798 2016 860 2042 ¹57·
891 2008 929 2036 E.
968 2021 1006 2030 —
1042 2007 1122 2036 Cim.
1151 2015 1220 2043 cap.
1249 2016 1295 2045 14.
1329 2017 1360 2044 p.

250 2073 318 2104 425.
348 2069 381 2095 13.

288 2124 340 2160 (ὁ)
364 2123 516 2151 Critolaus
536 2123 614 2157 apud
632 2124 708 2151 Plut.
730 2121 760 2149 in
779 2122 845 2151 Per.
866 2129 930 2156 cap.
952 2131 979 2157 7.
1001 2129 1032 2156 p.
1060 2130 1122 2156 135.
1148 2122 1182 2150 E.
1203 2135 1240 2144 -—
1271 2123 1361 2159 Reip-

251 2183 319 2210 Ger.
341 2187 461 2215 praece.
479 2188 545 2214 cap.
567 2187 662 2224 1521)-
682 2181 749 2211 811.
773 2180 808 2207 D.
