1502 2767
215 137 332 198 '1⁶⁶
483 153 1150 196 COMMENTATIO

257 268 379 306 luntas
414 264 583 304 definivit
617 264 719 314 pacis
744 265 981 305 conditiones
1006 266 1105 316 (1);
1134 267 1232 306 bona
1265 277 1286 305 e
1311 268 1374 306 de-

257 337 366 376 victis
404 335 620 385 regionibus
658 343 846 374 contracta
887 344 1003 384 sunt,
1057 335 1202 375 incolae
1248 347 1374 376 earum

258 405 377 444 vexati
410 415 448 443 et
479 405 518 442 in
545 402 761 442 servitutem
793 403 945 442 redacti.
1000 403 1225 454 conspicias
1260 405 1374 443 modo

259 475 489 522 triumphum
504 501 518 521 ,
547 485 657 522 quem
682 473 759 521 egit
792 474 818 511 P
833 485 942 523 omp
957 476 998 524 ej
1015 486 1099 523 us;
1128 486 1261 513 currus
1284 486 1375 514 auro

259 553 488 594 argentoque
516 542 673 590 onusti,
704 553 740 582 et
775 544 871 582 servi
889 557 975 591 ‚ex
1002 544 1234 594 undeviginti
1255 556 1380 594 popu·

260 616 307 653 lis
346 627 552 664 eorumque
583 614 817 664 principibus
851 615 1028 662 collecti,
1058 626 1143 654 eum
1175 614 1382 664 sequeban-

261 693 323 722 tur
348 684 437 733 (2).
491 684 554 723 Sic
577 684 716 724 bellum
741 684 895 733 finitur,
923 694 960 723 et
982 685 1153 735 regiones
1185 685 1287 733 ipsae
1307 683 1380 724 sibi

261 755 435 793 dominos
471 754 660 804 accipiunt
698 756 947 803 proconsules
974 765 1011 793 et
1037 763 1285 803 quaestores,
1325 762 1382 792 at-

263 836 337 872 que
367 825 551 872 gaudent,
584 825 658 863 nisi
695 825 903 863 crudeliora
935 837 1000 864 eos
1037 834 1223 864 maneant.
1282 822 1382 861 Nam

264 894 362 933 bello
391 906 476 933 cum
511 894 644 933 Perseo
678 893 786 933 finito
808 923 822 943 ‚
847 903 998 934 senatus
1024 894 1255 943 excercitui,
1275 894 1384 944 cujus

262 965 503 1013 cupiditatem
528 966 661 1013 praeda
686 965 933 1005 Macedonica
955 966 1122 1004 nondum
1147 964 1383 1013 expleverat,

264 1035 433 1082 praedam
455 1034 565 1082 Epiri
596 1035 743 1073 urbium
759 1063 773 1083 ,
800 1046 896 1084 quae
916 1036 962 1074 ad
990 1036 1120 1074 Persea
1143 1033 1380 1080 defecerant,

265 1104 438 1152 tradidit,
464 1113 500 1142 et
522 1116 597 1143 uno
623 1105 683 1144 die
720 1105 954 1154 septuaginta
977 1106 1087 1143 urbes
1107 1104 1271 1152 direptae
1291 1111 1382 1141 sunt

265 1174 480 1223 incautique
504 1175 648 1213 incolae
671 1175 865 1214 servitutis
887 1175 1049 1213 vinculis
1072 1172 1268 1212 constricti
1295 1172 1383 1222 (3).

316 1244 429 1284 Hunc
456 1246 639 1283 bellorum
666 1246 776 1284 finem
799 1245 1008 1283 detestatur
1033 1242 1226 1293 religionis
1250 1241 1385 1282 Chris·

265 1315 386 1353 tianae
408 1316 592 1354 doctrina.
649 1342 674 1363 ‚‚
698 1315 815 1365 Quod
845 1314 916 1353 tibi
952 1316 1039 1362 vis,
1077 1323 1119 1352 ut
1151 1313 1243 1362 fiat,
1270 1311 1385 1351 facias

265 1392 302 1423 et
328 1384 493 1432 alteri,”
540 1385 720 1434 praecipit
747 1386 824 1424 illa.
875 1385 915 1425 Si
954 1385 1039 1433 quis
1073 1384 1119 1422 ad
1156 1384 1238 1434 ejus
1274 1382 1384 1422 effata

265 1465 375 1492 suurn
415 1464 617 1504 componat
667 1455 859 1503 animum,
910 1454 1097 1493 caritatem
1131 1466 1174 1492 ac
1203 1453 1385 1503 justitiam

263 1532 460 1564 veneratur
492 1525 688 1573 colitque,
726 1535 803 1563 non
840 1525 1000 1563 victoria
1026 1524 1221 1571 abutitur,
1261 1534 1386 1572 neque

1331 1593 1389 1630 ul·

304 1717 359 1754 (ι)
377 1717 428 1746 Cf.
449 1717 489 1746 T.
510 1719 665 1753 Rothe,
685 1719 709 1747 l.
732 1719 754 1746 l.
773 1718 799 1746 1.
820 1726 853 1752 p.
878 1721 944 1748 226.

305 1775 360 1812 (2)
382 1774 435 1803 Cf.
455 1777 615 1810 stuart‚
640 1776 664 1804 1.
685 1776 709 1804 l.
728 1775 764 1804 X.
790 1782 824 1810 p.
848 1783 916 1810 ¹70·
942 1773 1076 1802 Pretium
1097 1780 1190 1809 opum
1211 1780 1242 1802 et
1262 1772 1385 1802 divitia·

267 1841 351 1869 rum,
381 1833 491 1868 quibus
514 1833 619 1861 curros
646 1831 882 1867 scipionis..
912 1832 949 1860 de
982 1831 1174 1868 Carthagine
1200 1829 1385 1865 triumphan—

268 1890 306 1919 tis
324 1909 335 1925 ,
380 1889 483 1918 onusti
524 1896 608 1917 erant
624 1907 635 1923 ‚
671 1888 731 1917 fuit
764 1888 952 1917 florenorum
998 1896 1070 1924 134,
1085 1895 1241 1924 000,000.
1300 1888 1385 1916 Idem

268 1946 405 1983 Scipio
442 1954 529 1975 untea
554 1945 733 1975 vendiderat
764 1955 884 1982 25,000
918 1945 1062 1974 mulieres
1097 1952 1129 1974 et
1164 1953 1290 1981 30,000
1323 1951 1386 1973 ma—

267 2011 337 2039 res,
363 2003 447 2038 quod
472 2003 558 2031 illum
586 2002 660 2031 belli
690 2002 758 2037 jure
785 2002 897 2032 fecisse
920 2002 985 2038 ipsa
1012 2001 1137 2037 agnovit
1159 2001 1385 2031 Hasdruba-

268 2059 320 2088 lis
347 2068 434 2088 uxor.
481 2059 534 2088 Cf.
563 2061 714 2095 stunt,
742 2061 765 2089 1.
791 2062 813 2089 1.
837 2061 907 2089 VII.
938 2068 970 2095 p.
1006 2063 1083 2096 260,
1119 2063 1194 2094 26¹,
1222 2062 1292 2094 265·
1334 2060 1380 2088 De

266 2118 394 2152 sylla,
417 2117 499 2145 bello
518 2116 625 2152 finito,
646 2117 677 2145 in
696 2117 852 2146 Romanos
875 2117 1052 2153 saeviente,
1075 2124 1199 2147 testatus
1224 2124 1272 2146 cst
1291 2118 1383 2147 cae-

268 2183 330 2205 sar
345 2175 375 2203 in
393 2174 553 2210 oratione,
571 2182 646 2210 quae
665 2182 764 2203 exstat
780 2176 1003 2211 apudsallus
1016 2182 1046 2212 t,
1067 2175 1151 2204 Bau.
1164 2175 1267 2204 Catil.
1288 2182 1377 2209 msc.

306 2232 360 2270 (³)
380 2233 431 2262 ef.
454 2232 614 2267 Livius,
635 2232 731 2262 XLV.
755 2241 806 2270 34.
