1564 2750
305 157 355 193 60
531 155 1191 199 COMMENTATIO

301 263 432 301 Pericli
472 264 642 302 mulctam
681 266 938 312 imposuerunt
984 267 1256 317 Athenienses,
1301 270 1408 319 ipsus

302 331 546 379 eloquentiam
585 341 773 381 artemque
808 333 998 372 militarem
1040 336 1242 375 desiderare
1275 350 1409 388 coepe·

300 410 412 448 runt3
455 413 496 439 ac
531 414 645 449 quum
681 403 916 451 Alcibiades,
954 406 1143 454 ceterique
1173 419 1216 445 ex
1244 409 1323 458 ejus
1346 421 1413 449 ne-

300 471 492 519 cessariis,
520 473 551 510 ei
589 474 883 520 persuasissent,
913 485 953 513 ut
985 476 1115 514 iterum
1143 476 1181 514 in
1218 479 1409 526 publicum

302 541 497 589 prodiret,
550 543 731 581 Praetoris
767 555 902 582 munus
936 546 1059 583 denuo
1098 546 1136 583 in
1161 558 1242 585 eum
1272 549 1412 586 detule-

304 620 416 658 runt,
463 612 661 660 omniaque
697 612 770 661 ipsi
804 613 999 652 commissa
1028 625 1130 653 sunt.
1195 616 1323 666 Atque
1357 618 1413 655 uti

305 680 376 718 fert
415 683 546 729 populi
582 684 842 731 consuetudo,
893 697 965 732 qua
991 685 1123 734 injuria
1169 697 1252 725 eum
1298 688 1410 726 modo

304 750 523 800 affecerant,
541 754 665 790 eadem
687 754 941 793 benevolentia
963 765 1061 792 nunc
1083 755 1273 803 prosecuti
1298 765 1409 795 sunt:

305 823 355 860 ita
392 830 432 859 ut
473 821 580 860 etiam
625 824 764 872 legem,
819 835 925 872 quam
963 825 1007 862 de
1054 825 1226 873 legitimis
1267 826 1414 866 civibus

307 892 440 930 tulerat
456 920 469 938 ‚
496 892 533 929 in
556 894 703 939 gratiam
719 893 853 940 nothi,
882 893 966 931 item
985 895 1135 932 Periclis
1160 897 1281 935 vocati
1296 896 1416 943 ,anti—

309 971 464 1008 quarent
491 962 576 1010 (1).
626 962 737 1010 (Vid.
782 963 868 1002 Obs.
896 963 1082 1012 LXIV.).

358 1032 466 1070 Nihil
493 1040 613 1070 tamen
655 1032 811 1080 amplius
850 1034 1005 1083 alicuius
1041 1035 1217 1072 momenti
1251 1034 1417 1074 effecisse

308 1101 479 1149 videturg,
509 1101 745 1149 quamobrem
782 1102 1022 1150 Thucydides
1057 1112 1093 1141 et
1123 1104 1312 1143 Diodorus
1345 1106 1417 1143 hoc

309 1179 477 1219 tempore
498 1172 577 1220 ejus
601 1180 753 1209 mortem
771 1181 973 1210 memorant
987 1200 998 1219 ‚
1014 1185 1234 1222 quamquam
1248 1174 1418 1222 sequenti

309 1241 454 1277 demum
486 1251 582 1278 anno
613 1240 760 1278 accidit.
823 1242 893 1279 Sed
925 1242 1082 1290 contigit
1118 1244 1177 1289 ei,
1217 1252 1285 1291 ut,
1328 1245 1415 1283 dum

308 1311 428 1348 adhuc
461 1310 499 1347 in
530 1310 626 1347 vivis
659 1319 782 1357 esset,
818 1311 1065 1349 Athenienses
1097 1312 1202 1359 plura
1243 1324 1263 1350 e
1297 1313 1341 1351 B.
1371 1314 1412 1351 P.

310 1381 558 1417 emolumenta
590 1388 777 1428 caperent.
855 1381 993 1419 Eadem
1031 1382 1097 1419 hac
1126 1390 1262 1421 aestate
1297 1384 1416 1422 Lace-

309 1450 490 1488 daemonii
518 1462 721 1497 eorumque
738 1450 831 1488 socii
852 1449 1084 1499 Zacynthum
1112 1452 1294 1499 insulam,
1323 1464 1417 1500 quae

311 1521 594 1559 Atheniensium
631 1530 752 1569 partes
782 1522 947 1569 amplexa
980 1519 1124 1568 fuerat,
1161 1521 1351 1571 aggressi,
1377 1534 1415 1560 re

312 1589 446 1627 infecta
490 1591 640 1628 domum
685 1590 802 1628 redire
847 1590 965 1629 coacti
1008 1600 1120 1640 sunt3
1176 1600 1212 1629 et
1249 1592 1356 1641 legati
1395 1604 1414 1630 a

312 1660 521 1700 Corinthiis
545 1661 590 1698 ad
625 1661 815 1711 Persarum
852 1672 971 1709 regem
1013 1660 1146 1706 missi,
1199 1669 1242 1698 ut
1270 1661 1314 1699 ab
1346 1662 1418 1699 hoc

313 1731 487 1780 pecunias
526 1730 797 1778 auxiliaresque
829 1731 954 1779 copias
987 1738 1180 1779 peterent,
1208 1731 1245 1768 in
1277 1731 1336 1768 via
1369 1730 1413 1768 ab

312 1801 636 1846 Atheniensibus,
664 1801 870 1838 Potidaeam
909 1800 1197 1846 obsidentibus,
1226 1801 1419 1848 intercepti

313 1881 426 1920 atque
453 1872 491 1909 in
526 1871 653 1909 urbem
698 1872 880 1917 deportati
914 1879 1015 1909 sunt.
1084 1870 1192 1920 Quos
1222 1870 1417 1917 Populus,

314 1953 361 1980 ne
395 1941 499 1990 plura
535 1941 607 1979 sibi
640 1952 682 1978 ex
719 1940 793 1978 illis
834 1941 925 1978 mala
962 1939 1173 1986 orirentur,
1226 1939 1337 1977 simul
1379 1947 1416 1978 et

316 2010 688 2051 Lacedaemoniorum
717 2011 921 2058 exemplum
945 2018 1098 2048 secutus
1117 2037 1128 2056 ‚
1157 2020 1284 2047 omnes
1308 2010 1419 2048 inter--

1355 2080 1414 2118 fici

355 2174 404 2212 (i)
427 2178 502 2205 Plut.
527 2175 556 2204 in
576 2179 631 2205 Per
661 2184 724 2211 cap.
748 2183 793 2211 37.
813 2184 843 2210 p.
871 2183 933 2211 ¹72·
956 2177 990 2204 C.
1012 2188 1048 2196 -
1070 2177 1164 2204 Thuc.
1189 2175 1225 2202 Π.
1249 2183 1313 2211 cap.
1326 2176 1419 2208 65.—

317 2232 408 2262 Diod.
433 2235 491 2263 sic.
514 2234 577 2261 ΧΗ.
602 2243 648 2270 45.
671 2241 715 2267 sq.
741 2247 773 2254 —
797 2233 918 2263 Aristid.
940 2241 1004 2268 cap.
1028 2234 1066 2261 ΙΙ.
1092 2242 1123 2268 p.
1147 2235 1213 2270 246.
