1502 2767
213 160 256 196 η
430 146 1073 197 INTRODUCTIff

203 265 323 294 menta
352 268 396 295 ex
422 255 531 293 effato
554 254 680 302 aliquo
695 283 708 301 ,
735 267 812 303 quo
835 256 970 294 diserte
991 255 1129 294 bellum
1155 257 1307 306 gerendi

201 326 381 363 licentiam
423 323 548 361 doceri
582 323 760 371 putabant
779 352 792 370 ‚
820 324 962 372 petita,
999 325 1045 362 ad
1079 335 1155 363 rem
1188 323 1308 363 confi-

198 397 360 434 ciendam
385 394 422 432 in
449 392 606 431 medium
634 392 873 442 proferrent3
901 394 999 432 unde
1035 404 1113 432 non
1135 402 1306 442 poterant

199 476 276 504 non
297 465 341 502 ab
368 463 548 502 historico
561 483 575 491 —
588 463 820 510 grammatica
843 464 1146 512 interpretatione
1159 491 1174 512 ,
1195 463 1305 502 unice

197 547 281 572 vera
295 562 308 579 ,
335 533 500 571 aberrare
526 541 564 570 et
589 534 635 571 ad
660 541 866 570 contortam
882 545 963 571 sese
982 543 1196 572 convertere
1215 533 1302 584 (1).

244 604 359 653 Quod
390 603 435 641 ad
460 603 606 640 alteram
643 602 870 651 quaestionis
893 613 1032 651 partem
1049 632 1062 652 ‚
1087 603 1199 654 multi¹
1221 603 1304 652 qui-

195 674 412 721 dem,iique
436 672 606 721 egregie,
633 672 801 710 eximiam
836 672 910 710 vim
936 672 1144 721 Religionis
1172 673 1304 712 Chris·

195 745 312 781 tianae
336 742 646 780 inhumanitatem
672 750 710 779 et
737 742 892 780 salutem
913 741 1059 780 civilem
1074 771 1087 790 ,
1116 754 1162 780 ex
1174 742 1303 782 melio-

193 813 296 851 ribus
312 840 325 860 ,
341 824 431 860 quas
450 812 619 850 homines
640 824 685 850 ex
711 812 811 850 illius
834 812 1001 850 doctrina
1026 821 1300 862 conceperant,

193 881 415 929 sententiis,
457 890 736 930 exposuerunt3
762 873 766 876 ’
791 882 892 930 quod
925 893 1014 920 vero
1053 883 1100 920 ad
1135 882 1301 930 bellum,

193 951 568 1000 quantumequidem
596 951 715 999 novi,
743 962 853 989 nemo
875 952 1073 1001 hucusque
1098 952 1144 990 de
1169 952 1298 991 indus·

192 1023 260 1060 tria
288 1031 325 1060 et
349 1030 518 1060 accurate
550 1021 747 1069 inquisivit
772 1021 860 1071 (2).

1231 1090 1299 1129 Li·

227 1248 283 1285 (ε)
300 1248 365 1275 Huc
377 1254 509 1282 ·praeter
535 1248 782 1278 Gerhardum
807 1248 840 1275 in
865 1248 955 1275 Locis
972 1249 1074 1276 Theoi.
1102 1248 1195 1277 Tom.
1214 1249 1298 1279 xm.

188 1306 314 1332 relatum
337 1304 493 1338 volo‚hac
510 1310 598 1338 parte
615 1302 703 1331 nimis
724 1304 881 1339 sedulum,
903 1303 1106 1337 Grotium3
1128 1304 1180 1339 qui
1201 1311 1296 1339 opere

189 1348 242 1389 cir.
266 1361 333 1389 Lib.
356 1360 383 1388 Ι.
407 1360 482 1394 Cap.
505 1367 534 1388 2.
558 1359 720 1387 duodecim
738 1358 836 1386 attulit
854 1367 1042 1394 argumenta,
1056 1360 1163 1394 quibus
1182 1360 1296 1388 bellum

188 1426 226 1446 ex
252 1417 370 1445 Ethices
393 1417 463 1444 Chr.
480 1416 618 1444 doctrina
633 1415 753 1443 licitum
772 1423 838 1444 esse
856 1417 983 1450 probare
1011 1424 1148 1449 conatur.
1179 1418 1204 1444 E
1224 1424 1295 1445 nos-

186 1482 229 1503 tra
245 1473 393 1501 sententia
409 1471 556 1507 probandi
572 1471 632 1498 vim
642 1472 750 1498 habent
767 1477 880 1498 tantum
895 1478 1066 1505 argumenta
1081 1472 1125 1499 111
1137 1491 1146 1505 ,
1164 1471 1294 1507 1v,vl,

186 1531 280 1563 V1113
301 1528 428 1561 alicujus
449 1528 596 1556 momenti
613 1535 681 1555 sunt
707 1527 732 1562 Ι,
752 1528 809 1562 XI,
835 1535 865 1555 et
881 1528 950 1557 XII.
988 1529 1021 1556 ln
1037 1527 1165 1563 reliquis
1184 1527 1214 1556 id
1231 1535 1293 1556 tan-

185 1596 246 1614 turn
271 1586 423 1618 ostendit,
445 1593 483 1613 ex
504 1584 625 1612 Ethices
643 1585 715 1613 Chr.
737 1584 874 1612 doctrina
900 1584 996 1612 licere
1017 1585 1204 1619 magistratus
1228 1593 1292 1613 mu-

184 1652 256 1672 nera
273 1643 379 1677 obire,
407 1641 507 1677 iisque
532 1640 726 1675 incumbere,
747 1640 799 1668 ubi
816 1640 871 1669 alia
893 1639 941 1674 jus
964 1640 1138 1669 vindicandi
1154 1649 1216 1670 non
1239 1649 1293 1673 su·

182 1708 285 1736 perest
310 1699 407 1735 ratio,
438 1697 471 1726 vi
490 1696 534 1725 uti
559 1698 597 1725 ad
622 1696 775 1725 maleficos
801 1697 885 1726 cives
912 1699 1151 1733 compescendos
1185 1706 1215 1727 et
1238 1708 1296 1735 pu-

183 1756 397 1790 niendos;per
422 1754 615 1782 centesimam
632 1754 755 1792 quidem
771 1753 840 1782 inde
863 1754 1113 1789 consequentiam
1135 1756 1292 1793 sequitur,

183 1821 244 1841 non
262 1821 337 1840 vero
356 1811 495 1847 directe,
519 1810 696 1839 Christianis
715 1811 832 1839 licitum
851 1819 917 1840 esse
936 1812 1047 1840 bellum
1065 1820 1183 1847 gerere.

220 1869 281 1919 (ι)ἱ
293 1868 393 1898 Libris
411 1870 470 1896 huc
486 1868 690 1903 spectantibus
707 1868 753 1896 usi
777 1876 896 1897 sumus:
915 1869 942 1896 T
955 1877 1025 1904 yge
1044 1867 1149 1898 Roth
1162 1878 1197 1906 e,
1221 1871 1291 1898 Uit-

183 1927 320 1961 wcrking
339 1934 398 1954 vau
419 1925 471 1959 het
493 1925 701 1952 christendom
721 1932 753 1960 op
773 1925 828 1952 den
855 1927 998 1954 taestand
1020 1927 1076 1955 der
1100 1928 1208 1957 volken
1230 1937 1290 1956 van

182 1985 319 2018 Europa.
362 1983 403 2010 Η.
432 1981 677 2015 Muntinghe
693 2001 703 2016 ,
728 1983 808 2008 Twec
839 1982 1106 2021 Verbandelingen
1130 1993 1202 2012 over
1234 1983 1291 2011 den

180 2040 302 2068 iuvlocal
327 2048 386 2067 van
410 2039 465 2065 den
491 2038 715 2072 Christelijken
732 2037 916 2075 „godsdienst
949 2047 982 2075 op
1022 2041 1074 2068 het
1100 2039 1289 2075 volksgeluk.

181 2099 201 2125 P
214 2104 231 2123 ο
244 2104 375 2129 τιειις,
395 2095 442 2121 De
462 2093 625 2130 gelulekige
645 2093 862 2121 uitwcrkselen
882 2103 941 2123 van
957 2096 1010 2122 laet
1030 2096 1236 2123 Christendom
1255 2102 1288 2131 op

181 2155 214 2180 de
237 2154 396 2188 helangenr
413 2152 467 2179 der
487 2151 655 2179 menschen.
673 2151 701 2178 T
714 2150 762 2178 itt
774 2157 879 2185 man,
903 2152 985 2180 Over
1003 2152 1058 2178 den
1080 2153 1204 2180 invloed
1228 2161 1289 2181 van

182 2210 232 2236 ket
259 2208 468 2236 Chriseendam
494 2214 528 2243 ‘'P-
549 2207 582 2234 de
609 2207 828 2243 enen-ikkeliag
851 2216 918 2245 *van
940 2206 994 2235 het
1020 2208 1213 2242 menschelijk
1236 2217 1290 2244 gc-

1185 2259 1289 2295 e'lacht
