1523 2745
270 156 317 192 16
490 152 1145 196 COMMENTATIO

255 262 424 310 praebuit
440 261 549 300 bilem
563 274 665 301 suam
678 263 716 300 in
726 263 901 301 PerIclem
916 261 1127 303 effundendi
1145 290 1159 311 ,
1175 265 1280 313 quasi
1296 265 1356 305 hic

256 333 305 369 ob
331 332 609 375 aemulationem
643 341 679 370 et
713 332 887 371 invidiam
925 333 1044 372 amico
1081 334 1233 374 insidias
1268 337 1365 374 strui

253 403 470 442 curavisset.
501 403 642 441 Verum
670 402 753 450 quis
780 411 852 441 tam
877 414 1007 441 caecus
1025 431 1037 450 ‚
1066 404 1130 452 qui
1155 415 1232 443 non
1258 403 1363 454 ipsos

252 472 380 520 potius
403 472 548 510 nobiles
572 472 693 511 caedis
720 481 890 510 auctores
928 472 1162 522 perspiciat?
1186 482 1250 512 aut
1275 475 1360 523 quis

254 552 331 579 non
356 553 439 580 cum
462 542 658 581 Plutarcho
684 542 895 591 indignatur
916 544 989 581 tale
1022 542 1164 585 facinus
1188 545 1362 593 imputari

253 612 361 659 viro,
388 623 465 649 non
501 612 648 659 quidem
673 624 829 660 prorsus
860 612 941 650 sine
974 614 1138 660 macula,
1165 613 1232 652 sed
1258 625 1362 663 prae·

250 681 328 719 dito
357 689 479 719 mente
503 684 682 729 generosa
709 691 745 720 et
772 682 894 720 animo
918 685 1121 733 φιλότιμῳ,
1149 683 1287 731 quibus
1303 684 1362 721 ni-

251 750 305 787 hil
323 750 420 788 inest
449 759 521 789 tam
549 752 702 790 crudum
730 760 766 789 et
789 750 908 789 ferum
923 752 942 790 2
969 753 1117 791 Plebem
1135 761 1258 790 autem
1281 763 1360 790 om-

249 831 332 859 nem
364 820 567 869 potentiam
593 820 632 858 in
654 832 694 859 se
725 822 954 869 trahentem,
983 834 1058 870 quo
1079 821 1202 860 animo
1227 821 1355 861 tulerit

250 892 414 938 Cimon,
441 902 519 929 non
557 903 653 940 opus
690 899 747 929 est
782 892 982 940 declarare3
1023 891 1062 929 in
1101 901 1213 939 quem
1242 892 1358 940 magis

248 962 356 1001 etiam
394 962 513 1001 crevit
535 961 824 1000 Atheniensium
859 961 985 1000 odium
1008 987 1021 1008 ‚
1050 972 1163 1009 quum
1199 961 1356 1009 copiae,

247 1032 384 1080 quibus
420 1039 607 1080 praeerat,
647 1032 749 1069 solae
783 1031 971 1069 sociorum
1011 1042 1032 1069 a
1055 1028 1356 1069 Lacedaemoniis

250 1102 526 1140 demitterentur
546 1102 630 1150 (ι).
660 1101 743 1139 TaIi
770 1100 897 1139 obruti
921 1101 1144 1149 ignominia,
1159 1101 1355 1139 Cimonem

243 1180 429 1219 tamquam
459 1170 647 1219 Spartanis
682 1170 797 1207 nimio
832 1169 1017 1208 faventem
1041 1170 1114 1220 (2)
1152 1178 1189 1207 et
1219 1170 1351 1218 populi

242 1241 447 1278 commodis
478 1241 756 1287 adversantem,
785 1220 1002 1278 ostracismo
1043 1240 1346 1279 condemnarunt.

242 1306 420 1358 (olymp.
449 1307 623 1347 LXXIX.
655 1319 691 1356 3.
717 1319 752 1346 a.
781 1307 832 1347 C.
858 1307 973 1356 461).

736 1451 774 1499 §.
811 1451 854 1489 6.

288 1591 419 1630 Variae
452 1588 638 1626 insecutae
677 1594 765 1624 sunt
804 1583 1058 1633 expeditiones
1095 1591 1224 1623 contra
1263 1586 1344 1625 Co-

235 1659 395 1699 rinthios
428 1653 522 1710 (3),
562 1656 759 1706 Aeginetas
793 1655 892 1705 (4),
919 1654 1147 1704 Aegyptiaca
1182 1655 1279 1705 (5),
1305 1656 1344 1694 in

239 1730 375 1778 quibus
400 1736 464 1766 aut
492 1728 614 1766 nullae
641 1735 705 1765 aut
732 1736 810 1764 non
836 1736 986 1775 magnae
1008 1725 1159 1765 fuerunt
1190 1725 1340 1765 Periclis

1258 1806 1342 1845 par-

273 1896 324 1935 (1)
346 1897 444 1925 Thuc.
464 1897 517 1924 l.l.
540 1896 616 1924 Plnt.
639 1893 719 1921 Cim.
741 1899 782 1925 17.
802 1890 898 1920 Diod.
917 1891 977 1922 Sic.
998 1891 1052 1919 XI.
1076 1893 1125 1928 64.

270 1956 322 1992 (2)
343 1955 422 1983 Plut.
450 1955 473 1981 1.
497 1961 524 1981 c.
546 1955 590 1982 16.
616 1951 646 1980 si
669 1950 744 1978 fides
768 1950 901 1978 habenda
918 1955 962 1977 est
986 1947 1182 1977 stesimbroto
1205 1946 1337 1985 Thasio,

233 2010 298 2045 ejus
329 2008 464 2045 aequali,
494 2007 626 2037 moribus
651 1997 709 2035 fuit
736 2008 901 2041 Spartano,
937 2012 1025 2041 quam
1049 2004 1228 2035 Atheniensi
1253 2004 1336 2035 simi·

229 2068 304 2097 lior.

272 2125 322 2161 (3)
343 2124 442 2152 Thuc.
466 2122 491 2151 1.
516 2127 568 2153 105
589 2127 620 2149 et
641 2123 704 2151 106.
725 2116 852 2148 Aristid.
872 2119 990 2149 Panath.
1007 2120 1031 2147 1.
1059 2127 1122 2153 155·
1140 2118 1227 2156 Jebb.

268 2183 321 2218 (4)
342 2182 439 2209 Thuc.
463 2181 486 2208 1.
513 2187 563 2213 105
585 2185 616 2206 et
635 2181 701 2207 108.
724 2177 773 2205 Cf.
797 2177 910 2204 Muller
929 2175 1069 2210 Aeginet.
1090 2184 1122 2211 p.
1148 2184 1217 2213 179.-

271 2245 323 2276 gs)
342 2238 419 2266 ibid.
444 2245 507 2273 104.
530 2245 594 2272 109.
619 2243 682 2265 110.
704 2233 796 2263 Diod.
819 2232 878 2262 Sic.
897 2233 948 2262 XI.
966 2239 1016 2266 71.
1037 2238 1087 2268 77.
