1502 2767
213 193 259 238 48
439 188 1103 229 COMMENTATro

213 302 279 338 hac
326 299 488 338 civitatis
547 298 667 336 forma
714 299 825 337 animi
875 307 912 337 et
956 298 1141 347 corporis·
1164 297 1319 339 faculta-

215 382 272 409 tes
298 370 443 408 facilius
479 378 738 407 conservarent
770 379 806 407 et
852 370 1089 418 explicarent.
1134 395 1192 406 --
1218 370 1321 420 Quid

211 441 335 485 aliud,
373 438 546 486 quaeso!
590 438 700 487 Jesus
737 440 830 476 velle
878 440 1024 486 potuit,
1063 451 1204 488 quam,
1243 452 1320 488 quo

210 509 366 547 celerius
415 517 450 545 et
497 507 642 546 facilius
687 508 906 556 gravissimo
949 509 1019 547 Dei
1053 510 1213 548 consilio
1250 510 1321 548 ho-

211 579 327 616 mines
365 580 410 616 ad
455 577 720 626 perfectionem
770 580 941 616 moralem
985 579 1170 627 ducendi,
1213 580 1322 619 satis·

206 648 341 686 faciant
358 677 371 695 ‚
400 656 440 685 ut
461 656 628 686 externas
655 658 741 685 suas
764 647 996 685 conditiones
1027 660 1136 695 quarn
1163 650 1321 688 maxime

208 719 419 756 commodas
456 718 609 755 reddant
644 727 679 756 et
713 718 838 765 aptis,
867 719 1004 765 quibus
1034 720 1142 767 copia
1173 718 1218 756 iis
1258 719 1322 758 fiat

206 787 277 826 Dei
310 788 488 825 honorem
528 799 708 834 suamque
744 799 865 825 veram
902 790 1057 826 salutem
1092 799 1320 837 promoven·

205 858 357 906 di(1)‘.2
384 858 490 906 Ipsas
516 867 637 896 autem
666 857 863 895 societates
890 858 1019 896 civiles
1035 871 1116 896 esse
1137 859 1322 908 comperi-

148 978 153 984 ·
207 928 467 975 mus‚quibus
494 929 616 965 studia
647 929 794 966 moralia
812 929 1231 977 explicare‚omniaque
1244 930 1320 968 vir-

206 998 298 1035 tutis
325 1008 455 1045 genera
479 997 623 1036 facilins
651 1000 773 1036 colere
787 999 979 1047 =discamus
996 1028 1008 1046 ,
1036 1000 1180 1046 verbo,
1214 1001 1319 1038 facil-

204 1068 292 1106 lime
318 1067 356 1105 in
385 1067 651 1116 perfectionem
679 1069 861 1106 enitamur
897 1071 1070 1106 moralem
1098 1070 1179 1118 (2).
1204 1071 1315 1120 Jesus

205 1137 383 1175 Christus
424 1138 542 1185 probe
582 1139 787 1186 praevidit,
820 1139 947 1177 civiles
984 1140 1180 1178 societates
1219 1141 1314 1179 bene

203 1208 455 1254 constitutas,
482 1220 553 1244 suo
576 1208 735 1246 consilio
769 1221 877 1256 quam
903 1209 1057 1246 maxime
1085 1210 1276 1249 inservire.

256 1279 313 1316 Ex
340 1278 412 1314 hoc
440 1278 625 1325 consilio,
656 1289 731 1325 quo
766 1277 877 1326 Jesus
910 1279 1088 1316 Christus
1121 1281 1312 1318 civitatum

204 1347 358 1386 formam
391 1348 593 1396 probavit,
635 1358 832 1395 appareat,
861 1334 981 1386 cuivis
1009 1349 1226 1387 Christiano
1253 1361 1316 1388 so·

201 1419 370 1456 cietatem
406 1418 549 1456 civilem
595 1417 701 1465 quam
732 1418 886 1455 maxime
919 1419 1019 1455 cordi
1054 1429 1162 1465 esse,
1196 1428 1313 1467 utque

205 1491 381 1526 exsistere
426 1496 576 1535 pergat,
620 1487 719 1525 omni
753 1487 879 1525 labore
918 1499 1072 1535 curare,
1109 1498 1314 1536 oportere3

204 1559 318 1606 idque
339 1570 409 1606 pro
435 1558 602 1605 graviore
635 1566 669 1594 et
696 1559 879 1595 sanctiore
901 1559 978 1606 ejus
1008 1558 1163 1596 consilio
1180 1588 1193 1606 ‚
1220 1561 1315 1597 mul·

203 1637 243 1666 to
293 1629 406 1676 magis
438 1640 546 1674 quam
586 1628 617 1665 si
666 1627 767 1666 cives
797 1628 1045 1666 Christianam
1096 1628 1310 1678 religionem

202 1711 280 1737 non
322 1700 608 1746 amplectuntur.
864 1686 870 1691 ”

252 1770 360 1820 Quae
387 1780 501 1817 quum
539 1768 590 1805 ita
627 1769 729 1814 sint,
784 1769 868 1816 quis
890 1797 902 1815 ‚
955 1769 1155 1817 religionis'
1178 1771 1312 1809 Chris-

200 1841 319 1878 tianae
361 1840 520 1877 consilio
563 1839 691 1877 leviter
725 1840 835 1876 modo
874 1839 1067 1887 imbutus,
1132 1852 1196 1878 eos
1233 1842 1313 1879 cul-

202 1923 289 1959 pare
339 1910 428 1947 velit
450 1937 463 1957 ‚
529 1909 593 1956 qui
629 1908 720 1955 Jesu
768 1908 915 1946 Christi
961 1910 1120 1947 consilio
1142 1938 1155 1957 ‚
1208 1910 1312 1957 quod

350 1976 353 1980 ’
1261 1979 1315 2018 ci-

240 2043 284 2080 (1)
306 2044 371 2079 ipsa
396 2050 499 2071 natura
522 2044 597 2070 hanc
624 2041 703 2070 viam
736 2042 925 2070 monstravit.
963 2041 1027 2070 Cfr.
1058 2042 1310 2080 Jerusalem,

199 2113 268 2132 over
291 2102 324 2129 de
341 2096 558 2130 'voornaamste
575 2099 754 2127 waarhedcn
774 2108 833 2127 van
860 2099 915 2126 den
942 2099 1142 2135 Godsdienst‚
1163 2100 1254 2130 Tom.
1283 2101 1308 2131 Ι.

199 2168 266 2196 pag.
296 2162 355 2189 '3'2
377 2165 444 2191 sqq.

238 2215 291 2252 (2)
312 2214 377 2241 Csr.
398 2212 621 2246 Rcinhard,
644 2206 759 2238 clxris't.
785 2211 913 2243 Zedek„
935 2211 1024 2239 Tom.
1044 2213 1084 2240 V.
1098 2220 1130 2247 p-
1151 2222 1218 2249 259.
1239 2221 1306 2250 sqq.

200 2271 413 2304 Musti-cim,
439 2270 558 2297 Christ.
582 2269 713 2303 Zedak„
734 2269 826 2296 Tom.
849 2269 934 2297 vm.
953 2269 1021 2303 673.
