1564 2750
428 179 936 226 L1TERAR1A.
1091 217 1094 220 Α
1191 194 1241 234 93

1254 242 1354 274 sectio
1365 242 1409 272 11.
1427 237 1496 280 §.s-

138 292 274 338 Nam,-
289 291 345 330 uti
368 291 588 331 Plutarchus
613 293 892 341 animadvertit,
919 303 997 331 non
1018 293 1138 332 eadem
1166 302 1244 332 erat

141 360 361 409 Philosophi
392 371 428 400 et
455 361 603 400 Politici
631 363 728 401 vita:
770 374 928 411 quorum
968 362 1029 400 ille
1065 361 1105 400 in
1133 361 1246 400 rebus

141 430 311 469 honestis
343 440 499 471 mentem
527 432 746 480 exercebat,
774 432 922 471 minime
957 440 1160 470 exterarum
1193 442 1251 470 re·

139 511 220 537 rum
258 500 441 548 indigam:
497 501 586 546 hic,
636 503 681 541 ad
719 513 832 541 usum
875 501 1067 540 hominum
1106 513 1252 540 accom-

141 570 294 608 modans
322 570 495 609 virtutem
512 599 525 619 ‚
564 572 771 610 necessario
806 571 981 611 utebatur
1014 571 1152 610 divitiis
1170 599 1184 619 ,
1208 580 1253 609 ut

140 638 297 677 honeste
320 639 417 678 inter
443 642 642 689 populares
669 642 826 680 viveret.
877 643 1083 692 Quumque
1103 641 1253 680 minime

138 707 178 746 in
199 700 366 747 'illorum
405 711 644 749 Politicorum
685 722 839 750 numero
869 713 1074 750 censendus
1112 711 1254 758 fuerit,

84 795 89 798 ²
143 778 210 826 qui
249 791 269 817 e
301 779 462 828 publicis
502 782 667 829 pecuniis
711 782 895 831 privatum
938 791 1131 830 quaestum
1165 781 1256 820 faci-

146 857 233 896 ant3
262 861 359 888 uxor
389 859 510 890 autem
534 863 554 889 e
584 851 738 900 prodiga
773 852 952 901 Megaclis
985 862 1094 900 gente
1127 851 1258 890 oriun-

146 918 192 956 da
219 920 314 969 (1),
365 919 534 969 filiique,
585 922 631 960 ad
670 921 855 960 luxuriam
898 921 1258 971 possessionumque

145 987 442 1037 dilapidationem
471 999 596 1028 essent
625 991 838 1040 proclives3
888 1003 1032 1030 omnem
1065 991 1119 1030 rei
1153 990 1261 1030 fami-

146 1057 228 1096 liari
260 1069 409 1107 operam
442 1059 570 1098 dedit:
613 1061 662 1098 ita
695 1061 803 1098 utin
826 1062 945 1110 ampla
973 1060 1038 1099 hac
1071 1062 1183 1099 domo
1221 1069 1259 1100 et

147 1126 286 1176 o'pibus
335 1129 529 1175 affluente,
581 1127 674 1167 nihil
714 1129 898 1178 efflueret,
951 1141 1079 1168 verum
1126 1141 1257 1170 omnes

142 1196 331 1247 impensae
364 1198 562 1247 omniaque
602 1200 849 1238 emolumenta
881 1209 985 1249 certo
1017 1208 1145 1239 essent
1185 1211 1257 1239 nu·

143 1279 245 1306 mero
290 1277 327 1307 et
372 1270 483 1308 modo
532 1270 749 1311 constituta.
828 1271 935 1321 Quae
982 1280 1024 1309 ut
1067 1271 1253 1320 efficeret,

144 1339 359 1387 praesertim
387 1339 571 1387 Euangeli
607 1340 706 1379 servi
747 1352 858 1389 opera
897 1340 1097 1389 utebatur3
1141 1353 1254 1390 quem

145 1410 330 1458 praeclara
354 1421 466 1458 supra
499 1417 644 1449 ceteros
672 1409 798 1449 indole
824 1411 1052 1459 praeditum,
1094 1409 1176 1459 ipse
1208 1412 1256 1450 ad

148 1478 389 1519 domesticam
424 1479 655 1529 disciplinam
702 1480 932 1519 instituerat.
1008 1480 1257 1520 Vehementer

149 1557 271 1588 tamen
313 1550 403 1589 haec
444 1550 713 1599 displicuerunt
757 1550 901 1588 mulieri
946 1550 1136 1599 filiisque,
1188 1551 1255 1600 qui

149 1631 237 1659 suas
265 1620 432 1668 querelas
455 1620 596 1668 ubique
617 1620 876 1668 proferentes,
911 1629 1051 1669 patrem
1084 1621 1258 1661 avaritiae

152 1699 387 1730 accusarunt.
440 1692 496 1730 Ac
525 1701 612 1730 sane
637 1690 707 1728 filii
738 1690 916 1739 amicum,
948 1691 1014 1740 qui
1034 1692 1120 1730 huic
1145 1704 1257 1741 pecu·

153 1760 232 1799 nias
256 1769 403 1800 mutuas
419 1760 594 1809 dederat,
620 1761 750 1799 deinde
775 1772 861 1799 suas
886 1762 1079 1810 repetierat
1094 1791 1107 1810 ,
1134 1763 1172 1800 in
1194 1764 1257 1813 J‘us

153 1830 319 1869 vocavit.
348 1829 448 1877 Sed,
485 1829 655 1877 quamvis
688 1830 803 1878 igitur
829 1839 1013 1869 recusaret
1038 1831 1184 1882 prodigi
1205 1833 1263 1871 in-
1321 1853 1323 1855 ·

155 1900 261 1949 opiae
293 1911 534 1949 succurrere,
585 1900 633 1939 ab
660 1901 831 1941 avaritiae
866 1902 1124 1942 criminatione
1152 1907 1263 1953 plane

1171 1974 1262 2013 libe-

155 2082 196 2104 no
222 2083 288 2112 cap.
314 2079 344 2106 8.
374 2085 405 2112 p.
433 2080 482 2111 83.
514 2077 550 2106 E.
582 2089 618 2099 —
645 2076 739 2112 Diog.
763 2077 867 2106 Laert.
892 2075 963 2105 Lib.
985 2076 1025 2105 11.
1054 2083 1146 2110 segm.
1171 2077 1203 2106 6.
1224 2089 1261 2098 -

156 2116 272 2161 Hinier.
299 2134 379 2168 apud
404 2133 496 2163 Phot.
524 2142 557 2170 p.
588 2137 674 2164 1088.
704 2142 736 2169 p.
756 2135 807 2171 84.
835 2134 975 2164 Wernsd.
1005 2132 1120 2168 quique
1154 2133 1197 2163 ibi
1217 2133 1260 2162 ci-

157 2194 268 2217 tantur.
289 2201 326 2209 -—
345 2189 471 2218 Schaub.
495 2190 548 2220 lib.
567 2191 648 2218 laud.
672 2198 703 2225 p.
725 2198 753 2225 7.
776 2198 823 2225 sq.

197 2244 246 2282 (ι)
267 2246 359 2275 conf.
382 2247 536 2282 Aristoph.
559 2247 641 2277 Nub.
660 2255 706 2277 vs,
727 2250 777 2284 46.
801 2254 869 2283 sqq.
892 2246 964 2283 ibiq.
986 2246 1085 2276 schol.
