1502 2767
407 199 1007 242 THEOLOGICA.
1205 205 1274 251 165

150 316 187 346 et
220 307 386 357 Narses,
421 309 479 347 La
508 309 690 359 Nouios,
730 311 944 361 Bayardos,
973 313 1162 351 Gastones
1193 314 1271 351 Nc-

149 388 367 426 morenses,
409 379 620 429 Colignyos
640 409 653 427 ‚
687 381 893 429 Condeos,
933 382 1174 428 Turcnnios,
1204 383 1268 420 Fa-

149 447 266 496 bros,
307 449 534 498 Catinatos,
583 451 778 500 Philippos
813 453 1038 500 Sydneyos,
1084 451 1263 497 Bidinos,

147 518 360 572 Moukios,
384 520 697 570 Wassingthones
713 551 726 568 ,
750 522 924 571 Spinolas
941 551 954 570 ‚
977 523 1141 560 Andreas
1157 520 1264 559 D'O⁸

143 589 240 636 ria,
266 589 527 638 Kutusowes,
569 592 773 630 Ziethenos
791 620 805 639 ,
835 591 1097 640 Schwerin'0s‚
1128 592 1265 630 Trom—

141 660 228 709 pios
243 688 256 708 ‚
283 660 450 701 Ruteros
466 690 478 709 ,
506 662 682 700 Frisones
696 691 709 709 ,
725 662 991 702 Coehoornios
1006 691 1019 708 ‚
1033 661 1233 709 Beilingios
1249 689 1263 708 ,

145 730 454 780 Wassenaerios,
482 733 698 771 Fredericos
714 733 1029 780 Henricos,alios
1046 760 1058 779 ,
1086 732 1152 779 qui
1169 733 1262 768 mul-

145 800 195 838 tis
235 802 448 840 nominibus
485 803 621 851 egregii
652 814 688 842 et
723 803 929 842 Christiani
965 803 1076 840 duces
1112 801 1260 848 Gallis,

144 871 279 920 Anglis
294 900 307 919 ,
333 873 509 921 Hispanis
526 901 538 919 ,
551 873 818 911 Genuensibus
834 901 846 919 ,
859 873 997 911 Russis
1009 902 1021 920 ,
1037 871 1231 909 Germanis
1247 900 1261 919 ‚

146 941 319 989 Batavis,
367 942 449 980 aliis
488 942 660 991 gentibus
701 941 915 980 ornamento
948 941 1135 990 fuerunt3
1181 942 1261 989 qui-

147 1023 222 1060 que
256 1011 332 1050 fere
369 1023 497 1049 omnes
527 1023 639 1060 supra
666 1011 910 1049 dubitationis
937 1013 1048 1050 aleam
1075 1010 1277 1060 posuere,

145 1080 353 1129 Religionis
389 1080 622 1119 Christianae
659 1081 862 1119 doctrinam
902 1092 1007 1128 esse,
1061 1093 1155 1129 quae
1193 1081 1260 1118 ho-

145 1150 282 1189 minem
307 1161 352 1188 ex
378 1149 594 1188 melioribus
618 1161 725 1199 agere
750 1151 880 1188 doceat
909 1150 1129 1199 principiis,
1157 1161 1259 1187 eum-

145 1232 221 1270 que
252 1220 378 1259 mitem
411 1222 536 1259 reddat
564 1229 601 1258 et
633 1222 877 1267 clementem,
916 1220 1023 1258 etiam
1061 1229 1164 1265 tum,
1196 1220 1260 1257 ubi

143 1290 351 1340 periculum
387 1300 471 1338 est,
513 1302 559 1328 ne
592 1290 702 1327 animi
735 1290 889 1327 affectus
937 1289 1261 1338 praedominentur

143 1369 182 1399 et
215 1361 360 1409 homo,
397 1359 496 1397 ferae
531 1360 673 1407 instar,
713 1362 751 1397 in
788 1360 973 1398 hominem
1012 1360 1162 1398 saeviat.
1205 1379 1259 1386 -

143 1430 291 1480 Quodsi
332 1430 467 1469 milites
510 1429 752 1477 consideres,
805 1439 860 1469 est
912 1431 1046 1468 horum
1100 1430 1257 1467 militum

141 1502 392 1551 gregariorum
422 1500 582 1549 vulgaris
623 1511 733 1546 sors,
785 1510 853 1548 ut,
900 1499 975 1538 nisi
1013 1501 1261 1548 splendidiora

142 1571 238 1611 facta
277 1571 483 1618 ediderint,
514 1579 598 1608 vate
620 1579 765 1608 careant
790 1582 923 1617 sacro,
953 1579 989 1608 et
1022 1581 1105 1608 vera
1131 1581 1257 1607 eorum
1284 1601 1289 1604 .

143 1642 295 1689 virtus,
337 1642 381 1679 ab
414 1640 515 1678 omni
551 1652 661 1689 saepe
690 1641 939 1678 ostentatione
974 1640 1116 1686 aliena,
1166 1639 1262 1676 obli-

144 1712 249 1750 vioni
283 1712 459 1749 tradatur.
514 1710 574 1748 Ne
604 1711 748 1756 dicam,
788 1709 1026 1756 Historicos‚
1070 1710 1135 1756 qui
1169 1711 1262 1747 bella

144 1780 416 1825 conscribunt,
457 1779 596 1817 multos
630 1790 739 1828 saepe
771 1791 850 1816 esse
884 1779 923 1815 in
953 1778 1060 1816 factis
1101 1778 1261 1816 heroicis

144 1850 372 1896 referendis,
425 1861 556 1899 parcos
586 1861 672 1887 vero
711 1849 749 1886 in
785 1859 951 1894 morata,
978 1859 1064 1885 cum
1098 1849 1257 1893 ducum,
1303 1851 1305 1853 ’

144 1930 223 1959 tum
260 1920 418 1958 militum
452 1920 611 1957 maxime
642 1918 923 1968 gregariorum,
951 1918 1166 1955 conditione
1199 1929 1259 1954 ex·

142 1991 341 2041 ponenda,
367 1990 453 2027 hinc
487 1989 605 2027 rarius
634 1990 679 2027 de
700 1988 880 2026 militibus
896 2016 909 2034 ,
939 1989 1041 2035 quod
1065 1988 1110 2025 ad
1131 1999 1258 2024 eorum

143 2071 266 2098 mores
291 2059 451 2105 attinet,
478 2059 618 2096 mentio
642 2059 820 2108 injicitur.
878 2059 950 2096 Sed
978 2059 1104 2105 quales
1132 2058 1263 2095 Chri-³-

145 2129 261 2177 tiani,
285 2129 324 2167 in
354 2129 611 2167 Romanorum
653 2129 785 2166 castris
830 2128 1012 2177 stipendia
1050 2137 1257 2174 merentes,

145 2200 272 2247 quales
312 2199 466 2240 Henrici
503 2198 626 2248 quarti
661 2199 817 2248 copiae,
861 2200 987 2247 quales
1018 2199 1153 2237 milites
1188 2200 1259 2237 sub

145 2269 338 2309 Frederico
378 2280 495 2320 prope
528 2270 700 2309 Leuthen
735 2270 1016 2319 belligerantes,
1045 2270 1135 2307 tales
1166 2271 1264 2308 haud

1177 2352 1267 2388 pau-
