1523 2745
217 209 289 246 182
363 205 622 245 COMM.
675 206 1185 248 LITERARIA.

220 312 448 363 tyrannidem
460 323 640 353 mutatum
659 314 723 365 i1·i;
748 327 790 353 se
811 324 929 354 autem
944 327 1089 366 semper
1100 319 1328 357 moderatum

223 385 438 433 praestitit:
506 394 733 434 quapropter
782 398 802 423 a
842 383 1039 425 Plutarcho
1085 390 1229 437 σώφρων
1262 388 1333 437 (1)

222 456 440 502 appellatur.
486 455 721 503 simultatis,
752 468 845 503 quae
876 457 1080 495 euminter
1098 469 1138 495 ac
1157 459 1332 496 Periclem

223 523 325 572 fuit,
369 525 613 563 meminerunt
647 527 753 564 etiam
784 528 995 565 Athenaeus
1034 536 1069 565 et
1106 527 1332 565 Scholiastes

224 594 269 631 ad
305 593 593 643 Aristophanem
633 595 729 644 (2);
789 596 923 634 Cicero
953 599 997 635 de
1033 597 1214 637 ambobus
1243 609 1335 636 con-

221 663 380 712 junctim
403 665 478 712 egit
507 665 545 702 in
559 663 676 703 Bruto
692 666 773 715 (3).
816 667 923 704 Circa
945 667 1213 716 haectempora
1241 668 1336 718 acci-

226 732 309 781 dit,
336 743 378 772 ut
405 734 527 782 aries,
556 746 631 773 uno
669 746 809 774 tantum
845 747 964 774 cornu
993 737 1031 774 in
1061 738 1177 775 media
1208 737 1332 775 fronte

225 804 441 852 praeditus,
480 816 502 843 e
533 806 620 844 villa
647 807 799 853 quadam
827 806 974 844 Periclis
1001 806 1046 843 ad
1071 817 1154 844 eum
1183 807 1339 845 adduce-

227 881 345 913 retur.
370 875 460 924 Quo
479 875 560 914 viso
584 876 727 924 Lampo
749 886 851 914 vates
871 876 985 914 dixit:
1016 887 1132 924 quum
1163 877 1237 915 duo
1269 874 1339 914 hac

229 952 347 982 aetate
376 955 499 983 essent
524 945 562 983 in
585 947 733 984 civitate
768 946 1016 994 potentissimi
1039 947 1133 994 viri,
1170 945 1268 992 fore,
1298 955 1342 984 ut

231 1015 322 1052 alter
346 1015 670 1064 ejiceretur‚alte1·
696 1028 838 1054 summa
874 1016 912 1053 in
941 1017 1130 1063 republica
1154 1015 1339 1063 potiretur

231 1085 412 1132 potentia.
448 1086 691 1134 Anaxagoras
731 1095 878 1132 autem,
907 1086 1066 1123 discisso
1103 1085 1254 1131 eramo,
1282 1096 1344 1123 os-

237 1153 379 1201 tendit,
410 1154 569 1192 fortuito
608 1167 648 1192 ac
687 1157 844 1193 naturali
880 1157 1030 1203 quadam
1059 1167 1168 1192 causa
1205 1153 1345 1193 factum

233 1221 379 1271 fuisse,
416 1231 459 1260 ut
490 1224 565 1261 duo
590 1234 729 1262 cornua
752 1225 790 1261 in
816 1236 931 1262 unum
969 1228 1264 1272 convenissent,
1292 1234 1345 1262 at-

237 1303 312 1339 que
346 1293 437 1329 adeo
465 1304 581 1330 unum
612 1303 752 1330 tantum
777 1305 894 1330 cornu
921 1303 1064 1330 enatum
1095 1293 1241 1335 fuisset.
1268 1295 1347 1332 Ad·
1382 1319 1386 1323 -

238 1361 294 1398 dit
323 1362 547 1400 Plutarchus
571 1362 672 1410 (4),
701 1363 820 1410 primo
851 1373 1016 1410 tempore
1043 1366 1280 1411 Anaxagorae
1306 1364 1349 1401 fi-

242 1430 323 1468 dem
370 1429 487 1469 fuisse
524 1432 709 1475 habitam,
760 1432 863 1470 brevi
897 1442 1017 1470 tamen
1062 1443 1177 1482 post,
1231 1446 1347 1482 quum

240 1498 475 1549 Thucydidis
508 1502 727 1538 auctoritate
758 1500 900 1548 Fracta,
941 1488 1062 1539 omnia
1092 1503 1138 1539 ad
1172 1503 1348 1540 Periclem

241 1569 426 1617 redirent,
453 1570 683 1618 Lamponem
719 1572 755 1608 in
787 1571 950 1610 omnium
975 1571 1214 1610 admiratione
1255 1572 1350 1611 fuis·

245 1651 301 1678 se.
330 1641 498 1678 Servavit
535 1641 644 1680 etiam
671 1642 890 1679 Plutarchus
923 1651 1029 1679 acute
1057 1642 1173 1688 quid,
1201 1654 1221 1680 a
1246 1643 1353 1681 Thu-

247 1709 379 1757 cydide
411 1708 567 1748 dictum.
616 1710 783 1758 Roganti
836 1710 929 1748 enim
971 1711 1224 1759 Archidamo,
1269 1721 1352 1750 uter

247 1778 379 1817 melius
406 1780 607 1817 luctaretur
641 1779 691 1829 (i.
721 1791 755 1817 e.
789 1789 872 1817 uter
902 1780 986 1828 plus
1026 1780 1065 1817 in
1100 1790 1180 1828 rep.
1219 1781 1354 1829 guber-

245 1850 366 1888 nanda
395 1849 584 1902 valeret),
624 1849 868 1898 Thucydides
915 1849 1152 1899 respondisse
1193 1850 1352 1889 ferturz

1249 1946 1274 1968 ‚‚
1299 1919 1358 1958 In-

285 2008 336 2046 (ι)
357 2010 436 2037 Plut.
459 2007 491 2036 in
508 2011 576 2038 Per.
594 2015 661 2043 cap.
683 2014 727 2036 11.
753 2015 786 2042 p.
810 2014 878 2040 158.
897 2009 936 2036 Δ.

288 2066 340 2102 (2)
361 2067 474 2104 Athen.
487 2065 552 2106 ¹Lib
577 2065 676 2106 X1.p.
695 2067 762 2100 506.
782 2067 930 2094 -Schol.
952 2066 988 2094 ad
1008 2066 1158 2094 Achamn.
1168 2073 1213 2094 vs.
1236 2071 1307 2100 703.
1323 2064 1358 2092 ad

249 2125 364 2159 vespp.
375 2104 423 2152 vs.
434 2131 501 2161 94¹.
511 2137 545 2144 —
557 2123 649 2159 Conf.
662 2122 800 2152 wichers
809 2124 843 2151 ad
860 2123 982 2158 Theop.
999 2124 1104 2157 fragm.
1117 2126 1166 2157 98.
1177 2130 1210 2160 p.
1227 2129 1238 2150 ι
1250 2130 1298 2156 71.
1313 2130 1361 2157 sq.

286 2183 338 2217 (3)
357 2184 429 2216 cap.
450 2188 478 2215 7-

284 2239 339 2276 (4)
357 2239 435 2268 Plut.
457 2237 488 2266 in
505 2241 571 2267 Per.
594 2245 660 2272 cap.
680 2240 710 2267 6.
735 2245 767 2272 p.
789 2245 854 2274 154.
877 2237 917 2266 F.
930 2235 1016 2272 eujus
1040 2237 1096 2266 hac
1113 2236 1150 2266 de
1167 2243 1201 2265 re
1213 2233 1359 2270 judicium

248 2294 430 2325 examinavit
452 2293 569 2330 Easlius
587 2294 617 2323 in
635 2294 750 2323 Pericle
767 2302 838 2322 nota
857 2294 897 2322 A.
