1523 2745
269 169 342 206 240
409 154 663 195 otoMM.
717 155 1222 198 LITERARIA.

265 265 413 304 Periclis
446 265 586 302 obitum
625 264 773 302 habitus
796 263 915 301 fuisse
943 264 1128 312 fingatur,
1154 265 1367 304 Athenaeus

267 336 455 372 Platonem
505 338 763 384 οὶνειχρονισμοῦ
811 333 1011 372 accusavit.
1087 333 1161 372 Sed
1208 333 1371 372 defendit

270 417 350 442 eum
392 404 664 450 casaubonus,
710 413 896 448 monens,
949 414 1077 440 vocem
1113 404 1236 443 νεωστί
1270 401 1371 442 modo

265 476 410 513 brevius
425 502 439 520 ‚
484 473 583 511 modo
623 474 767 521 longius
800 482 940 522 tempus
985 471 1191 521 designare.
1246 471 1368 521 Quam

264 543 399 582 summi
431 543 499 580 viri
519 542 796 590 explicationem
811 569 823 588 ‚
838 553 857 579 a
881 541 1086 590 praecipuis
1110 541 1274 580 Platonis
1296 540 1372 579 edi-

264 613 411 652 toribus
448 612 638 660 probatam
660 639 672 657 ‚
715 611 829 648 Doct.
865 610 1049 658 Sybrandi
1080 610 1148 657 (ι)
1196 609 1365 659 frigidam

265 693 302 721 et
322 682 478 720 'otiosam
506 693 636 719 vocare
660 689 795 718 temere
820 678 934 717 ausus
972 688 1044 718 est.
1086 680 1236 718 Adsunt
1262 681 1367 727 plura

264 753 427 800 exempla
441 780 453 798 ,
470 751 605 799 quibus
625 750 698 788 Gra
706 761 851 787 ecorum
867 752 991 790 νεωστί
1001 778 1014 796 ‚
1030 750 1082 786 uti
1094 758 1130 787 et
1147 749 1367 787 Latinorum

263 832 408 870 nuper?
433 821 476 857 de
499 820 697 858 remotiore
712 820 870 867 quodam
897 819 1075 867 temporis
1102 818 1224 868 spatio
1239 818 1373 857 intelli-

260 891 423 945 gendum
453 900 534 927 esse
557 897 720 937 apparet.
755 889 916 927 Unicum
943 889 1002 926 hic
1017 901 1037 926 e
1058 889 1281 938 Thucydide
1301 890 1371 939 (2)

265 971 446 1008 apponam
462 988 474 1006 ‚
489 959 554 996 ubi
578 960 688 996 Iones
711 959 908 1005 dicuntur,
937 970 1052 1005 quum
1082 969 1200 1009 nuper
1222 969 1241 995 a
1265 957 1370 1006 Rege

264 1031 486 1069 defecissent
504 1058 516 1076 ‚.
564 1029 759 1067 Pausaniae
787 1028 1030 1076 arrogantiam
1073 1039 1178 1076 aegre
1221 1028 1367 1066 tulisse.

265 1101 494 1140 Effluxerant
512 1107 632 1136 autem
657 1098 787 1146 vigInti
811 1097 888 1135 fere
913 1097 1026 1144 anni,
1053 1108 1097 1135 ex
1134 1108 1210 1144 quo
1234 1097 1369 1135 Graeci

267 1183 306 1208 se
335 1182 356 1208 a
382 1171 572 1207 Persarum
596 1169 688 1217 jugo
712 1167 750 1204 in
775 1167 978 1204 libertatem
1012 1165 1300 1204 vindicaverant.

278 1275 281 1277 .
313 1242 372 1278 De
399 1238 561 1276 Platonis
578 1245 697 1274 autem
731 1236 789 1273 die
819 1235 930 1272 natali
955 1245 1031 1272 non
1063 1244 1120 1271 est
1147 1235 1250 1281 quod
1272 1234 1368 1272 mul·

264 1311 312 1348 tis
339 1309 483 1355 dicam,
531 1307 672 1355 quippe
719 1305 784 1352 qui
817 1305 862 1342 ad
896 1313 1065 1341 nostrum
1103 1312 1358 1352 argumentum

265 1380 387 1417 minus
423 1376 596 1425 pertinet.
662 1374 902 1413 plenissimus
935 1374 995 1410 hic
1023 1373 1129 1411 testis
1163 1381 1218 1410 est
1247 1372 1366 1410 Athe·

266 1460 376 1486 naeus
412 1448 479 1496 (3)
496 1475 508 1493 ‚
525 1445 587 1493 qui
613 1446 799 1483 Platonem
825 1443 1060 1491 Apollodoro
1085 1443 1280 1480 Archonte
1303 1453 1368 1480 na·

265 1529 341 1556 tum
365 1529 445 1555 esse
461 1523 651 1553 memorat.
680 1515 739 1551 Ex
755 1514 951 1551 Plutarcho
976 1521 1097 1550 autem
1126 1513 1368 1561 Diogeneque

265 1588 415 1627 Laertio
431 1589 499 1636 (4)
512 1585 593 1623 addi
608 1584 746 1632 poterit
760 1611 772 1630 ‚
787 1584 939 1620 natalem
957 1582 1172 1631 philosophi
1188 1583 1282 1621 diem
1302 1611 1316 1631 ,
1329 1583 1368 1621 in

265 1659 460 1708 septimum
482 1653 770 1704 Thargelionis‚
799 1652 1017 1703 vigesimum
1045 1652 1201 1700 primurn
1227 1653 1286 1690 vel
1311 1664 1371 1690 se·

1278 1732 1371 1759 cun-

265 1851 352 1878 gnum
367 1840 632 1878 pervenerit‚non
651 1837 709 1866 nisi
732 1837 863 1866 sedecim
881 1835 949 1865 anni
961 1833 1087 1864 Periclis
1104 1842 1234 1863 mortem
1245 1834 1323 1864 inter
1338 1842 1370 1864 et

266 1898 405 1928 Archelai
431 1899 467 1926 ad
493 1904 617 1931 regnum
643 1895 847 1923 accessionem
883 1893 1110 1928 praeterierant.
1140 1893 1232 1921 Conf.
1259 1892 1369 1921 Euseb.

264 1957 377 1983 chron.
397 1963 429 1989 p.
458 1963 504 1990 54.
524 1955 599 1980 scal.
619 1966 654 1973 —-
677 1952 811 1985 Syncell.
834 1951 1005 1983 chronogr.
1027 1957 1148 1993 91254·
1173 1950 1267 1978 Goar.

301 2012 353 2050 (ι)
374 2013 406 2039 ln
423 2010 553 2038 Dissert.
573 2009 608 2036 de
630 2008 761 2036 Platonis
782 2006 910 2041 Gorgia,
943 2015 975 2041 p.
1002 2017 1031 2043 4.

299 2069 353 2107 (ε)
374 2067 480 2107 Lib.1.
498 2075 563 2101 cap.
583 2072 629 2099 95.
651 2064 702 2092 ubi
724 2066 826 2092 Goell.
849 2066 935 2099 plura
956 2062 1080 2092 addidit.

297 2125 350 2158 (3)
372 2124 483 2159 Deipn.
504 2124 542 2151 V.
564 2130 597 2156 p.
619 2130 683 2156 2¹7-
706 2123 737 2148 R.

301 2183 352 2219 (4)
375 2183 450 2210 Plut.
486 2181 640 2214 symposs.
671 2178 754 2206 Vlll.
789 2185 813 2205 1.
843 2185 872 2212 p.
899 2183 975 2214 717.
1006 2191 1041 2197 -
1071 2176 1159 2211 Diog.
1185 2177 1282 2206 Laert.
1314 2175 1369 2204 ΙΙΙ.

264 2247 357 2274 segm.
388 2248 414 2268 ε.
438 2245 467 2264 et
489 2245 515 2270 3.
