1477 2725
239 149 311 186 160
388 145 644 184 COMM.
698 144 1209 186 LITERARIA.

233 239 476 292 suadentibus
504 252 636 292 Samiis
665 253 830 292 Athenas
861 262 1085 294 transvectas
1115 254 1233 294 fuisse
1258 255 1342 306 (1).

232 325 381 364 Possint
408 334 528 361 tamen
562 324 727 362 diversae
757 325 826 362 hae
853 326 1056 363 sententiae
1094 325 1144 363 ita
1177 326 1272 363 inter
1301 336 1344 365 se

231 394 421 433 conciliari
436 423 448 440 ,
477 403 519 432 ut
543 404 746 432 statuamus
762 421 775 440 ,
799 394 871 442 Jam
895 394 1044 432 vivente
1069 395 1188 433 adhuc
1204 393 1343 433 Aristi-

232 463 299 511 de,
326 462 480 501 consilia
512 463 558 500 de
583 461 838 500 transferendo
863 463 999 500 aerario
1035 463 1166 512 agitata
1190 463 1336 513 fuisse3

229 543 305 570 rem
322 532 439 580 ipsam
462 530 595 569 effectu
611 532 930 580 caruisse,donec
949 533 1088 572 Pericle
1111 533 1335 583 instigante,

229 601 520 640 Atheniensibus
557 600 668 639 fuerit
699 613 943 649 persuasum,
971 612 1014 640 ut
1047 604 1244 642 Sociorum
1273 615 1339 653 pe·

227 670 356 708 eunias
392 670 430 708 in
460 681 563 708 suam
594 671 722 708 urbem
750 671 982 709 traducerent
1008 672 1090 720 (2).

239 812 241 814 .
281 780 368 819 Obs.
396 779 499 818 XIII.
529 779 764 818 Discedimus
779 791 931 827 rursuS,
958 779 996 817 in
1009 778 1249 830 expeditionis
1264 765 1340 817 Ae-

223 851 420 900 gyptiacae
452 862 548 888 anno
578 850 871 897 constituendo,
907 861 926 887 a
956 850 1114 887 Diodori
1140 848 1341 887 auctorita-

228 929 289 968 te,
319 920 431 966 idque
461 919 510 957 ob
536 920 612 958 has
631 932 774 958 causas„
839 919 1050 958 Gesserunt
1089 920 1337 959 Athenienses

228 988 300 1025 hoc
337 988 475 1026 bellum
507 1000 572 1037 per
601 1001 666 1027 sex
693 1000 839 1037 annos,
868 1000 909 1027 ut
937 990 1028 1027 adeo
1055 990 1135 1038 ejus
1173 988 1256 1028 finis
1284 989 1342 1026 in-

226 1059 325 1096 cidat
362 1060 400 1096 in
432 1071 567 1097 annum
607 1060 810 1098 secundum
837 1060 991 1109 Olymp.
1020 1059 1230 1107 LXXX[.;
1260 1070 1339 1107 quo

225 1138 322 1165 anno
337 1156 350 1174 ,
375 1138 469 1166 teste
493 1128 664 1166 Diodoro
680 1130 764 1178 ipso
788 1131 856 1178 (3)
874 1158 887 1176 ,
914 1130 1130 1168 versabatur
1146 1129 1339 1166 Tolmides

227 1197 265 1235 in
300 1197 481 1243 Boeotia3
540 1197 648 1244 isque
697 1199 938 1244 Messenios,
992 1198 1057 1244 qui
1109 1209 1175 1244 per
1211 1197 1339 1234 decem

225 1277 345 1304 annos
386 1266 690 1304 Lacedaemoniis
734 1266 882 1305 fortiter
925 1267 1158 1313 restiterant,
1211 1266 1250 1312 in
1279 1278 1340 1304 ur·

229 1337 313 1375 bem
355 1336 623 1384 Naupactum,
662 1349 682 1374 a
723 1349 763 1374 se
801 1347 1070 1385 expugnatam,
1124 1336 1339 1376 collocavit.

221 1406 304 1455 Jam
339 1417 428 1443 vero
463 1417 508 1444 eo
545 1415 739 1455 tempore,
796 1418 872 1454 quo
922 1407 1111 1445 Tolmides
1154 1406 1193 1444 in
1229 1407 1340 1445 hacce

231 1476 465 1524 expeditione
501 1486 706 1525 occupatus
743 1488 843 1523 erat,
884 1477 922 1515 in
959 1479 1135 1526 Aegypto
1172 1479 1339 1527 ἐπέμενον

227 1547 475 1585 Athenienses
515 1546 609 1596 (4);
663 1546 713 1585 ita
747 1556 789 1584 ut
827 1548 1001 1585 adhunc
1042 1539 1177 1585 annum
1217 1558 1338 1594 usque

226 1616 329 1654 istud
361 1615 501 1656 bellum,
522 1617 780 1655 continuatum
807 1616 872 1655 sit.
903 1617 1029 1666 Quum
1056 1615 1171 1665 igitur
1196 1617 1241 1654 de
1264 1617 1338 1654 hoc

222 1697 322 1724 anno
357 1685 574 1733 Thucydidi
612 1699 697 1724 cum
735 1687 906 1725 Diodoro
945 1686 1164 1733 conveniat,
1201 1686 1246 1723 ab
1286 1696 1332 1723 eo

229 1756 451 1805 Aegyptiaci
487 1757 573 1795 belli
620 1768 685 1794 sex
721 1768 838 1795 annos
880 1766 1095 1806 computare
1132 1757 1338 1804 debemus3

1260 1861 1264 1863 ,
1291 1826 1343 1866 ita

270 1926 322 1964 (ι)
343 1928 422 1957 Plut.
443 1927 474 1956 in
494 1917 588 1957 Arist.
611 1937 678 1964 cap.
703 1937 749 1962 25.
771 1938 803 1964 p.
827 1939 894 1966 334·
916 1930 957 1958 A.

266 1985 318 2022 (α)
343 1984 434 2014 Conf.
463 1985 641 2014 Doctissimi
672 1987 775 2014 Groen
805 1994 836 2015 v.
870 1987 1036 2016 Prinsterer
1065 1987 1183 2016 comm.
1212 1988 1250 2016 de
1277 1987 1340 2016 He-

227 2047 307 2075 gem.
330 2041 560 2070 Atheniensium
580 2050 613 2077 p.
637 2051 685 2076 ‘23-
709 2041 741 2070 in
759 2050 825 2071 not.

265 2098 318 2134 (3)
338 2098 410 2127 Lib.
430 2099 489 2127 XL*
505 2107 570 2135 cap.
592 2103 641 2136 84.
663 2107 708 2134 sq.
729 2112 767 2121 —-
788 2101 879 2129 conf.
902 2107 968 2134 cap.
989 2102 1038 2135 64.
1061 2107 1140 2128 extr.

267 2155 320 2192 (4)
341 2155 436 2184 Thuc.
458 2156 480 2184 1.
502 2164 571 2191 cap.
592 2160 658 2185 108.
681 2164 760 2185 extr.
786 2166 851 2193 109.
882 2158 993 2185 collato
1017 2165 1084 2191 103.
1106 2173 1149 2180 —-
1173 2158 1343 2186 consulen-

229 2212 284 2241 dus
303 2211 462 2242 Clintonus
484 2212 515 2241 in
541 2214 683 2249 Append.
708 2221 773 2249 cap.
795 2218 822 2243 3.
