1564 2750
49 195 151 226 SectIo
160 194 200 226 Ιῐ.
221 191 250 232 §.
262 203 290 224 x.

303 140 349 178 68
526 131 1186 178 COMMEN'TATIO

307 254 362 284 tra
397 246 596 293 scriptione
634 246 738 283 nullo
778 244 888 281 modo
926 243 1018 280 effici
1053 243 1195 292 possit,
1252 249 1408 292 quomo-

308 316 357 353 do
387 316 431 352 de
456 315 596 353 Pericle
623 315 854 363 judicemus3
883 321 1086 358 nostraque
1112 312 1290 351 sententia
1315 323 1411 350 nun·

309 395 416 432 quam
452 384 523 422 sibi
556 392 730 430 constet,
781 393 907 420 verum
937 382 1119 428 fluctuet,
1165 383 1293 431 prouti
1318 382 1410 421 anti-

308 454 371 501 qui
432 454 664 502 Scriptores,
716 464 737 490 e
789 452 945 499 quibus.
973 451 1228 498 hauserimus,
1280 451 1411 490 Pericli

306 522 492 569 faverint,
519 524 579 560 vel
619 522 742 560 minus
782 520 920 558 fuerint
959 520 1146 561 benevoli.
1199 521 1409 560 Observent

307 602 455 639 tamen,
504 592 641 638 velim,
693 591 798 638 aequi
856 591 966 640 hujus
1010 592 1224 639 scriptionis
1267 591 1410 641 judices

309 663 411 710 quod
457 663 501 700 de
552 661 715 699 Lucullo
771 660 902 698 effatus
947 669 1002 698 est
1047 661 1265 699 Plutarchus
1313 661 1408 710 (1):

307 758 338 776 „
367 732 422 769 Ut
455 731 653 779 pictores,
707 730 771 777 qui
809 731 960 768 decoras
992 738 1030 768 et
1066 730 1200 768 eximie
1237 740 1412 770 venustas

308 828 338 846 ,‚
367 801 528 849 pingunt
564 800 764 848 imagines,
812 800 844 836 si
878 799 1017 847 aliquid
1047 801 1137 838 levis
1167 800 1213 838 iis
1245 800 1335 838 insit
1361 803 1414 840 vi-

308 897 339 916 „
366 869 435 915 tii,
462 869 637 906 nolumus
655 897 666 915 ,
699 880 822 919 neque
851 877 891 905 ut
918 877 1145 916 praetereant
1168 870 1205 908 id
1228 882 1410 919 prorsus,

310 967 339 984 „
367 950 490 986 neque
522 946 564 977 ut
596 939 845 986 undequaque
890 938 1118 986 exprimant,
1170 939 1310 988 quippe
1336 940 1409 983 hoc

308 1037 338 1056 „
363 1008 590 1054 deformem,
639 1009 901 1055 discrepantem
944 1008 1034 1046 illud
1069 1008 1195 1046 reddat
1226 1008 1410 1057 effigiem:

306 1107 337 1126 „
366 1078 414 1116 ita
457 1079 604 1126 quando
645 1079 797 1116 arduum
837 1085 920 1124 est,
969 1079 1028 1115 vel
1063 1077 1141 1115 fieri
1177 1089 1253 1116 non
1287 1087 1413 1127 potest

308 1175 338 1194 ,‚
368 1148 493 1195 potius
511 1173 525 1194 ,
576 1147 736 1185 hominis
770 1148 963 1184 ostendere
991 1147 1104 1184 ullius
1131 1147 1269 1195 vitam,
1318 1159 1414 1196 quae

308 1246 339 1264 „
369 1218 470 1255 omni
511 1225 616 1255 vacet
652 1218 792 1254 macula
826 1225 860 1253 et
899 1228 989 1264 pura
1028 1216 1103 1263 sit3
1142 1217 1275 1254 veritas
1311 1217 1410 1255 sicut

308 1315 339 1333 „
366 1287 600 1325 simulacrum
638 1287 675 1322 in
715 1286 884 1322 honestis
919 1286 1137 1332 complenda
1176 1294 1246 1324 est.
1323 1286 1409 1325 Illas

309 1384 339 1403 „
366 1367 482 1402 vero,
509 1366 601 1402 quae
637 1365 682 1391 ex
707 1364 812 1391 motu
844 1353 956 1390 animi
985 1354 1141 1402 aliquo,
1167 1362 1231 1392 aut
1263 1366 1310 1394 ex
1342 1356 1412 1394 rei-

308 1454 339 1473 „
367 1425 473 1474 publ.
503 1424 734 1472 temporibus
762 1423 1005 1461 intercurrant
1028 1423 1265 1472 actionibus,
1294 1425 1411 1463 offen-

309 1523 339 1543 „
368 1507 426 1534 sas
459 1504 495 1532 et
528 1495 619 1532 vitia
644 1493 929 1531 claudicationes
957 1494 1085 1542 potius
1115 1494 1263 1532 virtutis
1299 1507 1408 1543 quam

309 1594 339 1613 ,‚
369 1564 616 1613 improbitatis
642 1576 682 1601 ea
713 1563 860 1600 fraudes
889 1562 1165 1610 existimantes,
1191 1574 1268 1601 non
1301 1565 1413 1603 debe·
1447 1576 1450 1577 ⁷

311 1663 340 1682 „
369 1647 451 1672 mus
475 1634 627 1671 nimium
655 1633 847 1681 diligenter
862 1642 898 1670 et
921 1634 965 1670 ad
988 1633 1161 1670 amussim
1188 1632 1226 1671 in
1247 1633 1409 1673 scriben-

309 1733 340 1752 „
367 1706 415 1742 do
451 1704 653 1752 explicare,
696 1704 760 1740 sed
788 1711 960 1749 tanquam
1001 1703 1138 1740 rubore
1173 1703 1271 1751 capti
1297 1704 1413 1742 sortis

312 1803 341 1822 „
368 1776 571 1817 humanae,
625 1783 718 1820 quae
761 1771 853 1809 nihil
893 1771 985 1809 boni
1027 1771 1237 1820 sincerum,
1288 1784 1410 1820 neque

308 1873 339 1894 „
367 1855 486 1882 mores
523 1844 567 1881 ad
599 1842 772 1881 virtutem
807 1842 888 1880 edat
920 1841 1180 1888 inculpatos.”

349 2008 400 2043 (ι)
420 2007 500 2035 Plut.
532 2006 562 2034 iu
592 2006 668 2034 Cim.
697 2012 762 2040 cap.
786 2012 813 2031 2.
840 2012 872 2038 p.
893 2012 961 2039 479.
984 2004 1018 2031 E.
1041 2011 1056 2031 e
1081 2011 1160 2032 vers.
1199 2005 1338 2039 xylandr.
1371 2019 1421 2033 —-⁷

311 2066 392 2093 conf.
414 2067 450 2093 de
467 2065 581 2093 Herod.
604 2062 729 2100 Malign.
750 2069 815 2096 cap.
840 2071 866 2091 2.
886 2069 951 2095 sqq.
976 2068 1005 2095 p.
1030 2064 1096 2093 855.
1120 2061 1154 2089 E.
