1564 2750
427 180 934 224 LITERARIA.
1188 188 1234 225 61

136 286 198 324 fici
229 287 372 326 curavit
409 288 493 337 (1).
555 290 711 351 Eodem,
735 304 886 341 quoque
923 303 1091 343 tempore
1125 297 1243 336 Athe·

137 346 314 404 nienses,
366 370 524 405 quorum
559 361 744 400 ‘auxilium
790 361 924 411 Argivi
965 365 1242 413 Amphilochici

137 425 174 463 in
207 426 411 465 Acarnania
444 427 649 467 habitantes
683 431 990 480 imploraverant,
1029 433 1067 471 in
1106 432 1238 472 horum

135 492 263 532 urbem
298 495 342 532 ab
377 496 627 536 Ambraciotis
661 509 902 548 occupatam,
928 501 1059 550 viginti
1090 503 1238 542 navium

115 564 288 601 ·classem
323 565 417 603 duce
451 566 675 606 Phormione
707 569 911 619 miserunt3
955 572 1050 619 qui,
1100 574 1240 621 oppido

132 633 243 672 armis
279 634 464 683 subacto,
492 636 749 677 Ambraciotas
771 640 807 677 in
832 642 1048 680 servitutem
1080 643 1241 691 redegit,

132 710 274 740 etcum
291 705 440 753 Argivis
466 707 795 757 Acarnanibusque
821 710 967 749 foedere
1002 711 1128 760 facto,
1156 724 1240 751 cum

137 771 316 811 militibus
346 775 494 812 domum
529 777 648 819 rediit,
710 779 800 817 Cito
837 789 955 819 tamen
997 782 1128 820 iterum
1163 783 1245 821 vela

136 840 258 888 dedit,
271 851 313 879 ut
331 844 613 883 Corinthiorum
637 847 873 896 reliquaeque
892 851 1139 899 Peloponnesi
1159 864 1243 891 oras

136 909 372 960 observaret3
401 925 448 951 ne
472 915 516 953 'in
550 917 834 956 Corinthiorum
861 929 995 968 portus
1023 922 1157 970 aliquis
1190 923 1244 961 in-

132 980 238 1027 gredi
263 982 323 1019 vel
361 983 446 1020 inde
477 985 622 1023 solvere
657 979 801 1035 posset.
880 990 1094 1029 Emiserunt
1128 992 1246 1029 Athe-

137 1050 283 1088 nienses
319 1060 354 1089 et
391 1052 478 1090 alias
509 1064 621 1092 naves
654 1056 748 1093 duce
776 1057 1015 1097 Melesandro
1033 1088 1047 1107 ‚
1074 1060 1112 1098 in
1147 1071 1246 1099 mare

134 1119 329 1169 Aegeum3
370 1131 417 1159 ne
446 1122 802 1170 Peloponnesiorum
828 1127 968 1175 piratae
1000 1140 1113 1167 naves
1150 1141 1246 1168 mer-

130 1188 292 1228 catorias
318 1190 582 1241 interciperent
620 1205 641 1232 e
676 1195 905 1235 Continente
936 1198 1103 1237 Athenas
1137 1200 1245 1239 'navi-

133 1266 282 1307 gantes:
312 1261 377 1298 sed
397 1261 659 1311 Melesander,
685 1265 904 1319 escensione
930 1266 970 1304 in
1002 1267 1160 1317 Lyciam
1187 1277 1240 1306 te·

131 1339 230 1367 mere
258 1328 376 1377 facta,
413 1331 496 1380 ipse
527 1344 612 1370 cum
646 1334 794 1373 dimidia
830 1336 1019 1384 copiarum
1048 1347 1150 1385 parte
1176 1350 1242 1387 pe-

130 1395 210 1438 riit.
265 1399 373 1449 Quae
402 1407 523 1439 tamen
547 1402 699 1441 adversa
726 1403 878 1443 fortuna
910 1416 988 1443 non
1018 1408 1110 1445 tanti
1141 1407 1239 1455 fuit,

135 1476 177 1505 ut
208 1467 305 1506 inter
334 1478 393 1507 tot
423 1470 597 1510 victorias
632 1472 787 1523 aliqu'us
823 1475 1001 1513 momenti
1037 1476 1081 1514 ab
1121 1477 1240 1515 Athe-

131 1538 321 1578 niensibus
350 1541 546 1580 haberetur
572 1544 655 1592 (2).

176 1609 253 1647 ‘Sed
276 1611 392 1660 maius
409 1611 515 1650 etiam
544 1612 635 1661 quid
657 1614 815 1662 accidit,
833 1627 911 1663 quo
937 1616 1089 1655 Periclis
1116 1618 1236 1666 operi·
1250 1637 1320 1666 429·

135 1677 207 1716 bus
231 1664 345 1727 quasi
366 1691 504 1720 corona
526 1681 669 1731 imponi
692 1684 900 1724 videbatur.
919 1686 1090 1725 Potidaea
1106 1716 1120 1735 ‚
1147 1699 1242 1736 quae

133 1759 207 1786 una
236 1760 256 1786 e
289 1749 375 1788 belli
400 1752 704 1800 Peloponnesiaci
729 1756 849 1793 causis
871 1754 1017 1804 fuerat,
1040 1765 1154 1804 atque
1179 1759 1242 1797 ad-

134 1818 207 1856 huc
261 1820 434 1859 omnibus
470 1822 753 1861 Atheniensium
798 1825 997 1865 conatibus
1033 1829 1242 1875 restiterat,

134 1899 258 1935 nunc,
273 1890 368 1929 fame
378 1891 521 1931 incolas
544 1894 777 1942 opprimente
793 1922 806 1942 ,
828 1895 1016 1934 deditione
1037 1906 1143 1945 capta
1167 1906 1241 1936 est.

140 1960 328 1999 Videbant
348 1962 444 2000 enim
477 1963 681 2012 oppidani,
708 1965 956 2004 Athenienses
982 1965 1120 2005 iteratis
1138 1968 1253 2018 Pelo--

1152 2048 1249 2086 pon-

171 2134 226 2171 (x)
244 2138 402 2167 Thuc.11.
440 2149 506 2177 cap.
535 2143 584 2173 66.
617 2150 664 2178 sq.
692 2128 738 2165 -’-
767 2143 868 2173 confi:
900 2144 1037 2179 1nterpp.
1067 2145 1103 2172 ad
1128 2144 1242 2174 Herod.

133 2190 202 2220 Vll.
225 2200 257 2227 p.
280 2201 344 2229 ¹37·

173 2245 224 2284 (α)
247 2250 341 2278 Time.
366 2252 408 2280 11.
430 2261 496 2288 cap.
516 2246 563 2284 ω’.
