1523 2745
238 191 1027 235 .OBSERVAT10NES.
1131 203 1205 242 237

109 301 265 341 Pericles
291 302 402 341 nimis
439 314 569 352 parcus
609 301 744 349 fuerit,
784 302 927 349 filiique
960 311 1111 338 uxorem
1147 300 1210 338 ad·

105 372 301 419 amaverit,
336 383 412 410 non
446 381 547 410 certo
583 373 729 420 liquet,
755 381 876 410 tamen
900 383 975 409 non
1000 370 1209 408 verisimilis

106 449 163 479 est
195 441 256 480 illa
288 441 501 488 accusatio,
529 450 571 479 ut
597 442 635 479 in
672 443 750 490 eJ'us
785 441 1080 479 characterismo
1106 440 1209 478 vide-

106 509 245 554 bimus.
302 510 420 548 Etiam
453 510 611 558 Aspasia
647 510 685 547 in
711 521 819 548 causa
848 510 974 547 harum
1006 508 1210 547 inimicitia·

107 591 189 618 rum
214 580 330 618 fuisse
357 580 518 628 dicitur3
535 591 602 618 nec
622 580 752 618 mirum
776 580 883 617 alicui
908 579 1068 626 accidat,
1085 579 1118 617 si
1145 578 1212 617 filii

106 648 242 699 prioris
273 650 425 697 uxoris,
453 662 473 688 a
508 651 645 688 Pericle
677 651 913 698 repudiatae,
938 660 1116 688 novercae
1143 648 1213 686 mi-

108 729 180 757 nus
209 719 380 758 benevoli
408 719 572 767 fuerint,
624 732 739 768 eaque
772 732 842 758 suo
871 720 949 757 filio
982 729 1070 768 prae
1097 717 1214 766 privi-

108 790 191 839 gnis
204 789 335 828 faverit
345 788 429 839 (1).
457 790 602 839 Quodsi
616 790 727 839 igitur
739 790 894 828 Pericles
918 789 1079 827 filiorum
1093 797 1212 826 morte

111 860 232 898 audita
246 889 258 908 ,
274 861 336 899 vix
350 861 428 898 ullo
446 861 556 897 animi
579 860 710 897 dolore
733 868 941 897 commotus
964 858 1125 905 fuisset,
1139 867 1217 895 non

109 929 207 969 foret
238 932 339 978 quod
370 938 564 979 tantopere
599 930 839 976 miraremur3
876 940 917 966 ac
954 929 1216 976 suspicandum

109 997 230 1047 esset,
257 1000 431 1038 Periclem
458 1012 477 1037 a
501 1000 584 1038 filiis
605 1001 796 1037 alienatum
819 999 949 1037 fuisse.
979 998 1105 1047 Quum
1126 1007 1216 1036 vero

108 1070 231 1118 ipsum
256 1072 456 1108 adstantem
481 1070 609 1107 Paralo
634 1079 782 1107 mortuo
809 1068 972 1106 lacrimas
999 1067 1215 1105 fundentem

108 1140 362 1188 conspicimus
377 1138 448 1188 (a)
463 1138 600 1186 ‚patris
621 1138 778 1175 animum
808 1138 1070 1186 agnoscimus,
1097 1145 1133 1174 et
1147 1136 1217 1174 mi-

110 1221 274 1249 seremur
309 1208 412 1255 viri,
439 1208 500 1246 cui
535 1207 697 1254 familia,
725 1207 941 1255 ceteroquin
983 1207 1020 1244 in
1058 1206 1215 1244 miseriis

109 1279 311 1327 solatium,
350 1288 387 1316 et
410 1291 429 1316 a
468 1278 579 1316 rebus
604 1278 766 1327 publicis
801 1276 1012 1325 refugium,
1040 1285 1213 1323 tanquam

109 1349 351 1388 calamitatum
407 1349 578 1386 cumulus
625 1347 743 1385 addita
789 1347 1011 1393 videbatur3
1074 1345 1215 1393 quique

108 1416 305 1468 ‘postremo
322 1430 436 1458 senex
463 1430 530 1466 spe
551 1418 822 1464 frustrabatur,
859 1416 941 1453 fore
974 1424 1015 1453 ut
1038 1427 1103 1463 per
1119 1415 1216 1454 filios

113 1489 232 1538 gentis
257 1501 344 1527 suae
368 1489 576 1526 memoriam
602 1487 810 1535 posteritati
842 1487 1125 1525 commendaret.

160 1561 217 1598 De
259 1559 534 1598 necessitudinis
568 1559 738 1604 vinculo,
794 1569 869 1605 quo
916 1556 1077 1594 Pericles
1129 1567 1213 1593 cum

115 1628 310 1667 Alcibiade
330 1629 553 1678 conjunctus
578 1628 650 1665 suit
672 1656 684 1673 ‚
709 1629 780 1676 jam
809 1627 1005 1673 aliquoties
1030 1626 1217 1666 diximus:

107 1710 255 1748 pravam
296 1709 378 1737 esse
417 1710 455 1735 v.
481 1711 515 1736 c.
566 1709 692 1735 eorum
729 1697 970 1745 opinionem,
1022 1696 1087 1744 qui
1132 1709 1216 1735 eum

109 1767 258 1807 Periclis
286 1770 500 1818 privignum
548 1768 605 1805 vel
654 1769 792 1804 sororis
838 1766 954 1804 filium
1009 1767 1219 1815 appellave-

110 1839 212 1885 rint,
252 1849 365 1885 quum
414 1846 553 1874 tantum
593 1837 666 1884 ipsi
712 1836 826 1874 fuerit
859 1844 1052 1886 cognatus.
1117 1836 1216 1875 Peri-

110 1908 185 1945 cles
210 1908 263 1955 ei,
292 1908 346 1945 uti
371 1917 407 1946 et
431 1907 537 1945 fratri
562 1907 707 1946 Cliniae
732 1907 803 1945 fuit
839 1914 942 1944 tutor
958 1934 970 1953 ‚
1010 1905 1117 1953 eique
1154 1906 1217 1943 de-

112 1977 167 2015 dit
189 1978 438 2026 paedagogum
457 1979 648 2026 Zopyrum
673 1978 759 2027 (3).
786 1977 948 2016 Videtur
969 1985 1088 2015 autem
1113 1976 1216 2014 Alci-

142 2100 196 2137 (ι)
216 2099 329 2129 Athen.
350 2095 390 2129 νζ
410 2108 439 2135 p.
460 2109 525 2130 πο.
1157 2047 1214 2084 bl·

149 2157 203 2195 (2)
224 2158 316 2186 Conf.
338 2162 417 2187 sect.
439 2159 479 2187 Π.
498 2155 527 2195 §.
548 2160 578 2187 8.

147 2214 295 2252 (331²1ut.
320 2214 350 2243 in
379 2215 479 2245 Alc-ib.
507 2223 571 2251 191.
595 2217 630 2245 E.
662 2229 699 2237 —
726 2218 800 2246 Plat.
820 2217 849 2245 in
878 2220 995 2251 Protag.
1024 2226 1088 2253 cap.
1118 2226 1159 2247 ιο.
1185 2225 1219 2254 p.

111 2283 178 2309 320.
198 2275 236 2301 A.
257 2287 294 2295 --
317 2276 347 2302 ’ἠ
366 2274 465 2302 Aleib.
491 2281 557 2308 cap.
588 2281 629 2308 ³7.
648 2275 672 2302 1.
696 2282 727 2309 p.
748 2282 812 2304 122.
833 2277 864 2304 B.
