1502 2767
433 171 1028 214 THEOLOGICA.
1205 189 1277 226 207

172 283 332 333 gerendo
373 280 636 321 sententiarum
675 283 962 322 emendationem
1003 283 1105 321 cerni
1141 285 1281 324 nihilo-

168 352 294 395 minus
330 352 543 399 constabit,
566 352 679 390 modo
706 352 857 402 probari
883 353 1031 402 possit,
1060 365 1150 402 eOS,
1186 367 1281 403 quae

166 423 331 462 violenta
366 431 572 472 peragunt,
619 434 696 461 non
731 424 863 472 gaudio
896 425 1030 463 ductos
1070 434 1107 462 et
1143 427 1280 474 volup·

165 503 269 543 tate,
303 505 437 533 >verum
470 493 690 532 necessitate
724 493 840 543 magis
873 503 1024 533 coactos
1067 504 1103 533 et
1137 496 1297 535 invitos·

165 566 289 603 eadem
323 575 445 614 agere.
500 564 607 614 Quae
632 575 690 603 res
715 564 786 602 erit
823 573 924 602 extra
954 564 1137 614 dubium,
1179 566 1211 605 si
1241 575 1278 604 et

163 636 203 674 in
234 637 319 685 ipso
352 634 451 673 bello
483 635 596 684 hujus
625 635 677 673 rei
707 643 877 683 prostant
913 635 1046 674 indicia
1083 646 1119 674 et
1157 638 1278 677 maxi·

163 719 222 745 me
263 706 411 754 quidem
438 706 501 754 si,
541 705 606 743 ubi
641 706 813 743 alterutra
844 716 929 754 pars
965 718 1061 744 arma
1094 706 1282 756 deposue-

163 779 241 825 rit,
280 788 350 816 nec
383 777 532 815 caedere
572 776 631 814 vel
657 775 697 813 vi
738 787 847 824 agere
875 776 1033 824 amplius
1066 788 1163 826 opus
1204 782 1278 828 sit,

166 849 328 888 victores
378 846 489 885 victis
532 853 707 895 parcant,
744 847 843 883 lenes
880 855 918 883 et
963 846 1071 884 mites
1112 860 1193 887 sese
1230 848 1277 887 iis

164 920 383 966 exhibeant,
419 928 497 956 non
535 924 709 962 vastent,
761 926 838 952 non
880 925 982 954 extra
1022 919 1278 958 necessitatem

164 991 337 1041 rapiant,
363 999 440 1027 non
466 986 647 1032 caedant,
674 996 742 1023 nec
768 985 942 1033 violentg,
971 999 1064 1034 quae
1098 990 1221 1029 omnia
1245 991 1279 1030 si

166 1060 278 1100 hodie
303 1060 428 1097 locum
470 1056 652 1102 habeant,
680 1055 872 1095 hominum
907 1057 953 1094 de
978 1056 1079 1095 bello
1109 1063 1277 1108 gerundo

163 1129 370 1170 sententias
407 1136 634 1175 magnopere
685 1125 893 1164 emendatas
931 1137 1014 1165 esse
1063 1131 1279 1181 apparebit,

167 1212 286 1251 quum
315 1198 404 1237 olim
441 1197 557 1244 vulgo
590 1195 817 1234 contrarium
847 1197 971 1235 locum
1003 1199 1204 1241 obtineret.

212 1271 276 1310 Ex
306 1268 367 1307 his
397 1265 636 1317 praemonitis
665 1265 881 1314 colligitur,
928 1268 1046 1315 qualis
1085 1271 1278 1313 hominum

165 1342 212 1380 de
249 1340 349 1378 bello
382 1338 549 1387 gerundo
583 1336 849 1374 sententiarum
886 1339 1091 1377 emendatio
1127 1354 1279 1391 speran.

161 1411 209 1449 da
242 1409 308 1448 sit.
383 1409 427 1447 In
465 1415 631 1446 veterum
672 1414 717 1458 et.
747 1407 1009 1447 hodiernorum
1049 1414 1278 1460 populorum

162 1478 326 1519 bellandi
355 1479 499 1516 ratione
539 1476 753 1516 delineanda
791 1477 829 1516 id
863 1490 1040 1528 agemus,
1079 1492 1122 1520 ut
1164 1485 1278 1526 simul

160 1557 361 1601 appareat,
377 1547 517 1596 quibus
533 1548 727 1586 sententiis
748 1547 883 1586 imbuti
904 1549 1220 1601 singulaagerent‚
1238 1578 1278 1587 -

162 1621 290 1661 Nemo
323 1628 430 1665 non,
459 1617 525 1665 qui
548 1625 714 1654 veterum
750 1617 1194 1672 Historicorumscripta
1228 1628 1280 1665 le.

161 1691 256 1740 gerit
285 1698 322 1728 et
360 1689 405 1727 ab
446 1687 521 1736 iis,
571 1698 666 1735 quae
699 1696 866 1727 veterum
901 1689 1015 1730 fuerit
1055 1693 1278 1743 belligeran-

108 1771 111 1776 ·
158 1761 198 1805 di
226 1760 348 1807 ratio,
375 1757 567 1805 didicerit,
599 1757 720 1806 probe
753 1759 885 1807 novit,
910 1762 977 1808 qui
1014 1773 1157 1803 veteres
1191 1768 1276 1806 vin-

158 1830 279 1869 dictae
324 1828 449 1867 studio
497 1827 626 1875 ducti,
666 1828 794 1866 furore
838 1839 874 1867 et
920 1831 1007 1870 odio
1053 1834 1275 1888 flagrantes,

160 1910 238 1938 non
291 1897 365 1935 nisi
419 1897 563 1936 caedem
614 1905 650 1934 et
695 1909 864 1936 cruorem
907 1901 1122 1952 spirantes,
1171 1919 1278 1955 prae.

155 1971 325 2008 datorum
358 1968 474 2005 instar
506 1966 545 2004 in
571 1967 832 2015 possessiones
868 1969 1037 2017 publicas
1056 1982 1093 2010 et
1113 1976 1274 2023 privatas

155 2051 225 2088 pro
244 2034 368 2076 lubitu
391 2045 671 2087 grassarentur,
698 2049 807 2086 agros
823 2067 835 2084 ,
864 2039 996 2079 domos
1014 2070 1027 2089 ,
1055 2044 1166 2082 urbes
1181 2075 1195 2093 ,
1220 2047 1273 2086 fa.

157 2122 203 2149 na
237 2109 578 2158 depopularentur,
618 2107 730 2145 sacris
768 2108 992 2156 illuderent,
1028 2110 1066 2148 in
1097 2117 1268 2160 quemvis

158 2164 291 2228 gaudio
328 2178 486 2227 quodam
509 2177 719 2225 saevirent,
745 2179 889 2216 nullum
924 2191 1001 2219 non
1028 2183 1267 2226 trucidarent.

160 2248 271 2286 'rates
310 2259 388 2285 sese
424 2258 500 2284 non
540 2256 679 2284 tantum
722 2249 978 2297 praestabant,
1027 2253 1115 2292 dum
1158 2259 1268 2298 armis

1180 2338 1271 2366 COU-
