1502 2767
249 172 297 209 74
461 157 1117 200 COMMENTATIO

245 268 506 320 praedamini,
532 270 613 318 igni
636 268 817 318 ferroque
837 253 1102 319 persequimini
1124 280 1209 319 eos‚·
1233 280 1337 311 orate

241 351 313 391 pro
353 337 648 390 persequentibus
688 345 724 375 et
760 338 1070 378 calumniantibus
1084 365 1098 386 ,
1149 347 1188 379 et
1223 350 1347 392 perse·

247 410 405 460 quimini
439 420 495 445 eos
521 406 575 445 ad
595 408 907 448 internecionem?

295 479 379 516 Nos
403 485 528 524 certe,
549 476 615 524 qui
646 476 735 513 haec
760 475 948 514 conciliari
986 476 1161 526 possint,
1185 487 1264 516 non
1288 478 1346 516 vi-

244 549 388 586 demus.
443 547 597 585 Immota
629 555 666 583 et
701 544 803 584 firma
837 546 949 584 nobis
967 555 1041 584 stat
1075 546 1283 594 sententia,
1310 547 1346 585 si

242 629 307 666 per
332 617 403 655 Dei
427 616 576 665 gratiam
603 627 674 654 nos
710 623 812 653 totos
841 616 925 653 Deo
941 643 954 663 ‚
983 615 1049 663 qui
1074 627 1116 654 se
1135 626 1226 655 suos
1254 626 1348 654 con·

242 697 297 725 tra
323 686 460 725 Inferni
486 694 612 734 portas
646 683 881 723 defensurum
911 685 1106 734 promisit,
1144 685 1183 723 in
1206 685 1280 724 fide
1307 693 1345 724 et

243 757 415 805 patientia
451 755 778 802 commendemus,
806 763 842 793 et
866 754 956 801 Jesu
991 753 1137 793 Christi
1173 765 1348 803 praecep·

243 828 293 866 tis
341 827 621 874 obsequamur,
674 823 785 862 nobis
834 823 927 860 nihil
972 830 1188 861 eventurum
1208 850 1222 870 ,
1273 822 1348 862 nisi

247 899 349 946 quod
382 899 484 935 Deus
508 894 653 943 sapiens
677 893 795 940 velit,
822 903 858 930 et
891 894 991 941 quod
1024 892 1120 931 ferre
1140 891 1343 941 possimus.

244 968 374 1006 Valeas
400 978 483 1004 cum
512 964 718 1013 perniciosa
756 973 817 1001 tua
852 962 1036 1000 sententia
1074 971 1141 1010 tu,
1179 961 1246 1009 qui
1276 972 1344 1000 nec

245 1036 427 1075 Messiani
459 1035 560 1083 regni
588 1034 745 1071 indolem
779 1032 988 1080 perspicis,
1027 1043 1150 1079 neque
1172 1031 1347 1079 Magistri

243 1106 447 1155 praeceptis
481 1104 717 1151 obsequens,
757 1102 910 1151 injurias
951 1101 1046 1138 ferre
1079 1101 1270 1148 vitamque
1308 1099 1348 1137 in

245 1176 402 1213 aliorum
443 1175 595 1212 salutem
635 1174 820 1220 deponere
860 1171 1026 1218 novistig,
1080 1170 1113 1208 si
1153 1171 1251 1207 salus
1284 1177 1348 1206 tua

248 1254 392 1283 aeterna
429 1242 497 1280 tibi
520 1241 622 1280 cordi
655 1250 736 1286 est,
763 1249 800 1278 et
839 1250 883 1277 ex
912 1250 1002 1277 vero
1044 1238 1246 1276 Christiani
1279 1248 1350 1276 no-

245 1314 343 1352 mine
376 1313 545 1360 insigniri
573 1311 654 1358 vis,
681 1318 826 1348 nostras
853 1319 1007 1357 sequere
1031 1317 1168 1356 partes.

301 1383 525 1432 Quicunque
538 1409 551 1428 ,
565 1380 644 1418 sive
660 1390 754 1428 quae
776 1379 929 1417 Veteres
952 1378 1151 1426 scriptores
1167 1377 1353 1416 Christia-

248 1454 314 1500 ni,
339 1453 437 1490 bello
471 1462 553 1489 sese
578 1457 832 1499 opponentes,
862 1447 1056 1485 memoriae
1075 1447 1348 1495 prodiderunt,

248 1523 326 1560 sive
340 1521 594 1572 Quakerorum
609 1528 645 1558 et
657 1518 961 1557 Mennonitarum
973 1517 1090 1555 libros
1104 1544 1116 1564 ,
1129 1516 1266 1564 quibus
1285 1527 1348 1554 eo—

245 1604 325 1630 rum
341 1590 505 1629 doctrina
516 1589 726 1627 continetur
741 1616 754 1635 ,
765 1588 965 1636 inspexerit
981 1615 994 1634 ‚
1013 1597 1048 1624 et
1061 1588 1120 1624 cui
1132 1586 1239 1634 copia
1251 1585 1346 1625 facta
1380 1598 1383 1599 ⁷

245 1661 360 1699 fuerit
392 1671 474 1698 cum
517 1659 555 1695 id
589 1669 703 1707 genus
743 1656 983 1702 hominibus,
1013 1655 1076 1703 qui
1101 1664 1138 1692 et
1177 1656 1235 1694 hic
1271 1655 1347 1694 illic

246 1731 284 1768 in
303 1729 419 1778 patria
433 1738 559 1766 nostra
583 1728 843 1776 reperiuntur,
869 1725 1138 1774 colloquendi;
1164 1725 1262 1763 hunc
1288 1737 1348 1763 me

249 1801 339 1849 ipsis
375 1810 501 1837 eorum
542 1798 665 1836 verbis
694 1808 831 1844 usum,
858 1808 978 1844 neque
1011 1807 1137 1834 eorum
1165 1796 1349 1844 cogitandi

247 1879 282 1907 et
317 1867 555 1907 ratiocinandi
591 1868 766 1905 rationem
801 1877 971 1914 perverse
1001 1867 1266 1914 proposuisse,
1292 1865 1348 1904 af-

248 1941 477 1978 firmaturum
509 1950 618 1986 spero
647 1945 682 1975 et
714 1936 879 1975 confido.

298 2011 375 2048 Has
410 2008 444 2046 si
478 2007 747 2046 consideremus
783 2005 1047 2054 exceptiones,
1074 2015 1245 2054 apparet,
1270 2005 1347 2054 pri-

249 2091 306 2117 ma
336 2079 460 2117 fronte
486 2079 589 2115 allata
617 2084 830 2125 argumenta
859 2077 956 2114 haud
993 2075 1094 2113 omni
1123 2075 1199 2114 veri
1223 2076 1347 2124 specie

245 2160 391 2196 carere3
432 2159 498 2191 nec
532 2147 663 2185 mirum
700 2147 790 2184 adeo
824 2156 941 2193 esse,
990 2145 1022 2184 si
1062 2145 1230 2184 homines
1268 2145 1346 2195 pii,

248 2219 453 2268 simplices,
480 2217 568 2256 artis
587 2216 848 2267 interpretandi
867 2216 1008 2264 nescii,
1036 2215 1094 2254 his
1118 2215 1168 2254 ita
1190 2216 1346 2265 loquen-

1244 2285 1345 2327 tibus
