1502 2767
398 185 997 239 THEonooicA.
1188 200 1258 250 μή

140 304 308 350 doctrina
333 316 558 355 auguramur
580 297 775 346 hominum
800 308 846 346 de
865 307 965 347 beno
987 309 1153 358 gerundo
1174 314 1257 348 sen-

138 375 338 415 tentiarum
372 376 682 417 emendationem.

187 446 262 486 Est
296 446 394 486 enim
427 448 579 496 eadem,
611 458 707 496 quae
741 453 915 496 tanquam
940 447 1152 497 primarium
1180 449 1258 497 pla·

132 517 250 555 citum
274 517 464 566 inculcat,
492 518 685 557 hominum
727 529 844 568 genus
868 530 912 558 ex
939 530 1012 558 una
1037 520 1154 568 stirpe
1181 520 1257 557 ori-

132 587 255 636 ginem
284 588 447 630 duxisse.
470 590 583 639 (Act.
605 590 656 628 X.
679 589 893 638 24—26.),
921 600 997 637 quo
1027 589 1137 629 omne
1165 601 1256 639 gen-

132 657 228 696 tium
260 658 461 698 discrimen
503 659 663 698 tollitur.
716 660 789 699 Est
820 660 893 698 hoc
919 660 1125 708 placitum,
1153 659 1256 707 quod

124 727 238 779 Jesus
259 737 296 768 et
322 729 503 779 Apostoli
528 730 684 769 maxime
709 741 839 778 urgete
864 731 987 768 solent
1012 730 1098 781 (1).
1125 727 1254 780 Quum

132 809 262 838 omnes
300 800 473 848 aequales
503 800 604 848 sint,
655 811 784 838 omnes
833 798 1047 849 peccatores
1064 828 1077 847 ,
1126 810 1256 838 omnes

133 868 262 909 divina
289 878 433 909 tantum
470 870 587 920 gratia
620 870 782 917 beandi,
820 881 950 908 omnes
982 868 1021 908 in
1058 876 1173 906 unum
1212 869 1257 907 fi-

132 950 215 979 nem
242 941 418 988 tendant3
447 939 694 989 intelligitur,
734 942 801 987 qui
831 934 944 989 jesus
971 932 1150 978 'christus
1178 943 1257 976 'oin-

131 1011 235 1050 nium
272 1010 426 1048 omnino
464 1008 765 1048 Christianorum
803 1008 1046 1046 arctissimam
1093 1008 1256 1046 voluerit

129 1080 432 1130 conjunctionem
450 1107 463 1125 ,
489 1088 665 1126 tanquam
693 1078 856 1129 eJ'usdem
881 1078 997 1117 Patris
1025 1077 1253 1125 liberorum,

124 1149 217 1200 Jesu
253 1149 400 1188 Christi
439 1148 626 1197 fratrum,
685 1148 799 1188 unius
849 1148 1021 1197 corporis
1069 1149 1256 1187 membro-'³

128 1232 235 1269 rum,
264 1219 332 1268 qui
358 1230 488 1259 omnes
524 1219 596 1259 sub
631 1226 709 1258 uno
758 1220 966 1268 eodemque
990 1229 1135 1269 semper
1176 1220 1256 1260 Do-

131 1289 262 1338 mino,
289 1289 390 1338 fide,
414 1301 484 1339 spe
502 1298 555 1328 vet
592 1290 780 1338 baptismo
802 1291 1028 1340 J'unguntur.

182 1361 284 1400 Cum
313 1361 382 1399 hac
419 1360 631 1409 Religionis
673 1359 909 1400 Christianae
942 1360 1110 1399 doctrina·
1155 1364 1256 1399 arcte

125 1433 298 1483 jungitur
322 1431 534 1480 disciplina.
574 1432 734 1471 Nullum
764 1440 821 1470 est
844 1431 1032 1470 doctrinae
1050 1432 1254 1480 placitum,

126 1503 192 1542 oui
215 1513 293 1541 non
320 1511 517 1552 praecepta
544 1503 697 1541 moralia
724 1511 1058 1551 superstruantur,
1088 1511 1125 1540 et
1151 1503 1255 1550 quod

127 1584 206 1613 non
234 1573 273 1611 in
296 1573 428 1622 praxin
448 1572 618 1611 converti
644 1572 781 1621 possitt

180 1643 389 1692 Disciplina
415 1642 641 1691 moralis‚in
665 1633 876 1690 Religionis
901 1628 1135 1680 eufimianae
1158 1630 1251 1680 doe·-

134 1714 234 1753 'trina
268 1712 447 1758 fundata,
496 1714 598 1762 apud
636 1722 764 1751 omnes
793 1721 921 1761 gentes
952 1713 1073 1750 vaiere
1098 1720 1253 1760 potest,-

130 1783 202 1824 sub
239 1783 370 1832 quavis
398 1784 589 1832 regiminis
614 1782 735 1822 forma
756 1789 887 1822 omnes
927 1782 1054 1820 ubivis
1087 1784 1253 1832 populos

131 1855 290 1904 dirigere
331 1863 368 1893 et
400 1855 610 1894 emendare.-

184 1923 333 1975 Quodsi
369 1924 416 1963 ad
441 1923 625 1975 principia
650 1933 687 1963 et
717 1932 912 1974 praecepta
948 1923 1098 1961 moralia
1135 1928 1253 1961 atten-

1153 1995 1248 2040 dis,

168 2107 224 2144 (1)
242 2096 430 2143 conjunctio
443 2127 453 2142 ,
473 2114 490 2135 a
511 2107 584 2144 Jesu
611 2100 734 2136 Christo
763 2105 934 2143 pioposita,
954 2095 1046 2141 ionge·
1080 2100 1253 2135 Platonicae

135 2163 304 2200 praecenit.
331 2164 398 2197 Cfr.
418 2166 498 2194 Van
522 2165 669 2200 Oordt,
691 2163 720 2193 in
744 2163 868 2200 Disput.
895 2165 977 2194 laud.
1000 2172 1068 2199 pag.
1093 2172 1158 2198 117.
1185 2171 1254 2198 sqq.

133 2220 366 2258 Reinuard,
388 2222 475 2252 Ptan
498 2230 559 2252 van
583 2220 640 2250 den
667 2221 811 2250 Stia-hm
834 2221 887 2250 der
911 2216 1159 2255 emittendam&
1185 2220 1251 2255 ρκ’·

133 2276 197 2306 fini.-

646 2335 736 2374 R}
