1502 2767
421 220 1023 268 THEOLOGICA.
1207 235 1273 277 115

169 335 244 386 iis,
260 347 354 386 quae
379 348 492 385 supra
524 338 742 387 attulimus,
771 350 791 376 e
811 338 912 377 bello
939 333 1274 384 oriundis,malis·‚

170 418 213 446 ea
236 419 500 458 opponamus,
537 422 634 457 quae
665 410 710 447 ab
739 412 850 449 altera
871 419 974 459 parte
1000 409 1167 454 bellum,
1201 403 1275 442 nisi

169 481 455 528 commendent,
496 489 594 518 certe
634 481 761 518 multis
798 480 1013 518 nominibus
1052 477 1145 516 utile
1170 476 1275 515 evin-

167 559 281 600 cant3
307 560 519 600 praeterea,
549 560 591 588 ut
630 551 902 600 quodammodo
937 561 1021 588 cum
1059 560 1104 587 eo
1141 558 1274 604 recon-

167 620 339 658 cilientur
380 621 461 667 ini,
492 621 556 668 qui
589 632 609 658 a
658 620 757 658 bello
792 620 868 658 sint
902 621 1124 667 alieniores,
1163 618 1275 657 illud—

170 702 273 740 que,
299 691 349 728 ob
379 691 568 729 innumera
591 691 674 730 inde
698 699 778 729 orta
801 691 921 738 mala,
943 691 1017 739 geri
1033 690 1155 728 nolint
1171 717 1185 737 ,
1225 688 1276 726 si·

170 760 286 809 bique
315 763 559 810 persuadeant
595 761 718 810 ipsum
755 763 848 801 illud
887 763 1020 799 malum
1053 773 1073 798 a
1109 758 1277 798 Numine

169 843 345 880 supremo
372 833 410 869 in
436 832 616 880 optimum
643 832 753 870 finem
778 831 979 878 converti,
1007 830 1278 877 hominumque

167 902 292 950 generi
308 912 415 950 quam
427 902 582 939 maxime
606 913 688 939 esse
713 902 818 939 utile.
834 925 887 932 —-
911 903 983 940 Est
1008 900 1105 938 enim
1130 912 1170 938 ea
1195 911 1278 947 per·

169 983 279 1011 versa
323 972 514 1009 hominum
561 970 752 1021 judicandi
802 970 895 1007 ratio
911 998 925 1017 ,
959 978 1041 1017 ,ut,
1093 969 1160 1007 ubi
1204 979 1280 1006 ma-

171 1043 249 1080 lum
280 1041 434 1089 aliquod
468 1041 685 1086 advertant,
715 1051 965 1088 quaecunque.
992 1039 1166 1088 possint,
1192 1039 1280 1076 inde

167 1112 348 1158 oriunda,
382 1110 618 1148 incommoda
655 1118 870 1148 enumerent
908 1118 945 1147 et
968 1108 1112 1148 >vivide
1150 1108 1281 1157 depin-

165 1189 287 1231 gant,
316 1181 503 1219 bonorum
526 1190 657 1219 contra
693 1182 831 1219 nullam
868 1179 946 1218 fere
977 1180 1134 1218 habeant
1169 1179 1282 1217 ratio-

168 1263 268 1291 nem.
322 1251 438 1300 Quod
471 1251 526 1289 uti
561 1253 685 1290 locum
718 1251 858 1298 habet,
898 1250 963 1289 ubi
997 1250 1168 1289 homines
1212 1250 1281 1289 mi-

167 1316 272 1360 seriis
298 1329 547 1370 premuntur,
573 1321 624 1359 ita
663 1333 839 1369 quoque,
882 1321 947 1359 ubi
972 1322 1019 1359 de
1058 1321 1159 1359 bello
1199 1332 1279 1359 ser·

169 1403 232 1430 mo
255 1391 436 1441 injicitur.
488 1391 622 1430 Minus
658 1400 759 1430 recte
788 1392 839 1429 ita
859 1391 1012 1429 omnino
1044 1391 1089 1429 ab
1123 1391 1283 1429 homini·

167 1461 241 1500 bus
261 1461 419 1513 Judicari
453 1462 549 1499 solet
569 1485 584 1509 ,
611 1474 727 1509 quum
752 1463 866 1499 homo
890 1490 903 1509 ,
928 1462 1123 1511 diligenter
1144 1463 1190 1500 ad
1224 1473 1281 1499 re⁴

168 1545 250 1572 tum
274 1541 427 1572 naturae
463 1532 752 1570 moderationem
777 1533 998 1579 attendens,
1027 1532 1161 1581 quavis
1186 1533 1279 1570 hora

166 1610 225 1642 tot
240 1612 414 1651 tantaque
429 1628 442 1652 ‚
456 1603 650 1641 hominum
674 1602 855 1651 pravitate
879 1602 1033 1640 excitata
1047 1631 1059 1650 ,
1076 1615 1097 1640 a
1117 1603 1198 1641 Deo
1223 1613 1282 1640 sa-

166 1673 403 1722 pientissimo
434 1673 473 1711 in
505 1673 692 1722 optimum.
718 1674 826 1711 finem
857 1673 966 1721 dirigi
995 1673 1282 1722 animadvertere

171 1744 320 1794 possit,
330 1753 372 1783 ut
383 1753 514 1783 contra
526 1744 657 1792 gratias
665 1743 714 1782 Ei
726 1753 877 1782 acturus
890 1742 939 1781 sit
953 1755 1061 1791 quam
1075 1742 1250 1781 maximas
1266 1768 1280 1790 ,-

1188 1813 1254 1860 qui
1268 1834 1283 1860 ς
1301 1852 1303 1854 ,

168 1952 264 1986 μαψ
280 1943 430 1980 cupiunt,
451 1943 559 1972 acriter
575 1943 744 1978 invehens,
765 1942 844 1970 inter
855 1941 912 1971 alia
931 1942 1006 1970 haec
1021 1941 1119 1975 dixit,
1139 1944 1207 1977 pag'.
1231 1951 1278 1978 ιγ.

166 2001 200 2031 in
222 2009 292 2031 ann.
319 2020 343 2037 ‚‚
363 2001 523 2037 Egoismus
551 2000 736 2034 alleenpkan
761 2000 813 2027 het
841 2000 970 2034 inzx'en,
998 1999 1072 2039 (dar
1107 1999 1142 2027 de
1179 2001 1279 2036 oorlog

166 2041 273 2095 ’‘tutet'g
294 2059 340 2095 is)
368 2061 404 2085 ἐη
425 2058 584 2093 Εςσίεηιω·
612 2066 647 2084 en
672 2056 921 2093 kortzt'gtigheil
945 2057 1013 2090 zijn
1040 2058 1072 2084 in
1092 2056 1126 2084 de
1152 2058 1279 2085 moreele

140 2119 143 2122 “
166 2110 279 2143 her-eli
295 2114 501 2145 eemluidend.
542 2115 621 2142 Puto
639 2112 738 2142 virum
757 2121 877 2143 acutum
893 2121 924 2141 et
945 2115 1067 2142 doctum
1085 2114 1144 2142 hoc
1166 2119 1279 2142 tantum

165 2170 357 2203 intellectum
389 2173 471 2200 velle
507 2173 546 2201 de
574 2172 632 2207 iis,
661 2171 713 2206 qui
741 2172 874 2206 bellum,
897 2178 1061 2207 propterea
1088 2171 1169 2205 quod
1203 2170 1279 2200 utile

172 2228 234 2275 sit,
253 2235 284 2273 et
304 2237 405 2264 magna
424 2228 482 2258 sibi
502 2229 572 2257 inde
592 2230 751 2258 commoda
771 2235 913 2264 sperent,
934 2236 995 2256 non
1021 2235 1096 2255 vero
1121 2227 1160 2255 ob
1188 2226 1283 2262 alias„-

172 2294 281 2322 easque
307 2286 462 2320 graviores
479 2293 580 2314 causas
592 2306 602 2322 ,
620 2285 684 2320 geri
701 2284 832 2320 cupiant.

690 2355 774 2393 Ha
