1502 2767
241 200 315 236 226
463 198 1122 240 COMMENTATIO

303 318 336 345 1.
367 307 643 356 Unusquisque
668 309 864 358 intelligit,
890 322 1033 349 omnem
1071 312 1202 349 horum
1238 311 1360 349 bello*

250 387 328 414 rum
356 387 528 425 causam,
557 390 761 427 eorumque
791 381 1039 428 gerundorum
1072 382 1251 420 rationem
1277 391 1353 419 non

252 448 289 485 in
321 448 399 496 ips1
427 449 616 497 religionis
647 451 882 490 Christianae
914 452 1081 490 doctrina
1116 453 1358 500 quaerendam

252 529 359 563 esse,
413 519 477 556 sed
520 518 558 557 in
598 521 783 568 perversis
818 522 1007 560 hominurn
1046 522 1242 570 moribus,
1294 522 1360 570 qui

253 599 329 625 eam
366 600 491 636 parum
525 589 597 627 sibi
633 589 854 629 intellectam
891 592 1148 641 corrupissent
1184 601 1220 630 et
1245 592 1362 640 impe-

251 656 459 705 divissent,
512 660 714 706 quominus
755 661 950 699 salutarem
985 673 1088 700 suam
1116 661 1192 700 vim
1225 660 1265 699 in
1294 662 1363 699 ho-

251 729 390 765 minum
429 729 571 768 animos
603 739 803 769 exsereret.

305 810 342 836 2.
373 798 501 849 Quum
538 809 709 839 nostrum
733 811 989 850 argumentum
1017 810 1192 840 moratam
1219 808 1363 850 spectet

255 868 445 906 hominum
483 867 768 918 conditionem,
819 872 899 920 ipsa
931 872 984 909 rei
1016 871 1110 910 ratio
1143 871 1251 910 docet
1287 880 1365 909 non

255 949 367 985 posse
401 949 479 977 non
513 939 639 978 multis
677 941 962 989 exceptionibus
1000 942 1124 979 locum
1159 951 1270 988 esse3
1297 949 1366 978 nec

257 1009 449 1047 hominurn
485 1011 530 1048 de
566 1010 665 1048 bello
696 1011 862 1059 gerundo
896 1011 1161 1050 sententiarum
1200 1009 1368 1049 emenda-
1420 1059 1423 1062 y

257 1079 392 1117 tionem
433 1080 471 1118 in
507 1080 696 1130 singulis,
721 1083 785 1120 secl
813 1081 986 1120 universe
1019 1081 1254 1130 spectandam
1288 1089 1368 1117 esse

253 1160 407 1198 eamque
450 1162 518 1199 pro
563 1150 719 1189 diversis
766 1163 912 1198 rerum,
969 1162 1053 1190 cum
1099 1150 1365 1199 politicarum,

251 1226 329 1257 tum
373 1219 627 1269 religiosarum
683 1221 923 1268 rationibus,
973 1222 1012 1259 in
1052 1221 1191 1270 quibus
1231 1218 1366 1268 populi

254 1290 461 1329 Christiani
497 1299 731 1329 versarentur
747 1319 762 1338 ‚
788 1291 1070 1340 dijudicandam.

307 1374 343 1408 3.
371 1361 460 1399 Non
501 1360 606 1399 unice
641 1361 822 1398 bellorum
857 1347 1034 1399 numerus
1075 1359 1362 1408 ponderandus,

252 1442 328 1468 non
365 1430 472 1468 unice
509 1431 604 1469 ratio
645 1430 937 1477 consideranda,
992 1431 1066 1478 quil
1106 1430 1230 1467 eadem
1269 1437 1372 1477 gere·

253 1509 356 1546 rent,
397 1501 463 1538 sed
508 1500 719 1538 testimonia
758 1500 922 1547 undique
956 1485 1238 1547 conquirenda,
1276 1509 1369 1546 quae

253 1569 438 1617 probant,
453 1570 592 1618 quibus
610 1569 723 1607 animi
750 1570 943 1607 sententiis
972 1569 1142 1608 homines
1167 1568 1262 1606 bella
1287 1578 1379 1611 sus-¹

251 1642 416 1689 ciperent
447 1641 647 1689 eademque
681 1649 863 1687 gererent.

303 1724 342 1759 4.
384 1710 593 1759 Religionis
629 1710 868 1749 Christianae
912 1710 1079 1748 doctrina
1121 1719 1198 1746 non
1238 1708 1365 1756 potuit

254 1793 356 1828 non,
396 1781 612 1829 ubicunque
650 1790 795 1829 recepta
828 1780 905 1825 sit.,
946 1779 1114 1817 homines
1148 1777 1366 1818 melioribus

253 1851 448 1889 sententiis
483 1851 676 1896 imbuere,
721 1862 814 1898 quae
852 1850 932 1887 sive
968 1849 1005 1886 in
1047 1848 1175 1897 praxin
1209 1859 1369 1887 conver·

253 1932 400 1967 tantur,
433 1922 512 1958 sive
546 1920 694 1966 minus,
727 1920 918 1957 hominum
957 1919 1087 1956 animis
1124 1919 1230 1957 nullo
1255 1919 1366 1957 modo

253 1992 418 2030 excidere
454 1999 630 2040 possunt.
696 1991 820 2039 Quare
853 1990 956 2026 nullo
994 1999 1160 2037 tempore
1197 2000 1274 2026 non
1301 1989 1369 2026 ho·

253 2063 392 2099 minum
426 2062 470 2099 de
507 2061 604 2098 bello
634 2060 799 2107 gerundo
829 2057 1030 2097 sententiae
1060 2058 1269 2096 emendatae
1293 2057 1367 2096 dici

252 2139 439 2178 possunt,
468 2132 571 2179 quod
592 2131 635 2168 de
665 2141 709 2168 co
734 2141 886 2176 quoque
919 2141 1008 2166 aevo
1036 2128 1257 2176 dicendum,
1286 2139 1362 2175 quo

253 2200 441 2248 religionis
477 2200 707 2239 Christianae
736 2211 809 2237 non
836 2200 908 2238 nisi
932 2199 1074 2247 species
1106 2199 1143 2236 in
1173 2198 1279 2236 terris
1305 2210 1363 2236 es-

253 2283 291 2307 se
313 2272 519 2308 videbatur.
553 2271 653 2321 Quid
676 2270 770 2308 enim
793 2272 837 2308 de
864 2270 1016 2317 Europa
1037 2269 1157 2307 medio
1177 2280 1268 2307 aevo
1290 2268 1367 2306 fac·

1283 2347 1360 2377 turn
