1523 2745
334 169 1093 217 OBSERVATIONES.
1203 194 1276 230 249

163 277 270 314 locus
325 288 401 316 non
447 288 504 317 est
554 281 653 330 (1);
707 295 833 333 verum
875 293 1269 343 animadvertendum,

160 346 391 386 Athenaeum
423 349 610 390 Platonem
647 364 724 391 non
759 359 955 405 culpasse,
996 366 1097 409 quod
1136 367 1268 407 dixerit

159 415 396 464 Protagoram
428 423 468 460 τὸ
505 424 688 472 δεύτερον,
727 428 792 464 Sed
829 432 866 468 οὐ
904 442 1058 477 πολλκῖς
1101 439 1262 487 πρότερον

159 487 301 535 ἡμέραις
325 488 545 537 advenisse,
590 492 739 531 duobus
769 499 996 548 quippejam
1028 506 1135 543 annis
1163 519 1266 554 prae-

152 548 324 603 ter-'lapsis
359 558 442 607 (ε).
494 561 675 601 Putarunt
716 576 835 605 autem
869 570 993 617 plures
1032 574 1123 612 viri
1134 577 1264 626 docti,

155 625 291 672 lespici
315 627 354 664 h.
382 630 409 665 l.
440 630 484 667 ad
509 633 549 671 τὸ
573 634 754 682 Beda-epam
785 649 892 683 quarn
909 641 958 677 oi)
985 654 1056 681 rem
1074 645 1264 685 Dalecam

152 693 266 742 pius,
295 696 333 734 in
357 699 530 738 versione
556 702 738 742 Athenaei
758 735 770 750 .‚
801 707 1004 757 interponit
1053 720 1263 767 primum

151 763 319 803 Athenas
351 781 638 810 commeantem:
676 787 788 822 quum
825 778 967 819 Graeca
1008 793 1149 824 tantum
1175 792 1267 838 *gm-

147 838 328 885 δημοῦμτα
346 840 557 880 exhibeant.
605 845 748 883 Contra
772 859 838 895 ea,
867 851 972 890 etiam
999 841 1120 902 ipsum
1147 860 1264 899 Athe-

148 902 278 944 naeum
326 909 443 948 hocce
478 912 699 960 Protagorae
738 916 831 965 iter,
883 922 1036 960 alterum
1079 937 1261 976 vocasse,

148 987 193 1015 ex
219 978 294 1019 alio
323 979 433 1028 hujus
457 983 656 1030 scriptoris
673 986 756 1023 loco
780 989 970 1036 colligitur
985 993 1077 1041 (3).
1133 997 1259 1046 Quum

150 1044 266 1093 igitur
281 1051 371 1086 satis
397 1053 606 1090 ostendisse
629 1054 878 1105 mihividear,
906 1061 1086 1101 Athenaei
1103 1071 1262 1107 auctori-

146 1124 254 1155 tatem
266 1127 342 1154 non
358 1120 470 1156 modo
484 1131 718 1169 nequaquam
733 1125 907 1174 obstare,
923 1134 1124 1178 quominus
1138 1148 1175 1174 ει
1180 1141 1262 1177 eda-

145 1197 228 1224 mus
256 1188 490 1236 Protagoram
525 1201 562 1228 et
599 1203 704 1231 antea
737 1196 895 1235 Athenis
931 1202 1107 1251 degisse,
1137 1209 1256 1247 multo

143 1268 233 1294 vero
280 1259 394 1307 magis
441 1260 478 1297 id
515 1261 638 1309 ipsum
671 1265 716 1301 ab
754 1278 799 1304 eo
831 1268 1029 1321 affirmari3
1083 1287 1160 1315 non
1199 1291 1255 1318 est
1290 1289 1292 1292 ·

143 1337 222 1373 quo
251 1327 374 1366 minus
397 1338 599 1378 putemuS‚
627 1333 801 1374 Periclem
835 1338 1059 1388 Protagorae
1088 1357 1165 1385 non
1192 1351 1254 1388 ad-

134 1393 287 1444 4ΐιιὶεεεες
316 1398 430 1446 idque
468 1399 680 1451 imprimis,
710 1417 823 1452 quum
866 1420 887 1446 e
920 1410 1127 1461 fragmento
1164 1419 1258 1458 Ora-

143 1467 258 1503 tionis
287 1469 479 1517 cujusdam
505 1472 752 1522 Protagorae,
779 1489 797 1514 a
826 1479 1022 1520 Plutarcho
1049 1486 1117 1534 (4)
1144 1490 1256 1530 nobis

139 1547 287 1575 servato
304 1566 317 1585 ,
346 1550 518 1588 appareat
544 1570 557 1589 ,
586 1554 693 1591 quam
731 1548 848 1594 probe
871 1550 931 1588 hic
955 1553 1133 1602 Sophista
1156 1560 1257 1598 Peri-

140 1607 232 1645 clem
263 1610 438 1658 noverit,
479 1614 686 1662 quantique
727 1628 808 1655 eum
847 1622 1111 1666 aestimaverit.
1179 1632 1256 1670 Ce-

139 1686 257 1715 terum
289 1673 336 1717 ne
359 1691 614 1729 argumentum
650 1685 797 1731 quidem
831 1689 1101 1738 disputationis
1133 1710 1252 1739 muta·

137 1748 231 1786 tioni
265 1748 388 1789 favet:
430 1752 579 1792 minime
612 1755 707 1795 enim
739 1760 916 1798 convenit
941 1762 1175 1815 Philosopho
1211 1771 1248 1808 in

136 1819 324 1867 physicas·
349 1833 406 1859 res
445 1822 672 1873 inquirenti;
726 1830 790 1866 sed
837 1840 1004 1870 versatur
1048 1844 1168 1876 totum
1211 1841 1249 1879 in
1307 1876 1309 1878 .

1203 1921 1257 1950 ta-

173 2000 190 2036 (
208 2003 226 2039 )
247 2002 340 2031 conf.
365 2002 469 2031 Stallb.
491 2002 521 2031 in
539 2004 636 2032 Prnef.
651 2006 696 2033 aad
713 2007 787 2035 Plat.
806 2010 913 2044 Protag
949 2019 980 2045 p.
1011 2019 1056 2046 ¹?-

131 2067 140 2088 ·,
173 2059 225 2094 (2)
247 2060 340 2089 conf.
358 2061 482 2088 casaub.
505 2062 540 2089 aa
557 2062 668 2091 Athen.
685 2065 706 2091 l.
728 2065 750 2092 l.
768 2072 796 2099 p.
815 2069 884 2099 386.

172 2116 227 2154 (3)
249 2116 320 2145 Lib.
342 2117 395 2145 xl.
416 2125 448 2152 p.
471 2123 539 2150 506.
560 2120 599 2147 Α.
620 2132 659 2141 —
680 2121 772 2149 Conf.
798 2121 847 2150 Cl.
867 2124 969 2153 Geelii
998 2125 1076 2156 Ηίεε.
1098 2130 1246 2165 sophim.

134 2182 168 2210 p.
186 2175 234 2209 76.
265 2181 312 2209 sq.
461 2211 465 2214 ῃ

173 2230 228 2271 (4)
251 2232 377 2261 Consol.
394 2233 429 2260 ad
449 2234 553 2268 Apoll.
573 2241 637 2268 cap.
654 2240 702 2267 33.
724 2243 753 2270 p.
775 2238 837 2265 118.
856 2237 891 2272 E.
913 2237 1017 2275 ibique
1033 2241 1186 2276 Wyttenb.
