1538 2689
383 130 935 175 PROOEMIUM.
1211 144 1232 180 7

115 244 287 285 situdinis
320 244 512 283 vinculum
541 243 779 290 intercessit,
825 240 1061 290 Xanthippi,
1099 253 1136 281 v.
1164 254 1198 281 e.
1217 271 1229 289 ,

108 315 403 365 Ephialtisque3
434 314 681 363 'Anaxagorae
704 324 822 361 vero,
852 311 1028 350 Cimonis
1064 312 1231 351 Alcibia-

105 386 243 435 disque
272 384 349 424 fata
373 386 572 424 enarranda
603 395 681 423 non
714 383 1014 432 duxisquippe
1052 383 1098 420 de
1135 395 1230 430 quo·

109 464 192 495 rum
227 455 304 496 vita
334 456 442 505 plura
480 463 626 494 exstant
651 455 831 493 Veterum
863 452 1106 501 testimonia,
1130 464 1150 490 a
1173 463 1230 489 re-

104 526 336 565 cent10ribus
366 527 521 564 collecta
551 535 664 574 atque
694 525 893 574 explicata.

155 598 315 647 Restat,
342 608 386 637 ut
412 599 552 647 aliquid
577 599 622 637 de
642 597 828 636 Fontibus
848 596 993 634 addam.
1023 596 1058 634 E
1087 593 1228 642 quibus

106 668 345 707 Plutarchum
385 669 624 718 potissimum
657 668 863 707 adeundum
900 666 1060 716 putavi3
1099 675 1230 713 quam-

105 738 232 777 obrem
260 739 413 777 Periclis
440 739 553 778 vitatn
571 766 583 785 ,
608 740 653 777 ab
683 750 728 776 eo
756 737 1029 785 conscriptam,
1060 746 1107 773 ex
1136 735 1229 772 alio-

101 820 183 846 rum
217 819 383 847 veterum
411 809 638 857 scriptorum
661 837 674 856 ,
701 808 917 857 praesertim
946 806 1109 856 ejusdem
1140 806 1227 844 Plu-

100 878 246 926 tarchi,
273 878 690 917 commemorationibus
713 878 797 916 auxi
811 906 824 924 ,
852 889 934 915 raro
957 875 1220 914 emendandam

99 948 321 987 existimavi.
376 948 460 985 Hos
497 949 654 994 fontes,
686 955 868 994 quantum
903 946 1041 993 potui,
1072 957 1224 983 accura-

97 1016 241 1054 tissime
275 1017 462 1064 indicavi;
517 1017 763 1054 recentiorum
805 1027 916 1064 opera
950 1016 1129 1052 utendum
1165 1026 1224 1052 es-

97 1097 139 1125 se
162 1097 239 1124 non
270 1087 387 1135 duxi3
432 1087 471 1124 id
497 1095 619 1124 tamen
648 1086 736 1134 egi,
777 1094 846 1133 ut,
881 1085 912 1124 si
937 1096 1010 1132 qua
1037 1083 1222 1122 dubitatio

95 1166 223 1195 exorta
252 1167 381 1205 esset,
420 1156 644 1205 interpretes
687 1156 854 1203 adirem,
897 1166 1102 1202 eorumque
1139 1165 1223 1191 sen-

94 1227 228 1264 tentIas
264 1227 358 1264 inter
383 1239 423 1265 se
446 1227 679 1265 conciliarem
697 1255 710 1274 ,
737 1227 900 1264 aliumve
927 1237 971 1263 ex
994 1225 1067 1262 alio
1093 1236 1218 1263 emen-

93 1297 179 1335 dare
214 1308 395 1345 conarer,
443 1298 622 1335 Veterum
665 1296 891 1344 scriptorum
924 1297 1030 1342 loca,
1070 1306 1166 1342 quae
1196 1306 1216 1332 a

90 1367 361 1406 recentioribus
387 1367 497 1405 citata
537 1367 699 1404 videram
715 1395 728 1413 ,
755 1377 833 1404 non
867 1366 940 1403 nisi
978 1365 1083 1412 prius
1110 1377 1130 1402 a
1157 1376 1215 1401 me

90 1439 308 1486 explorata,
356 1450 376 1475 e
415 1437 601 1485 scriptore
653 1438 737 1485 ipso
788 1436 981 1484 apposui3
1022 1434 1098 1472 nisi
1141 1446 1214 1482 qua

91 1517 217 1546 essent
255 1507 412 1546 minoris
449 1509 656 1554 momenti,
684 1508 745 1544 vel
778 1506 823 1544 ab
850 1506 1080 1554 interprete,
1106 1518 1125 1544 a
1156 1516 1214 1544 me

91 1580 278 1626 indicato,
304 1579 342 1616 in
378 1590 492 1617 unum
532 1577 639 1625 quasi
673 1589 813 1626 corpus
852 1577 1023 1614 collecta.

153 1649 329 1697 Amplius
368 1649 457 1696 quid
510 1648 625 1686 dicam
643 1676 656 1694 ,
709 1647 792 1685 Viri
839 1646 1077 1693 Clarissimi,
1133 1658 1210 1693 quo

91 1731 205 1757 meam
233 1720 391 1767 opellam
408 1719 530 1756 Vobis
552 1715 842 1755 commendem?
868 1717 990 1755 Vobis
1015 1728 1089 1754 eam
1117 1714 1212 1753 offe-

88 1802 131 1828 ro
161 1789 313 1837 timide,
340 1791 407 1827 sed
442 1789 686 1827 confidenter.
720 1787 894 1835 Timide,
922 1786 1042 1825 alieno
1070 1787 1211 1835 quippe

86 1859 254 1908 periculo
287 1860 449 1906 doctus,
477 1870 556 1897 non
591 1859 713 1897 cuivis
750 1858 970 1906 contingere
1001 1858 1100 1896 adire
1132 1858 1211 1895 Co*

85 1929 278 1976 rinthum,
328 1941 368 1966 ac
403 1940 587 1976 praeterea
627 1929 719 1966 mihi
767 1940 1000 1976 nequaquam
1033 1928 1211 1966 dissimu‘

85 2000 191 2047 lans,
212 2001 389 2037 nonnulla
411 2000 572 2038 fortasse
586 1999 626 2037 in
639 1999 698 2037 his
722 1999 915 2038 inventum
933 1999 999 2045 iri,
1016 2009 1108 2046 qnae
1122 2026 1134 2044 ,
1151 1999 1210 2035 vel

87 2067 210 2107 minus
237 2082 348 2118 quam
377 2082 444 2118 par
480 2079 577 2109 esset
611 2071 819 2117 illustrata,
849 2071 910 2108 vel
946 2070 1040 2107 male
1071 2068 1209 2117 dijudi-

87 2147 195 2186 cata,
239 2142 299 2178 vel
326 2141 577 2190 negligentius
611 2142 750 2190 scripta
783 2142 873 2178 sint.
926 2140 998 2178 Sed
1023 2149 1060 2177 et
1087 2139 1210 2177 confi-

88 2210 238 2257 denter,
276 2222 389 2259 quum
424 2211 533 2251 facile
571 2213 661 2251 mihi
692 2212 960 2261 persuadeam,
992 2212 1074 2249 Vos
1093 2239 1105 2258 ,
1134 2222 1207 2259 qua

1152 2291 1209 2318 e-s-
