1538 2689
290 196 336 232 50
509 181 1180 230 COMMENTATIO

287 295 389 341 quod
411 302 486 331 non
507 302 588 329 raro
614 290 687 338 fit,
714 301 830 335 massa
854 290 1006 334 calcaria
1031 290 1079 329 in
1101 293 1323 340 locoffiquo
1347 292 1391 330 ll-

284 374 389 412 gatur
405 391 418 409 ,
447 373 539 411 quae
560 371 637 399 tum
662 359 805 397 tunicas
838 358 1026 407 perforare
1050 369 1176 410 potest
1211 369 1247 406 et
1281 372 1389 409 quam

282 432 452 481 sequitur
494 431 765 478 haemorrhagia
809 431 1036 470 secundaria.
1089 432 1234 469 Haecce
1267 440 1388 470 autem

282 515 357 540 non
392 501 465 539 nisi
493 513 573 538 raro
601 500 789 538 obtinent.

330 573 380 611 11.
407 573 506 609 Inter
538 570 711 608 decimam
748 578 784 606 et
813 568 988 609 decimam
1028 569 1169 607 tertiam
1196 569 1316 615 diem,
1344 569 1388 607 fi-

279 644 353 680 lum
381 643 440 679 vel
471 641 530 678 fila
556 640 651 677 solvi
677 646 864 687 possunt,
911 639 1013 685 quod
1045 637 1119 675 imo
1158 639 1389 686 frequentius

279 711 450 756 obtinet,
480 711 587 757 quani
619 709 742 746 eadem
767 707 840 746 die.
867 707 1132 755 Impedirnenta
1153 693 1387 746 formationis

277 779 450 827 lymphae
478 777 652 824 plasticae
690 777 909 824 plerumque
947 776 1091 813 molesti
1119 776 1199 825 ejus
1224 777 1389 825 phaeno-

281 849 376 887 meni
412 860 542 886 causae
583 847 797 886 salutandae
821 845 1000 892 veniunt,
1033 847 1159 893 quales
1197 857 1388 898 recensen-

280 928 340 956 tur
365 927 551 966 quatuor:

336 989 386 1026 1⁹.
417 989 542 1026 Status
562 986 762 1024 morbosus
794 984 997 1024 tunicarum
1029 985 1252 1024 intimarum.
1286 986 1385 1026 Cum

279 1057 408 1096 arteria
426 1086 439 1104 ,
455 1058 563 1106 cujus
589 1055 713 1093 tunica
738 1054 867 1092 intima
905 1062 1168 1093 steatomatosa
1188 1063 1384 1101 concreta,

277 1136 339 1164 aut
371 1127 501 1164 lamina
530 1136 670 1163 massae
696 1123 867 1162 calcariae
892 1132 987 1161 tecta
1020 1133 1103 1171 est,
1145 1124 1302 1173 ligetur,
1331 1123 1387 1163 fa-

277 1196 347 1234 cile
379 1198 464 1234 loco
494 1194 747 1233 exsudationis
786 1194 956 1242 lymphae
995 1194 1168 1242 plasticae
1190 1202 1226 1231 et
1254 1193 1386 1231 adhae-

277 1265 423 1310 sionis,
462 1265 613 1302 arteriae
650 1262 884 1300 inflammatio
924 1262 1093 1309 sequitur
1113 1257 1145 1309 ,’
1179 1273 1274 1309 quae
1307 1261 1384 1300 abit

273 1337 311 1373 in
328 1333 631 1383 suppurationem
649 1333 706 1376 vel
727 1342 985 1379 gangraeuam.
1040 1332 1272 1381 Suppuratio
1292 1341 1382 1371 tunc

274 1405 430 1456 parietes
449 1401 598 1441 arteriae
611 1401 784 1460 ¹pervadit
804 1402 863 1439 vel
889 1410 977 1449 post
1001 1401 1228 1440 solutionem
1248 1402 1382 1451 ligatu-

273 1486 332 1512 rae
364 1474 498 1511 canalis
523 1483 676 1521 prorsus
700 1481 822 1519 aperta
845 1480 902 1509 est
929 1471 1012 1517 (ι),

322 1540 380 1580 2⁹.
409 1543 514 1580 Usus
528 1543 717 1588 ligaturae,
732 1552 825 1587 quae
837 1539 955 1578 forma
977 1549 1103 1588 peccat
1117 1541 1184 1589 (2)
1199 1568 1210 1579 .
1227 1541 1376 1580 Inflam-

271 1613 383 1655 matio
409 1613 602 1649 adhaesiva
625 1609 770 1648 facilius
788 1610 824 1646 in
846 1610 1063 1647 vulneribus
1087 1610 1320 1657 simplicibus
1342 1620 1379 1649 et

269 1681 373 1729 puris
387 1681 551 1719 nascitur
563 1708 574 1726 ,
593 1692 700 1728 quam
713 1681 748 1717 in
762 1679 988 1726 dilace1·atis;
1006 1691 1083 1717 eam
1099 1680 1147 1717 ob
1162 1691 1305 1718 causam
1326 1681 1380 1720 sic

268 1752 410 1790 institui
423 1752 529 1789 debet
547 1752 702 1799 ligatura
720 1751 807 1796 ‚ut‚
823 1749 1098 1798 perscindendis
1109 1749 1227 1787 forma
1245 1749 1379 1789 circuli

267 1816 402 1853 tunicis
424 1816 562 1853 intimis
580 1843 592 1861 ‚
606 1816 830 1862 producatur
853 1815 1036 1861 separatio
1070 1813 1226 1861 simplex
1246 1814 1374 1852 harum

266 1886 470 1931 tunicarum
510 1884 716 1922 intimarum
755 1892 790 1920 et
826 1884 1016 1922 exsudatio
1057 1883 1242 1921 sufficiens
1280 1885 1376 1933 lym·

266 1955 360 2002 pliae
397 1963 568 1992 nascatur
619 1955 700 2001 (3).
768 1952 846 1990 Ubi
882 1953 1054 1991 adhaesio
1093 1965 1168 1992 non
1207 1955 1345 1992 sufficit
1361 1983 1375 2002 ‚

329 2061 332 2064 .
1261 2034 1374 2060 mem·

307 2093 358 2130 (ι)
382 2093 600 2121 Transacn'ons
612 2090 667 2126 ofa
683 2093 745 2117 Soc.
762 2091 792 2126 f.
807 2091 855 2117 the
867 2092 994 2125 improv.
1006 2091 1119 2126 osmod.
1136 2091 1245 2119 knowl.
1261 2092 1329 2122 Vol.
1343 2102 1371 2121 a.

266 2158 296 2185 p.
321 2157 386 2184 ³¹⁵5·
427 2152 585 2182 Scan-pa,
604 2148 613 2174 1
633 2148 653 2173 Ι.
670 2154 702 2180 p.
727 2154 791 2179 ¹42·

303 2206 559 2241 (e‚,1jones‚l.
585 2205 607 2232 1.
632 2211 663 2238 p·
688 2211 747 2231 221.

305 2266 353 2300 (Ξῖ
377 2263 516 2299 Jones,
540 2261 599 2290 1.l.
621 2269 652 2295 p.
673 2268 733 2294 ¹74·
