<?xml version="1.0" encoding="UTF-8"?>
<!DOCTYPE html PUBLIC "-//W3C//DTD XHTML 1.0 Transitional//EN"
    "http://www.w3.org/TR/xhtml1/DTD/xhtml1-transitional.dtd">
<html xmlns="http://www.w3.org/1999/xhtml" xml:lang="en" lang="en">
 <head>
  <title>
</title>
<meta http-equiv="Content-Type" content="text/html;charset=utf-8" />
  <meta name='ocr-system' content='tesseract 3.04.00' />
  <meta name='ocr-capabilities' content='ocr_page ocr_carea ocr_par ocr_line ocrx_word'/>
</head>
<body>
  <div class='ocr_page' id='page_1' title='image "annalesacademiae33rhen_0199.png"; bbox 0 0 1502 2767; ppageno 0'>
   <div class='ocr_carea' id='block_1_1' title="bbox 384 174 1284 243">
    <p class='ocr_par' dir='ltr' id='par_1_1' title="bbox 384 174 1284 243">
     <span class='ocr_line' id='line_1_1' title="bbox 384 174 1284 243; baseline 0.001 -9"><span class='ocrx_word' id='word_1_1' title='bbox 384 174 979 240; x_wconf 75' lang='lat' dir='ltr'>&#39;r-HEOLOGrcA,</span> <span class='ocrx_word' id='word_1_2' title='bbox 1169 206 1284 243; x_wconf 90' lang='lat'>109·</span> 
     </span>
    </p>
   </div>
   <div class='ocr_carea' id='block_1_2' title="bbox 131 303 1298 2325">
    <p class='ocr_par' dir='ltr' id='par_1_2' title="bbox 131 303 1256 914">
     <span class='ocr_line' id='line_1_2' title="bbox 132 303 1246 354; baseline -0.004 -6"><span class='ocrx_word' id='word_1_3' title='bbox 132 304 377 353; x_wconf 83' lang='lat' dir='ltr'>necessariis,</span> <span class='ocrx_word' id='word_1_4' title='bbox 406 305 522 344; x_wconf 89' lang='lat' dir='ltr'>immo</span> <span class='ocrx_word' id='word_1_5' title='bbox 545 303 628 345; x_wconf 77' lang='lat' dir='ltr'>vita</span> <span class='ocrx_word' id='word_1_6' title='bbox 653 304 798 354; x_wconf 86' lang='lat' dir='ltr'>privare</span> <span class='ocrx_word' id='word_1_7' title='bbox 821 305 987 344; x_wconf 88' lang='lat' dir='ltr'>student.</span> <span class='ocrx_word' id='word_1_8' title='bbox 1040 304 1139 344; x_wconf 87' lang='lat' dir='ltr'>Haec</span> <span class='ocrx_word' id='word_1_9' title='bbox 1161 304 1246 344; x_wconf 89' lang='lat' dir='ltr'>bre-</span> 
     </span>
     <span class='ocr_line' id='line_1_3' title="bbox 131 374 1250 426; baseline -0.004 -10"><span class='ocrx_word' id='word_1_10' title='bbox 131 377 228 417; x_wconf 83' lang='lat' dir='ltr'>viter</span> <span class='ocrx_word' id='word_1_11' title='bbox 255 375 411 426; x_wconf 84' lang='lat' dir='ltr'>repetita</span> <span class='ocrx_word' id='word_1_12' title='bbox 432 375 633 415; x_wconf 86' lang='lat' dir='ltr'>sufficiant.</span> <span class='ocrx_word' id='word_1_13' title='bbox 663 397 715 406; x_wconf 89' lang='lat'>—-</span> <span class='ocrx_word' id='word_1_14' title='bbox 741 375 848 425; x_wconf 87' lang='lat' dir='ltr'><strong>Quae</strong></span> <span class='ocrx_word' id='word_1_15' title='bbox 875 387 959 414; x_wconf 91' lang='lat' dir='ltr'>cum</span> <span class='ocrx_word' id='word_1_16' title='bbox 984 374 1034 413; x_wconf 90' lang='lat' dir='ltr'>ita</span> <span class='ocrx_word' id='word_1_17' title='bbox 1060 374 1165 423; x_wconf 82' lang='lat' dir='ltr'>sint,</span> <span class='ocrx_word' id='word_1_18' title='bbox 1192 376 1250 413; x_wconf 90' lang='lat' dir='ltr'>in-</span> 
     </span>
     <span class='ocr_line' id='line_1_4' title="bbox 134 444 1250 496; baseline -0.001 -10"><span class='ocrx_word' id='word_1_19' title='bbox 134 447 301 496; x_wconf 84' lang='lat' dir='ltr'>telligere</span> <span class='ocrx_word' id='word_1_20' title='bbox 331 457 563 495; x_wconf 86' lang='lat' dir='ltr'>possumus,</span> <span class='ocrx_word' id='word_1_21' title='bbox 590 455 739 484; x_wconf 90' lang='lat' dir='ltr'>nostrae</span> <span class='ocrx_word' id='word_1_22' title='bbox 766 445 954 495; x_wconf 80' lang='lat' dir='ltr'>religionis</span> <span class='ocrx_word' id='word_1_23' title='bbox 979 445 1149 485; x_wconf 77' lang='lat' dir='ltr'>doctrina</span> <span class='ocrx_word' id='word_1_24' title='bbox 1169 444 1250 485; x_wconf 85' lang='lat' dir='ltr'>bel-</span> 
     </span>
     <span class='ocr_line' id='line_1_5' title="bbox 134 515 1249 565; baseline -0.001 -10"><span class='ocrx_word' id='word_1_25' title='bbox 134 516 235 555; x_wconf 89' lang='lat' dir='ltr'>landi</span> <span class='ocrx_word' id='word_1_26' title='bbox 270 516 454 554; x_wconf 82' lang='lat' dir='ltr'>licentiam</span> <span class='ocrx_word' id='word_1_27' title='bbox 490 516 616 554; x_wconf 91' lang='lat' dir='ltr'>multis</span> <span class='ocrx_word' id='word_1_28' title='bbox 653 516 971 565; x_wconf 81' lang='lat' dir='ltr'>circumscriptam</span> <span class='ocrx_word' id='word_1_29' title='bbox 1001 526 1086 555; x_wconf 93' lang='lat' dir='ltr'>esse</span> <span class='ocrx_word' id='word_1_30' title='bbox 1122 515 1249 554; x_wconf 91' lang='lat' dir='ltr'>limiti-</span> 
     </span>
     <span class='ocr_line' id='line_1_6' title="bbox 134 569 1255 634; baseline 0.002 -12"><span class='ocrx_word' id='word_1_31' title='bbox 134 584 232 634; x_wconf 87' lang='lat' dir='ltr'>bus,</span> <span class='ocrx_word' id='word_1_32' title='bbox 259 569 324 633; x_wconf 74' lang='lat' dir='ltr'>et,</span> <span class='ocrx_word' id='word_1_33' title='bbox 360 596 439 633; x_wconf 92' lang='lat' dir='ltr'>quo</span> <span class='ocrx_word' id='word_1_34' title='bbox 461 586 577 634; x_wconf 88' lang='lat' dir='ltr'>magis</span> <span class='ocrx_word' id='word_1_35' title='bbox 602 596 731 624; x_wconf 89' lang='lat' dir='ltr'>omnes</span> <span class='ocrx_word' id='word_1_36' title='bbox 753 585 924 624; x_wconf 88' lang='lat' dir='ltr'>homines</span> <span class='ocrx_word' id='word_1_37' title='bbox 945 585 1033 624; x_wconf 88' lang='lat' dir='ltr'>huic</span> <span class='ocrx_word' id='word_1_38' title='bbox 1064 592 1255 634; x_wconf 85' lang='lat' dir='ltr'>praestan·</span> 
     </span>
     <span class='ocr_line' id='line_1_7' title="bbox 135 654 1256 705; baseline 0.002 -13"><span class='ocrx_word' id='word_1_39' title='bbox 135 654 302 694; x_wconf 87' lang='lat' dir='ltr'>tissimae</span> <span class='ocrx_word' id='word_1_40' title='bbox 327 655 518 695; x_wconf 89' lang='lat' dir='ltr'>doctrinae</span> <span class='ocrx_word' id='word_1_41' title='bbox 540 654 812 702; x_wconf 84' lang='lat' dir='ltr'>assentiantur,</span> <span class='ocrx_word' id='word_1_42' title='bbox 855 663 969 705; x_wconf 87' lang='lat' dir='ltr'>atque</span> <span class='ocrx_word' id='word_1_43' title='bbox 992 663 1166 703; x_wconf 83' lang='lat' dir='ltr'>tanquam</span> <span class='ocrx_word' id='word_1_44' title='bbox 1196 655 1256 694; x_wconf 88' lang='lat' dir='ltr'>vi-</span> 
     </span>
     <span class='ocr_line' id='line_1_8' title="bbox 136 725 1252 776; baseline 0.002 -14"><span class='ocrx_word' id='word_1_45' title='bbox 136 733 196 771; x_wconf 88' lang='lat' dir='ltr'>tae</span> <span class='ocrx_word' id='word_1_46' title='bbox 217 736 367 764; x_wconf 85' lang='lat' dir='ltr'>normae</span> <span class='ocrx_word' id='word_1_47' title='bbox 393 725 568 764; x_wconf 87' lang='lat' dir='ltr'>obediant</span> <span class='ocrx_word' id='word_1_48' title='bbox 585 753 600 774; x_wconf 85' lang='lat'>,</span> <span class='ocrx_word' id='word_1_49' title='bbox 637 737 682 764; x_wconf 89' lang='lat' dir='ltr'>eo</span> <span class='ocrx_word' id='word_1_50' title='bbox 709 725 824 776; x_wconf 87' lang='lat' dir='ltr'>magis</span> <span class='ocrx_word' id='word_1_51' title='bbox 852 725 1009 765; x_wconf 89' lang='lat' dir='ltr'>bellandi</span> <span class='ocrx_word' id='word_1_52' title='bbox 1035 726 1252 765; x_wconf 79' lang='lat' dir='ltr'>causasde-</span> 
     </span>
     <span class='ocr_line' id='line_1_9' title="bbox 139 795 1251 851; baseline 0.001 -18"><span class='ocrx_word' id='word_1_53' title='bbox 139 795 311 851; x_wconf 86' lang='lat' dir='ltr'>futuras,</span> <span class='ocrx_word' id='word_1_54' title='bbox 325 804 437 844; x_wconf 88' lang='lat' dir='ltr'>atque</span> <span class='ocrx_word' id='word_1_55' title='bbox 456 795 562 845; x_wconf 89' lang='lat' dir='ltr'>ipsos</span> <span class='ocrx_word' id='word_1_56' title='bbox 578 796 747 834; x_wconf 90' lang='lat' dir='ltr'>homines</span> <span class='ocrx_word' id='word_1_57' title='bbox 762 824 776 844; x_wconf 90' lang='lat'>,</span> <span class='ocrx_word' id='word_1_58' title='bbox 790 808 811 834; x_wconf 89' lang='lat' dir='ltr'>a</span> <span class='ocrx_word' id='word_1_59' title='bbox 835 795 1007 835; x_wconf 88' lang='lat' dir='ltr'>bellando</span> <span class='ocrx_word' id='word_1_60' title='bbox 1029 795 1251 845; x_wconf 83' lang='lat' dir='ltr'>deterritos,</span> 
     </span>
     <span class='ocr_line' id='line_1_10' title="bbox 137 864 1091 914; baseline 0.001 -10"><span class='ocrx_word' id='word_1_61' title='bbox 137 864 305 914; x_wconf 90' lang='lat' dir='ltr'>bellum,</span> <span class='ocrx_word' id='word_1_62' title='bbox 335 866 460 914; x_wconf 89' lang='lat' dir='ltr'>quoad</span> <span class='ocrx_word' id='word_1_63' title='bbox 487 866 566 905; x_wconf 90' lang='lat' dir='ltr'>fieri</span> <span class='ocrx_word' id='word_1_64' title='bbox 591 866 738 914; x_wconf 82' lang='lat' dir='ltr'>possit,</span> <span class='ocrx_word' id='word_1_65' title='bbox 765 866 970 904; x_wconf 87' lang='lat' dir='ltr'>evitaturos</span> <span class='ocrx_word' id='word_1_66' title='bbox 992 877 1091 905; x_wconf 83' lang='lat' dir='ltr'>esse.</span> 
     </span>
    </p>

    <p class='ocr_par' dir='ltr' id='par_1_3' title="bbox 137 935 1298 2321">
     <span class='ocr_line' id='line_1_11' title="bbox 190 935 1256 986; baseline 0.004 -13"><span class='ocrx_word' id='word_1_67' title='bbox 190 936 321 986; x_wconf 71' lang='lat' dir='ltr'>Quum,</span> <span class='ocrx_word' id='word_1_68' title='bbox 349 935 400 974; x_wconf 87' lang='lat' dir='ltr'>ita</span> <span class='ocrx_word' id='word_1_69' title='bbox 433 935 640 974; x_wconf 87' lang='lat' dir='ltr'>doctrinam</span> <span class='ocrx_word' id='word_1_70' title='bbox 673 935 864 984; x_wconf 83' lang='lat' dir='ltr'>religionis</span> <span class='ocrx_word' id='word_1_71' title='bbox 904 935 1140 975; x_wconf 83' lang='lat' dir='ltr'>Christianae</span> <span class='ocrx_word' id='word_1_72' title='bbox 1163 941 1256 977; x_wconf 82' lang='lat' dir='ltr'>con-</span> 
     </span>
     <span class='ocr_line' id='line_1_12' title="bbox 137 1004 1254 1056; baseline 0.001 -12"><span class='ocrx_word' id='word_1_73' title='bbox 137 1005 369 1053; x_wconf 85' lang='lat' dir='ltr'>sideramus,</span> <span class='ocrx_word' id='word_1_74' title='bbox 419 1005 529 1044; x_wconf 87' lang='lat' dir='ltr'>facile</span> <span class='ocrx_word' id='word_1_75' title='bbox 575 1004 759 1054; x_wconf 86' lang='lat' dir='ltr'>principia</span> <span class='ocrx_word' id='word_1_76' title='bbox 794 1005 972 1054; x_wconf 83' lang='lat' dir='ltr'>colligere</span> <span class='ocrx_word' id='word_1_77' title='bbox 1015 1016 1222 1056; x_wconf 88' lang='lat' dir='ltr'>possumus</span> <span class='ocrx_word' id='word_1_78' title='bbox 1238 1033 1254 1055; x_wconf 83' lang='lat'>,</span> 
     </span>
     <span class='ocr_line' id='line_1_13' title="bbox 140 1074 1256 1126; baseline 0.002 -13"><span class='ocrx_word' id='word_1_79' title='bbox 140 1074 280 1123; x_wconf 92' lang='lat' dir='ltr'>quibus</span> <span class='ocrx_word' id='word_1_80' title='bbox 305 1074 480 1123; x_wconf 90' lang='lat' dir='ltr'>princeps</span> <span class='ocrx_word' id='word_1_81' title='bbox 502 1075 743 1114; x_wconf 86' lang='lat' dir='ltr'>Christianus</span> <span class='ocrx_word' id='word_1_82' title='bbox 782 1076 829 1126; x_wconf 83' lang='lat' dir='ltr'>ad</span> <span class='ocrx_word' id='word_1_83' title='bbox 856 1076 952 1115; x_wconf 90' lang='lat' dir='ltr'>bella</span> <span class='ocrx_word' id='word_1_84' title='bbox 977 1077 1141 1125; x_wconf 90' lang='lat' dir='ltr'>gerunda</span> <span class='ocrx_word' id='word_1_85' title='bbox 1174 1086 1256 1115; x_wconf 88' lang='lat' dir='ltr'>mo-</span> 
     </span>
     <span class='ocr_line' id='line_1_14' title="bbox 138 1145 1255 1197; baseline 0.004 -14"><span class='ocrx_word' id='word_1_86' title='bbox 138 1153 282 1184; x_wconf 89' lang='lat' dir='ltr'>veatur.</span> <span class='ocrx_word' id='word_1_87' title='bbox 333 1145 403 1184; x_wconf 90' lang='lat' dir='ltr'>Ille</span> <span class='ocrx_word' id='word_1_88' title='bbox 428 1145 468 1183; x_wconf 92' lang='lat' dir='ltr'>in</span> <span class='ocrx_word' id='word_1_89' title='bbox 495 1146 595 1184; x_wconf 90' lang='lat' dir='ltr'>bello</span> <span class='ocrx_word' id='word_1_90' title='bbox 622 1147 861 1195; x_wconf 88' lang='lat' dir='ltr'>suscipiendo</span> <span class='ocrx_word' id='word_1_91' title='bbox 901 1148 969 1186; x_wconf 90' lang='lat' dir='ltr'>tria</span> <span class='ocrx_word' id='word_1_92' title='bbox 1000 1148 1088 1186; x_wconf 89' lang='lat' dir='ltr'>haec</span> <span class='ocrx_word' id='word_1_93' title='bbox 1131 1147 1255 1197; x_wconf 84' lang='lat' dir='ltr'>magni</span> 
     </span>
     <span class='ocr_line' id='line_1_15' title="bbox 138 1214 1260 1269; baseline 0.004 -16"><span class='ocrx_word' id='word_1_94' title='bbox 138 1214 333 1263; x_wconf 78' lang='lat' dir='ltr'>aestimet3</span> <span class='ocrx_word' id='word_1_95' title='bbox 360 1217 562 1255; x_wconf 73' lang='lat' dir='ltr'>caritatem</span> <span class='ocrx_word' id='word_1_96' title='bbox 578 1244 591 1265; x_wconf 84' lang='lat'>,</span> <span class='ocrx_word' id='word_1_97' title='bbox 603 1217 825 1267; x_wconf 82' lang='lat' dir='ltr'>justitiam,</span> <span class='ocrx_word' id='word_1_98' title='bbox 849 1217 1107 1269; x_wconf 78' lang='lat' dir='ltr'>prudentiam.</span> <span class='ocrx_word' id='word_1_99' title='bbox 1160 1218 1260 1259; x_wconf 88' lang='lat' dir='ltr'>Dili-</span> 
     </span>
     <span class='ocr_line' id='line_1_16' title="bbox 137 1285 1256 1343; baseline 0.004 -20"><span class='ocrx_word' id='word_1_100' title='bbox 137 1293 200 1333; x_wconf 87' lang='lat' dir='ltr'>gat</span> <span class='ocrx_word' id='word_1_101' title='bbox 225 1296 319 1324; x_wconf 91' lang='lat' dir='ltr'>suos</span> <span class='ocrx_word' id='word_1_102' title='bbox 352 1285 455 1324; x_wconf 90' lang='lat' dir='ltr'>cives</span> <span class='ocrx_word' id='word_1_103' title='bbox 495 1296 712 1335; x_wconf 70' lang='lat' dir='ltr'>eorumque,</span> <span class='ocrx_word' id='word_1_104' title='bbox 735 1289 890 1326; x_wconf 92' lang='lat' dir='ltr'>salutem</span> <span class='ocrx_word' id='word_1_105' title='bbox 924 1296 1054 1338; x_wconf 86' lang='lat' dir='ltr'>curet,</span> <span class='ocrx_word' id='word_1_106' title='bbox 1076 1288 1256 1343; x_wconf 78' lang='lat' dir='ltr'>-ideoque</span> 
     </span>
     <span class='ocr_line' id='line_1_17' title="bbox 144 1343 1298 1407; baseline 0.003 -13"><span class='ocrx_word' id='word_1_107' title='bbox 144 1366 271 1394; x_wconf 89' lang='lat' dir='ltr'>eorum</span> <span class='ocrx_word' id='word_1_108' title='bbox 322 1366 408 1394; x_wconf 89' lang='lat' dir='ltr'>vera</span> <span class='ocrx_word' id='word_1_109' title='bbox 463 1357 656 1395; x_wconf 86' lang='lat' dir='ltr'>commoda</span> <span class='ocrx_word' id='word_1_110' title='bbox 702 1366 833 1407; x_wconf 84' lang='lat' dir='ltr'>augeat</span> <span class='ocrx_word' id='word_1_111' title='bbox 853 1385 867 1406; x_wconf 89' lang='lat'>,</span> <span class='ocrx_word' id='word_1_112' title='bbox 916 1367 954 1397; x_wconf 83' lang='lat' dir='ltr'>et</span> <span class='ocrx_word' id='word_1_113' title='bbox 978 1386 992 1406; x_wconf 85' lang='lat'>‚</span> <span class='ocrx_word' id='word_1_114' title='bbox 1049 1343 1122 1397; x_wconf 81' lang='lat' dir='ltr'>nisi</span> <span class='ocrx_word' id='word_1_115' title='bbox 1167 1359 1259 1398; x_wconf 87' lang='lat' dir='ltr'>haec</span> <span class='ocrx_word' id='word_1_116' title='bbox 1296 1377 1298 1380; x_wconf 88' lang='lat'>·</span> 
     </span>
     <span class='ocr_line' id='line_1_18' title="bbox 139 1422 1260 1482; baseline 0.004 -18"><span class='ocrx_word' id='word_1_117' title='bbox 139 1422 363 1474; x_wconf 84' lang='lat' dir='ltr'>amplificare</span> <span class='ocrx_word' id='word_1_118' title='bbox 392 1425 544 1474; x_wconf 84' lang='lat' dir='ltr'>possit,</span> <span class='ocrx_word' id='word_1_119' title='bbox 594 1437 684 1465; x_wconf 81' lang='lat' dir='ltr'>sane</span> <span class='ocrx_word' id='word_1_120' title='bbox 721 1438 799 1466; x_wconf 90' lang='lat' dir='ltr'>non</span> <span class='ocrx_word' id='word_1_121' title='bbox 831 1440 944 1482; x_wconf 16' lang='lat' dir='ltr'>‘arma</span> <span class='ocrx_word' id='word_1_122' title='bbox 989 1428 1122 1468; x_wconf 89' lang='lat' dir='ltr'>inferat</span> <span class='ocrx_word' id='word_1_123' title='bbox 1170 1430 1260 1468; x_wconf 91' lang='lat' dir='ltr'>hos-</span> 
     </span>
     <span class='ocr_line' id='line_1_19' title="bbox 138 1494 1269 1548; baseline 0.004 -14"><span class='ocrx_word' id='word_1_124' title='bbox 138 1494 262 1534; x_wconf 89' lang='lat' dir='ltr'>tibus.</span> <span class='ocrx_word' id='word_1_125' title='bbox 316 1496 389 1534; x_wconf 90' lang='lat' dir='ltr'>Sed</span> <span class='ocrx_word' id='word_1_126' title='bbox 415 1495 524 1535; x_wconf 90' lang='lat' dir='ltr'>etiam</span> <span class='ocrx_word' id='word_1_127' title='bbox 554 1508 637 1546; x_wconf 86' lang='lat' dir='ltr'>erga</span> <span class='ocrx_word' id='word_1_128' title='bbox 670 1497 946 1537; x_wconf 77' lang='lat' dir='ltr'>hostesamore</span> <span class='ocrx_word' id='word_1_129' title='bbox 969 1501 1147 1548; x_wconf 82' lang='lat' dir='ltr'>ducatur3</span> <span class='ocrx_word' id='word_1_130' title='bbox 1176 1510 1269 1538; x_wconf 67' lang='lat' dir='ltr'>om·</span> 
     </span>
     <span class='ocr_line' id='line_1_20' title="bbox 137 1553 1259 1618; baseline 0.004 -13"><span class='ocrx_word' id='word_1_131' title='bbox 137 1553 199 1606; x_wconf 84' lang='lat' dir='ltr'>nia</span> <span class='ocrx_word' id='word_1_132' title='bbox 222 1566 336 1616; x_wconf 85' lang='lat' dir='ltr'>igitur</span> <span class='ocrx_word' id='word_1_133' title='bbox 357 1575 498 1614; x_wconf 83' lang='lat' dir='ltr'>tentet,</span> <span class='ocrx_word' id='word_1_134' title='bbox 528 1579 621 1616; x_wconf 91' lang='lat' dir='ltr'>quae</span> <span class='ocrx_word' id='word_1_135' title='bbox 650 1568 778 1607; x_wconf 90' lang='lat' dir='ltr'>hostes</span> <span class='ocrx_word' id='word_1_136' title='bbox 802 1580 823 1608; x_wconf 88' lang='lat' dir='ltr'>a</span> <span class='ocrx_word' id='word_1_137' title='bbox 851 1569 1051 1618; x_wconf 90' lang='lat' dir='ltr'>proposito</span> <span class='ocrx_word' id='word_1_138' title='bbox 1081 1570 1259 1617; x_wconf 84' lang='lat' dir='ltr'>reducere</span> 
     </span>
     <span class='ocr_line' id='line_1_21' title="bbox 139 1621 1260 1693; baseline 0.004 -18"><span class='ocrx_word' id='word_1_139' title='bbox 139 1621 317 1693; x_wconf 40' lang='lat' dir='ltr'>possinti</span> <span class='ocrx_word' id='word_1_140' title='bbox 356 1636 419 1675; x_wconf 91' lang='lat' dir='ltr'>Ab</span> <span class='ocrx_word' id='word_1_141' title='bbox 444 1638 517 1675; x_wconf 88' lang='lat' dir='ltr'>hoc</span> <span class='ocrx_word' id='word_1_142' title='bbox 544 1649 668 1676; x_wconf 91' lang='lat' dir='ltr'>amore</span> <span class='ocrx_word' id='word_1_143' title='bbox 695 1647 814 1677; x_wconf 87' lang='lat' dir='ltr'>autem</span> <span class='ocrx_word' id='word_1_144' title='bbox 843 1640 992 1679; x_wconf 86' lang='lat' dir='ltr'>minime</span> <span class='ocrx_word' id='word_1_145' title='bbox 1018 1641 1165 1692; x_wconf 87' lang='lat' dir='ltr'>justitia</span> <span class='ocrx_word' id='word_1_146' title='bbox 1193 1641 1260 1680; x_wconf 80' lang='lat' dir='ltr'>ab·</span> 
     </span>
     <span class='ocr_line' id='line_1_22' title="bbox 138 1707 1259 1764; baseline 0.004 -19"><span class='ocrx_word' id='word_1_147' title='bbox 138 1707 208 1764; x_wconf 76' lang='lat' dir='ltr'>sit..</span> <span class='ocrx_word' id='word_1_148' title='bbox 231 1708 409 1763; x_wconf 69' lang='lat' dir='ltr'>Attendat</span> <span class='ocrx_word' id='word_1_149' title='bbox 427 1735 441 1756; x_wconf 92' lang='lat'>‚</span> <span class='ocrx_word' id='word_1_150' title='bbox 464 1716 591 1746; x_wconf 88' lang='lat' dir='ltr'>utrum</span> <span class='ocrx_word' id='word_1_151' title='bbox 614 1710 693 1759; x_wconf 76' lang='lat' dir='ltr'>eJus</span> <span class='ocrx_word' id='word_1_152' title='bbox 716 1710 882 1759; x_wconf 89' lang='lat' dir='ltr'>populus</span> <span class='ocrx_word' id='word_1_153' title='bbox 905 1721 987 1748; x_wconf 90' lang='lat' dir='ltr'>sese</span> <span class='ocrx_word' id='word_1_154' title='bbox 1018 1709 1101 1759; x_wconf 90' lang='lat' dir='ltr'>ipse</span> <span class='ocrx_word' id='word_1_155' title='bbox 1132 1711 1171 1749; x_wconf 91' lang='lat' dir='ltr'>in</span> <span class='ocrx_word' id='word_1_156' title='bbox 1192 1723 1259 1761; x_wconf 85' lang='lat' dir='ltr'>pe·</span> 
     </span>
     <span class='ocr_line' id='line_1_23' title="bbox 139 1776 1260 1832; baseline 0.004 -17"><span class='ocrx_word' id='word_1_157' title='bbox 139 1776 255 1826; x_wconf 80' lang='lat' dir='ltr'>ricula</span> <span class='ocrx_word' id='word_1_158' title='bbox 279 1778 564 1832; x_wconf 12' lang='lat' dir='ltr'>detruderitystn</span> <span class='ocrx_word' id='word_1_159' title='bbox 590 1780 680 1818; x_wconf 88' lang='lat' dir='ltr'>alter</span> <span class='ocrx_word' id='word_1_160' title='bbox 702 1779 852 1829; x_wconf 85' lang='lat' dir='ltr'>injurias</span> <span class='ocrx_word' id='word_1_161' title='bbox 867 1781 1012 1830; x_wconf 87' lang='lat' dir='ltr'>istaque</span> <span class='ocrx_word' id='word_1_162' title='bbox 1040 1782 1158 1829; x_wconf 89' lang='lat' dir='ltr'>mala,</span> <span class='ocrx_word' id='word_1_163' title='bbox 1176 1782 1260 1830; x_wconf 89' lang='lat' dir='ltr'>qui-</span> 
     </span>
     <span class='ocr_line' id='line_1_24' title="bbox 139 1846 1257 1904; baseline 0.004 -18"><span class='ocrx_word' id='word_1_164' title='bbox 139 1846 213 1896; x_wconf 68' lang='lat' dir='ltr'>hus</span> <span class='ocrx_word' id='word_1_165' title='bbox 242 1847 373 1904; x_wconf 75' lang='lat' dir='ltr'>civitas</span> <span class='ocrx_word' id='word_1_166' title='bbox 388 1860 466 1896; x_wconf 51' lang='lat' dir='ltr'>¹sua</span> <span class='ocrx_word' id='word_1_167' title='bbox 490 1849 529 1887; x_wconf 90' lang='lat' dir='ltr'>in</span> <span class='ocrx_word' id='word_1_168' title='bbox 549 1849 718 1898; x_wconf 82' lang='lat' dir='ltr'>periculo</span> <span class='ocrx_word' id='word_1_169' title='bbox 735 1859 928 1898; x_wconf 81' lang='lat' dir='ltr'>versetur,</span> <span class='ocrx_word' id='word_1_170' title='bbox 963 1851 1050 1904; x_wconf 82' lang='lat' dir='ltr'>huic</span> <span class='ocrx_word' id='word_1_171' title='bbox 1075 1851 1257 1892; x_wconf 85' lang='lat' dir='ltr'>intulerit.</span> 
     </span>
     <span class='ocr_line' id='line_1_25' title="bbox 140 1918 1259 1974; baseline 0.002 -16"><span class='ocrx_word' id='word_1_172' title='bbox 140 1918 347 1974; x_wconf 55' lang='lat' dir='ltr'>Nunquam</span> <span class='ocrx_word' id='word_1_173' title='bbox 372 1931 525 1974; x_wconf 83' lang='lat' dir='ltr'>quoque</span> <span class='ocrx_word' id='word_1_174' title='bbox 555 1920 747 1972; x_wconf 84' lang='lat' dir='ltr'>praecipiti</span> <span class='ocrx_word' id='word_1_175' title='bbox 774 1921 823 1958; x_wconf 88' lang='lat' dir='ltr'>sit</span> <span class='ocrx_word' id='word_1_176' title='bbox 846 1921 1035 1969; x_wconf 84' lang='lat' dir='ltr'>consilio,</span> <span class='ocrx_word' id='word_1_177' title='bbox 1051 1922 1199 1968; x_wconf 80' lang='lat' dir='ltr'>minime</span> <span class='ocrx_word' id='word_1_178' title='bbox 1218 1922 1259 1965; x_wconf 84' lang='lat' dir='ltr'>in</span> 
     </span>
     <span class='ocr_line' id='line_1_26' title="bbox 140 1974 1257 2041; baseline 0.004 -15"><span class='ocrx_word' id='word_1_179' title='bbox 140 1987 250 2032; x_wconf 70' lang='lat' dir='ltr'>armis</span> <span class='ocrx_word' id='word_1_180' title='bbox 267 1974 471 2027; x_wconf 79' lang='lat' dir='ltr'>sumendis,</span> <span class='ocrx_word' id='word_1_181' title='bbox 501 1989 540 2027; x_wconf 85' lang='lat' dir='ltr'>Si</span> <span class='ocrx_word' id='word_1_182' title='bbox 557 1990 665 2027; x_wconf 88' lang='lat' dir='ltr'>finem</span> <span class='ocrx_word' id='word_1_183' title='bbox 691 2002 800 2028; x_wconf 88' lang='lat' dir='ltr'>suum</span> <span class='ocrx_word' id='word_1_184' title='bbox 814 2001 890 2029; x_wconf 91' lang='lat' dir='ltr'>non</span> <span class='ocrx_word' id='word_1_185' title='bbox 906 1991 1088 2039; x_wconf 88' lang='lat' dir='ltr'>consequi</span> <span class='ocrx_word' id='word_1_186' title='bbox 1107 1992 1230 2041; x_wconf 88' lang='lat' dir='ltr'>possit</span> <span class='ocrx_word' id='word_1_187' title='bbox 1244 2021 1257 2040; x_wconf 92' lang='lat'>,</span> 
     </span>
     <span class='ocr_line' id='line_1_27' title="bbox 142 2041 1256 2112; baseline 0.007 -19"><span class='ocrx_word' id='word_1_188' title='bbox 142 2041 190 2094; x_wconf 76' lang='lat' dir='ltr'>et&#39;</span> <span class='ocrx_word' id='word_1_189' title='bbox 205 2044 303 2095; x_wconf 65' lang='lat' dir='ltr'>Vires</span> <span class='ocrx_word' id='word_1_190' title='bbox 331 2057 453 2096; x_wconf 88' lang='lat' dir='ltr'>desint</span> <span class='ocrx_word' id='word_1_191' title='bbox 468 2084 482 2105; x_wconf 89' lang='lat'>,</span> <span class='ocrx_word' id='word_1_192' title='bbox 509 2067 608 2097; x_wconf 88' lang='lat' dir='ltr'>certe</span> <span class='ocrx_word' id='word_1_193' title='bbox 631 2070 821 2108; x_wconf 90' lang='lat' dir='ltr'>nunquam</span> <span class='ocrx_word' id='word_1_194' title='bbox 848 2062 894 2099; x_wconf 89' lang='lat' dir='ltr'>ad</span> <span class='ocrx_word' id='word_1_195' title='bbox 917 2073 1014 2100; x_wconf 88' lang='lat' dir='ltr'>arma</span> <span class='ocrx_word' id='word_1_196' title='bbox 1037 2061 1256 2112; x_wconf 81' lang='lat' dir='ltr'>confugiat3</span> 
     </span>
     <span class='ocr_line' id='line_1_28' title="bbox 143 2125 1259 2194; baseline 0.007 -32"><span class='ocrx_word' id='word_1_197' title='bbox 143 2125 320 2193; x_wconf 81' lang='lat' dir='ltr'>edgitet‚-</span> <span class='ocrx_word' id='word_1_198' title='bbox 356 2128 492 2194; x_wconf 79' lang='lat' dir='ltr'>quanta</span> <span class='ocrx_word' id='word_1_199' title='bbox 537 2129 774 2167; x_wconf 87' lang='lat' dir='ltr'>incommoda</span> <span class='ocrx_word' id='word_1_200' title='bbox 821 2141 866 2168; x_wconf 87' lang='lat' dir='ltr'>ex</span> <span class='ocrx_word' id='word_1_201' title='bbox 892 2130 1001 2170; x_wconf 89' lang='lat' dir='ltr'>bellis</span> <span class='ocrx_word' id='word_1_202' title='bbox 1032 2141 1259 2179; x_wconf 88' lang='lat' dir='ltr'>nascantur,</span> 
     </span>
     <span class='ocr_line' id='line_1_29' title="bbox 144 2189 1259 2266; baseline 0.007 -34"><span class='ocrx_word' id='word_1_203' title='bbox 144 2190 263 2243; x_wconf 74' lang='lat' dir='ltr'>quani</span> <span class='ocrx_word' id='word_1_204' title='bbox 268 2189 398 2266; x_wconf 67' lang='lat' dir='ltr'>saepe</span> <span class='ocrx_word' id='word_1_205' title='bbox 435 2191 454 2235; x_wconf 89' lang='lat' dir='ltr'>e</span> <span class='ocrx_word' id='word_1_206' title='bbox 491 2192 590 2235; x_wconf 83' lang='lat' dir='ltr'>bello</span> <span class='ocrx_word' id='word_1_207' title='bbox 622 2198 758 2237; x_wconf 84' lang='lat' dir='ltr'>bellum</span> <span class='ocrx_word' id='word_1_208' title='bbox 791 2209 948 2240; x_wconf 87' lang='lat' dir='ltr'>seratur.</span> <span class='ocrx_word' id='word_1_209' title='bbox 989 2201 1103 2239; x_wconf 77' lang='lat' dir='ltr'>&#39;1&#39;an</span> <span class='ocrx_word' id='word_1_210' title='bbox 1136 2200 1259 2249; x_wconf 82' lang='lat' dir='ltr'>fugiat</span> 
     </span>
     <span class='ocr_line' id='line_1_30' title="bbox 143 2253 1260 2325; baseline 0.007 -23"><span class='ocrx_word' id='word_1_211' title='bbox 143 2275 269 2312; x_wconf 87' lang='lat' dir='ltr'>arma,</span> <span class='ocrx_word' id='word_1_212' title='bbox 268 2253 368 2305; x_wconf 82' lang='lat' dir='ltr'>nisi</span> <span class='ocrx_word' id='word_1_213' title='bbox 397 2268 519 2305; x_wconf 79' lang='lat' dir='ltr'>bello</span> <span class='ocrx_word' id='word_1_214' title='bbox 521 2267 687 2308; x_wconf 83' lang='lat' dir='ltr'>saeviora</span> <span class='ocrx_word' id='word_1_215' title='bbox 707 2279 872 2320; x_wconf 87' lang='lat' dir='ltr'>avertat,</span> <span class='ocrx_word' id='word_1_216' title='bbox 911 2271 986 2310; x_wconf 88' lang='lat' dir='ltr'>nisi</span> <span class='ocrx_word' id='word_1_217' title='bbox 1007 2270 1106 2310; x_wconf 87' lang='lat' dir='ltr'>bello</span> <span class='ocrx_word' id='word_1_218' title='bbox 1134 2283 1260 2325; x_wconf 85' lang='lat' dir='ltr'>pacem</span> 
     </span>
    </p>
   </div>
   <div class='ocr_carea' id='block_1_3' title="bbox 1159 2354 1262 2382">
    <p class='ocr_par' dir='ltr' id='par_1_4' title="bbox 1159 2354 1262 2382">
     <span class='ocr_line' id='line_1_31' title="bbox 1159 2354 1262 2382; baseline 0.019 -2"><span class='ocrx_word' id='word_1_219' title='bbox 1159 2354 1262 2382; x_wconf 89' lang='lat' dir='ltr'>com·</span> 
     </span>
    </p>
   </div>
  </div>
 </body>
</html>
