1502 2767
186 168 231 204 24
407 155 1071 196 COMMENTATIO

183 278 247 313 sc,
273 276 339 303 nec
376 264 580 308 arbitrum,
608 276 685 311 quo
721 265 959 312 provocent?
986 266 1096 304 Unde
1127 265 1290 314 quisque

180 335 383 383 perspicit,
424 334 462 371 in
495 334 574 381 ipsa
608 334 798 373 hominum
818 336 1099 383 depravata‚·et
1129 335 1293 383 populo·

181 417 288 453 rum,
316 416 386 451 qua
422 403 548 440 talium
565 430 578 450 ,
606 403 845 452 conditione,
873 406 1005 443 multas
1030 392 1108 442 dari
1134 415 1291 452 causas,

180 485 224 511 ex
248 473 386 521 quibus
406 473 541 510 bellum
570 484 715 521 semper
741 473 869 511 evitari
894 485 971 512 non
989 486 1104 523 posse
1126 482 1289 514 constat.

229 543 368 581 Nonne
394 544 458 592 (ut
483 542 579 580 dicta
603 542 779 591 exemplis
804 544 1066 594 comprobem)
1092 543 1200 582 facile
1225 543 1290 581 fie-

179 612 211 650 ri
247 621 398 660 potest,
437 620 479 651 ut
511 623 607 650 unus
652 612 794 651 aliusve
829 615 1023 661 populus,
1066 613 1130 651 ubi
1175 614 1288 653 multa

179 681 252 719 sibi
280 682 472 720 commoda
510 682 640 720 exinde
672 682 773 720 videt
806 691 1094 731 promanatura,
1137 684 1171 722 si
1207 683 1288 724 foe,-

177 752 247 789 dus
286 751 372 788 olim
400 760 572 799 pactum,
595 763 718 798 nunc,
744 764 830 790 cum
854 752 927 790 sibi
954 753 1109 792 noxium
1135 755 1249 802 magis
1273 783 1289 802 ‚

178 832 284 868 quam
323 820 561 869 profuturum
601 822 793 869 videatur,
846 822 1016 872 frangat,
1058 831 1094 861 et
1134 824 1227 873 J’usti
1250 833 1289 862 et

176 892 284 939 aequi
303 892 428 940 leges,
456 903 533 930 non
570 892 719 939 quidem
762 893 915 940 statim,
948 894 1013 931 sed
1039 893 1176 931 sensim
1205 905 1288 932 sen·

177 962 323 1008 simque
368 961 523 1009 politica
552 971 631 1000 arte
658 962 802 1011 migret.
886 964 1001 1002 Cives
1043 964 1153 1002 unius
1193 965 1292 1014 ejus-

175 1031 333 1078 demque
364 1031 551 1077 civitatis,
599 1032 663 1069 ubi
702 1033 842 1082 injuste
878 1041 914 1071 et
939 1034 1068 1081 inique
1103 1045 1228 1072 secum
1267 1046 1288 1073 a

177 1101 411 1149 Principibus
441 1112 561 1139 actum
598 1102 724 1140 vident
742 1131 755 1150 ,
793 1103 838 1139 ad
865 1103 964 1151 leges
991 1114 1195 1150 provocare
1225 1114 1289 1140 so·-

174 1172 281 1218 lent‚
316 1171 451 1210 aliasve
485 1171 578 1209 inire
610 1181 772 1218 possunt
804 1172 908 1219 vias,
938 1173 1075 1219 quibus
1107 1173 1188 1222 jura
1218 1184 1285 1210 sua

175 1241 387 1288 vindicent,
415 1241 558 1279 etiamsi
582 1251 659 1278 non
685 1241 731 1278 ad
756 1252 853 1277 arma
878 1240 1130 1289 confugiunt3
1163 1252 1286 1289 popu·

173 1312 220 1349 lis
243 1323 331 1350 vero
355 1311 538 1358 diversis,
565 1321 633 1349 nec
659 1311 774 1358 legem
800 1321 869 1348 nec
901 1311 1080 1352 arbitrum
1116 1311 1284 1349 habenti-

173 1381 245 1424 bus
262 1409 274 1428 ,
303 1391 379 1418 non
400 1389 600 1428 superest,
631 1391 739 1428 quam
768 1380 830 1418 tali
858 1381 896 1418 in
919 1392 1007 1418 casu
1034 1380 1072 1422 vi
1097 1381 1284 1429 armisque

169 1451 230 1499 jus
265 1449 338 1487 sibi
375 1450 572 1488 vindicare.

223 1519 320 1558 Fieri
350 1531 465 1567 porro
498 1527 656 1567 potest,
678 1527 715 1557 et
742 1519 891 1567 saepius
921 1519 992 1576 fit,
1031 1528 1074 1558 ut
1107 1531 1204 1558 unus
1229 1521 1281 1559 al-

170 1598 273 1633 terve
308 1590 474 1637 populus
501 1589 612 1629 alium
643 1588 788 1636 laedat,
817 1590 875 1627 vel
901 1589 1052 1628 laesisse
1078 1589 1273 1637 videatur-13

169 1670 278 1708 saepe
315 1670 383 1706 pro
416 1658 560 1696 infinita
592 1658 688 1708 J'uris
715 1658 873 1696 notione
909 1670 986 1697 non
1022 1659 1277 1708 perspicitur,

169 1729 260 1777 quid
289 1741 448 1776 aequum
486 1737 522 1766 et
553 1728 695 1778 justum
736 1729 812 1776 sit;
851 1741 960 1777 saepe
998 1739 1103 1777 pacta
1141 1730 1280 1768 sancita

168 1799 264 1837 varie
290 1799 463 1847 explicari
487 1807 682 1846 possunt3
713 1810 757 1836 ex
788 1798 924 1846 quibus
940 1799 1114 1838 omnibus
1136 1800 1276 1839 bellum

168 1870 265 1907 haud
305 1880 388 1907 raro
430 1869 607 1915 exardet,
649 1869 752 1916 quod
794 1859 951 1917 uterque
989 1872 1180 1918 populus,
1211 1871 1275 1920 jus

168 1950 277 1978 suum
315 1950 395 1977 esse
432 1948 563 1984 ratuS,
603 1937 807 1976 fortissime
843 1939 965 1987 gerit,
1004 1939 1157 1980 firmiter
1197 1952 1278 1981 cre·

166 2010 284 2056 dens,
319 2020 359 2046 se
390 2018 467 2046 non
497 2007 571 2045 nisi
603 2019 669 2047 sua
703 2009 785 2058 J'ura
817 2008 1003 2048 vindicare
1033 2010 1118 2060 (ι).

1165 2079 1273 2120 Non-

206 2168 256 2202 (ι)
278 2168 403 2202 Legatur
423 2167 673 2204 hictu-otius,
699 2168 734 2195 de
754 2167 836 2205 Jure
861 2169 939 2197 belli
961 2177 996 2196 ac
1016 2169 1125 2205 pacis,
1146 2167 1213 2200 Lib.
1232 2170 1275 2200 u.

168 2226 241 2260 Cap.
263 2233 311 2259 23·
336 2223 365 2259 §-
389 2230 435 2257 13.
