1564 2750
81 229 182 260 Sectio
196 225 271 266 11.§·
286 235 310 259 1.

326 162 374 198 66
550 157 1259 200 COMMENTATIVO.

330 280 480 315 versae,
512 268 647 306 ahenea
685 268 809 306 tabula
852 278 1058 314 expressam
1095 267 1310 316 praeposuit
1347 266 1432 316 (1).

330 338 451 375 Etiam
502 337 581 386 ejus
629 333 750 386 imago
796 337 899 374 nulla
944 337 1044 384 galea
1094 338 1273 374 instructa
1336 337 1438 375 inve-

331 406 433 443 nitur
465 406 503 443 in
529 405 675 453 Belgica
701 404 886 443 Plutarchi
921 405 1118 451 versione,
1157 411 1268 451 atque
1301 403 1340 442 in
1365 405 1439 442 As·

333 475 411 514 seni
451 476 504 513 V.
543 475 592 514 C.
642 474 767 513 libello
803 474 964 512 laudato.
1016 472 1332 521 Wyttenbachius
1370 472 1439 521 (2)

334 556 411 583 non
438 544 579 582 alienus
611 543 682 582 fuit
717 543 764 582 ab
801 542 1003 591 opinione,
1043 553 1216 580 coronam
1255 551 1439 590 perpetuo

339 628 359 652 a
392 614 528 653 Pericle
566 613 684 652 fuisse
720 620 922 661 gestatam,
977 620 1019 649 ut
1057 612 1189 660 capitis
1231 611 1442 650 deformita-

339 693 412 721 tem
457 691 613 732 tegeret:
674 682 786 730 idque
831 681 939 719 efficit
975 694 994 719 e
1030 674 1115 719 loco
1167 682 1325 728 quodam
1369 682 1445 719 Va-

340 752 420 790 lerii
451 750 608 790 Maximi
642 751 739 799 (3),
767 752 863 788 unde
893 750 1094 796 discimus,
1139 749 1450 787 consuetudinem.

342 821 528 859 bonorum
575 819 714 858 civium
763 831 900 858 corona
951 819 1240 857 decorandorum
1288 820 1447 857 Athenis

342 889 487 927 initium
517 890 660 938 cepisse
693 901 737 927 eo
775 898 969 937 tempore,
998 900 1074 936 quo
1100 888 1256 928 Pericles
1282 889 1448 939 oleagina

343 970 480 997 corona
514 960 672 997 donatus
702 968 772 998 est.

393 1030 524 1076 Itaque
560 1027 732 1074 Comici,
785 1029 849 1075 qui
889 1028 1021 1076 quavis
1060 1029 1254 1067 occasione
1288 1028 1451 1067 dicteriis

346 1098 424 1136 suis
456 1099 578 1137 virum
615 1098 774 1146 aliquem
808 1098 1044 1136 illustriorem
1071 1098 1190 1147 plebis
1224 1098 1316 1137 risui
1336 1109 1454 1146 expo·

347 1168 506 1216 nebant,
533 1168 643 1207 variis
679 1167 799 1206 modis
825 1168 898 1206 hoc
917 1167 1048 1206 vitium
1075 1168 1329 1216 exagitarunt,
1357 1179 1454 1218 quos

348 1240 453 1276 locos
488 1238 584 1276 idem
613 1238 833 1277 Plutarchus
872 1238 984 1276 nobis
1013 1238 1174 1276 servavit
1197 1238 1283 1288 (4).
1333 1239 1458 1276 Crati-

350 1319 421 1345 nus
437 1336 449 1354 ,
474 1319 513 1347 v.
540 1319 600 1354 c.‚
629 1307 693 1355 qui
717 1308 860 1355 priscae
881 1307 1105 1346 Comoediae
1130 1306 1279 1345 licentia
1300 1307 1459 1346 libenter

351 1378 552 1423 utebatur,
579 1389 661 1415 eum
689 1377 728 1414 in
761 1378 932 1416 Thrattis
966 1377 1138 1415 vocavit:
1168 1378 1458 1428 σχινοκέφαλον,

352 1448 379 1485 i.
410 1459 443 1486 e.
485 1447 669 1485 hominem
706 1455 817 1495 caput
853 1446 976 1503 scillae
1008 1447 1125 1484 bulbo
1163 1447 1284 1484 simile
1320 1446 1460 1484 haben-

354 1527 455 1565 tem3
494 1520 558 1564 τὴν
592 1520 664 1568 γὰρ
698 1519 850 1558 σκίλλαν
881 1519 975 1558 ἔστιν
1012 1517 1070 1558 ὅτε
1102 1518 1163 1557 και)
1191 1524 1314 1566 σχῖνον
1333 1519 1462 1566 ὄνομά·

355 1590 467 1637 ζουσιν
490 1586 602 1635 (Vid.
634 1587 720 1626 Obs.
747 1587 937 1636 XLVI.).
991 1587 1211 1635 A11010c0‚
1237 1587 1278 1625 {n
1300 1576 1463 1626 comoe-

354 1657 411 1694 dia
425 1685 437 1702 ‚
466 1657 526 1694 cui
547 1658 678 1695 titulus
702 1659 855 1707 Χείρονες
870 1686 883 1705 ,
901 1659 984 1704 vel,
1014 1657 1151 1706 (sicuti
1171 1657 1385 1696 Athenaeus
1407 1665 1463 1695 at-

357 1739 429 1774 que
443 1727 655 1775 Hesychius
679 1726 862 1774 habent),
889 1729 1081 1776 Χείρωνες,
1108 1726 1152 1764 ab
1180 1725 1464 1764 eodem-Comi·

353 1809 400 1834 co
427 1798 569 1835 Noster
603 1805 759 1836 vocatur
794 1799 978 1835 maximus
1006 1797 1231 1846 Tyrannus,
1258 1796 1342 1843 vel,
1393 1798 1460 1846 (ut

356 1867 535 1915 Bryanius
576 1867 823 1914 Belgicusque
855 1867 1035 1914 interpres
1070 1878 1090 1903 e
1124 1866 1282 1914 quodam
1315 1865 1461 1905 Codice

1383 1947 1460 1975 ma·

395 2002 446 2039 (ι)
467 2001 518 2028 llla
528 2000 624 2033 imago
642 1999 731 2027 etiam
741 1998 933 2027 inveniturin
944 1999 1023 2029 Bibl.
1035 2001 1156 2028 Hellen.
1167 2001 1278 2029 Coi-aes
1290 2020 1299 2035 ,
1309 2000 1402 2029 Tom.
1413 2002 1463 2031 111.

399 2058 452 2092 ζα)
471 2057 520 2084 Ad
540 2057 619 2084 Plut.
640 2057 766 2083 consol.
788 2056 823 2082 ad
844 2056 988 2089 Apollon.
1010 2064 1076 2090 cap.
1101 2065 1146 2090 33.
1167 2064 1197 2090 p.
1221 2060 1284 2086 118.
1304 2057 1342 2086 E.

400 2113 451 2149 (3)
475 2113 543 2141 Lib.
574 2113 609 2140 ll.
630 2120 696 2146 cap.
720 2114 748 2140 6.
772 2112 896 2140 Extern.
920 2120 948 2145 5.
978 2112 1090 2146 quique
1115 2111 1156 2140 lbi
1184 2112 1219 2140 ab
1249 2111 1462 2148 interpretibus

363 2171 500 2199 citamur.
521 2184 557 2190 -
577 2169 668 2198 Conf.
692 2167 873 2196 Themistius
895 2169 979 2196 Orat.
1002 2170 1077 2198 XVI.
1096 2177 1128 2203 p.
1151 2177 1216 2198 ποι.

401 2228 452 2264 (4)
475 2229 554 2255 Plut.
577 2228 607 2253 in
629 2227 696 2253 Per.
719 2232 780 2259 cap.
805 2233 831 2258 3.
854 2232 918 2259 pag.
940 2234 1004 2259 153.
1025 2226 1065 2253 D.
1088 2239 1124 2246 -
1139 2234 1268 2260 cap.13.
1292 2233 1321 2261 p.
1343 2227 1406 2256 160.
1431 2227 1464 2254 Β.
