1523 2745
237 204 308 241 186
385 199 641 247 COMM.
696 197 1203 237 LITERARIA.

232 320 376 360 proavo
400 320 534 347 nomen
559 309 728 347 habuerit
743 308 824 357 (r).
852 308 974 355 Dein,
990 305 1130 346 etiamsi
1143 305 1336 345 Diodorus

234 379 310 418 Sic.
341 379 412 428 (2)
443 379 740 427 Lysimachidem
761 380 986 416 Archontem
1008 389 1084 414 non
1110 376 1155 414 ad
1181 376 1338 425 Olymp.

233 450 444 488 LXXXIII.
461 463 500 498 4.
525 458 760 487 memorasset
775 477 787 495 ,
801 458 920 486 tamen
937 459 957 486 e
970 447 1166 486 Plutarcho
1183 446 1250 495 (3)
1277 457 1345 494 pa·

233 528 325 558 teret
337 548 350 566 ‚
367 520 471 557 istam
489 519 662 557 frumenti
674 519 814 567 copiam
826 519 897 567 jam
915 518 979 555 diu
1000 526 1104 555 antea
1124 517 1162 554 in
1177 515 1342 554 Atticam

232 589 380 627 missam
400 589 530 627 fuisse.
559 588 704 627 Etenim
726 598 879 636 propter
907 587 1011 625 illum
1027 587 1197 624 morbum
1218 613 1230 631 ‚
1246 597 1268 624 e
1283 585 1341 624 ni·

232 659 304 696 mia
341 659 532 696 hominum
568 659 853 707 congregatione
875 657 1123 705 diuturnaque
1146 656 1343 695 obsidione

232 738 355 766 ortum
376 757 389 776 ‚
427 729 582 766 Pericles
622 741 688 776 per
724 729 834 766 breve
865 729 1016 776 aliquod
1055 728 1232 775 temporis
1258 739 1343 775 spa-

232 798 323 836 tium
351 798 506 847 imperio
533 799 699 846 privatus
716 827 728 845 ‚
754 810 840 836 mox
859 809 988 837 rursus
1013 798 1050 834 in
1075 797 1267 845 pristinam
1289 797 1345 836 di-

233 868 407 916 gnitatem
423 868 646 915 restitutus,
675 869 859 916 Populum
884 868 1030 913 oravit,
1059 875 1101 904 ut
1126 867 1163 904 in
1191 867 1342 914 gratiam

231 937 293 976 sui
330 938 449 986 ipsius
484 939 618 985 nothi,
654 939 699 976 ab
735 939 805 976 ista
832 939 911 986 lege
935 937 1191 983 remitterent,
1230 948 1340 984 quarn

230 1011 312 1058 πρὸ
337 1010 454 1049 πάνυ
483 1013 654 1049 πολλῶν
678 1010 808 1058 χρόνων
833 1010 978 1049 tulerat.
1030 1008 1089 1045 De
1112 1006 1252 1045 civium
1273 1017 1346 1044 nu-

231 1089 356 1125 mero,
385 1079 448 1125 qui
472 1079 762 1126 explorationem
786 1078 992 1125 subierint,
1013 1077 1091 1115 fere
1105 1076 1346 1115 consentiunt

230 1147 479 1186 Philochorus
513 1160 554 1185 ac
586 1149 829 1196 Plutarchus3
871 1148 920 1186 ita
957 1157 998 1185 ut
1033 1146 1344 1196 parvumdiscri-

232 1227 344 1263 men,
374 1217 477 1264 quod
501 1216 539 1253 in
561 1229 685 1254 eorum
711 1217 1054 1265 computationibus
1095 1218 1340 1263 observatur,

235 1287 371 1324 nullam
397 1286 621 1324 difficultatis
636 1286 911 1333 exceptionisve
946 1297 1066 1323 ansam
1093 1286 1277 1333 praebeat.
1308 1286 1348 1323 Si

234 1366 351 1403 porro
391 1354 428 1391 in
462 1354 626 1391 virorum
660 1355 854 1391 doctorum
882 1354 1114 1392 dubitatione
1136 1356 1180 1393 de
1206 1363 1339 1393 vexato

234 1425 300 1462 illo
338 1427 537 1475 ἐπράθησαν
576 1424 716 1471 aliquid
750 1433 909 1462 statuere
939 1424 1068 1471 liceat,
1111 1436 1194 1462 curn
1235 1425 1341 1464 Clin-

235 1504 327 1532 tono
384 1496 541 1545 scribam
587 1496 838 1541 ἀπηλάθησαν.
936 1495 1034 1532 Huic
1091 1495 1337 1533 emendationi

236 1564 356 1602 obniti
404 1565 550 1603 videtur
608 1564 663 1602 vir
717 1564 866 1612 quidam
914 1565 1076 1613 doctus,
1142 1577 1255 1611 quum
1303 1567 1348 1604 ad

235 1635 357 1672 locum
405 1635 579 1688 Dionysii
619 1635 742 1671 Halic.
773 1635 840 1683 (4)
880 1644 1091 1681 provocat,
1121 1634 1187 1673 ubi
1214 1635 1350 1683 legitur

235 1707 436 1755 πεπράσθω
471 1706 622 1751 αὐτούς;
660 1715 786 1741 verum
822 1714 867 1741 ne
904 1704 1021 1754 dicam
1057 1704 1162 1742 aliam
1190 1715 1347 1752 prorsus

235 1786 312 1813 rem
349 1775 402 1812 ibi
434 1775 521 1823 agi,
558 1781 830 1822 praecesserant
867 1775 977 1811 verba
1016 1776 1078 1814 ἐὰν
1112 1777 1152 1815 τὸ
1189 1776 1345 1824 δεύτερον

235 1847 503 1895 ἐξελεγχθῶσι,
532 1844 559 1882 i.
582 1855 615 1882 e.
642 1843 674 1881 si
689 1871 702 1887 ,
729 1851 930 1890 postquam
952 1855 971 1880 a
995 1843 1228 1891 magistratus
1249 1843 1349 1893 J'udi-

236 1914 296 1953 cio
335 1915 381 1952 ad
419 1915 604 1963 Populum
648 1913 963 1962 provocaverint,
1015 1912 1059 1950 ab
1102 1924 1146 1951 eo
1194 1925 1347 1961 quoque

1263 1983 1348 2021 fue-

277 2090 332 2128 (ι)
353 2093 479 2122 palmer.
498 2090 528 2118 in
548 2089 697 2118 Exercitt.
713 2089 749 2116 ad
764 2087 918 2122 Aristoph.
939 2087 961 2117 l.
975 2089 998 2116 1.

278 2150 330 2186 (ε’.)
350 2149 421 2178 Lib.
443 2148 508 2176 XII.
532 2154 596 2182 cap.
620 2154 669 2174 22·

279 2207 331 2244 (3)
352 2207 385 2234 In
411 2209 477 2235 Per.
502 2213 569 2238 cap.
590 2212 639 2238 37.
662 2211 694 2237 p.
719 2210 784 2233 ιτς.
806 2202 845 2229 D.

278 2262 330 2302 (4)
352 2265 384 2292 ln
408 2261 509 2301 judic.
533 2262 570 2289 de
592 2261 688 2289 Isaeo.
712 2259 801 2287 Tom.
823 2259 864 2287 V.
886 2265 918 2292 p.
943 2259 1012 2293 617.
1035 2257 1074 2285 R.
