1502 2767
157 183 202 237 ηρ
374 182 1052 247 εοΜΜγΕΝΤΛνιτιο.

160 292 457 342 uniuscujusque
501 292 623 338 animo
658 293 812 335 infixum
849 295 944 349 (1);
984 296 1088 344 quod
1118 295 1178 338 hic
1223 308 1269 341 vc

163 362 254 409 ille,
294 373 409 410 quum
458 374 586 403 omnes
632 348 761 412 gentes
783 351 837 404 'in
896 366 1112 414 Abrahamo
1167 366 1295 421 bene-K

165 433 305 471 dictum
338 417 552 481 iri'scripto
573 432 832 484 consignatum
862 435 1047 484 vidisset,
1074 448 1151 475 rem
1186 440 1283 490 pofe-

167 501 253 539 ticis
288 501 481 562 coloribus
516 504 751 552 depingens,
793 505 965 554 pepigit3
1007 507 1138 545 deinde
1161 515 1283 546 autem

171 573 298 620 plures
338 571 430 609 hanc
457 573 560 619 regni
586 573 769 611 Messiani
797 575 1080 624 descriptionem
1108 578 1154 617 ad
1185 589 1301 629 suaj-

173 652 268 692 quae
289 641 500 690 viverent,
528 651 694 691 tempora
726 645 928 694 retulisse,
955 647 1106 694 sibique
1136 659 1290 698 persua·

174 711 298 757 sisse,
334 711 408 759 jam
444 721 657 761 exoptatum
682 714 774 752 illud
807 723 955 763 tempus
989 716 1166 764 venisse,
1199 717 1287 756 dum

176 782 314 819 interea
326 781 365 818 in
384 781 642 830 longissimum
657 794 788 822 aevum
817 793 1000 822 remotum
1016 794 1128 825 esset.
1139 803 1196 812 -
1211 786 1293 824 Pri-

179 863 279 888 mum
306 851 420 900 igitur
446 839 518 889 illis
543 852 868 892 demonstrandum
894 864 976 901 est,
1006 856 1123 894 hocce
1144 867 1292 894 carmen

179 930 305 958 revera
336 931 419 958 esse
456 921 696 970 vaticinium3
727 933 810 961 nam
849 924 952 970 quod
984 934 1084 965 com.
1127 937 1163 963 1.
1203 924 1296 973 legi-

181 1001 290 1036 mus,
317 991 369 1028 nil
397 991 533 1028 indicat
561 991 636 1030 nisi
667 992 762 1030 hoc:
783 993 938 1042 Jesaiam
961 995 1183 1034 auctoritate
1203 994 1300 1035 divi·

182 1062 231 1098 na
265 1060 310 1098 ad
344 1061 525 1109 populum
564 1062 656 1099 hanc
697 1063 901 1099 orationem
948 1063 1110 1111 habere,
1150 1064 1296 1115 etiamsi

185 1141 261 1168 non
288 1131 434 1180 singula
456 1132 569 1170 verba
598 1144 618 1170 a
636 1132 780 1182 Jehova
806 1134 1050 1182 accepissent.
1094 1135 1135 1177 si
1160 1135 1298 1175 directe

186 1200 348 1237 Messiae
393 1209 559 1248 tempora
592 1211 799 1250 spectarent
833 1203 923 1242 haec
959 1205 1098 1251 verba,
1140 1206 1300 1255 Jesaiam

188 1254 319 1306 merito
355 1270 597 1318 vaniloquum
638 1271 805 1320 dixeris,
844 1284 960 1321 quum
1001 1284 1135 1313 eventu
1179 1287 1303 1324 neque

188 1339 299 1375 hodie
335 1340 576 1388 comprobata
597 1341 772 1387 legimus„
824 1343 878 1380 At
898 1354 987 1381 vero
1021 1355 1090 1382 nec
1124 1345 1208 1393 ipse
1240 1345 1304 1394 Je-

189 1407 283 1445 saias
307 1409 378 1447 hoc
403 1409 511 1470 dixit.
540 1410 664 1448 Verba
688 1412 767 1461 ejus
780 1420 868 1449 sunt
920 1414 1081 1474 ῦζρζῇ
1106 1415 1308 1479 ΠζἾΠὲξᾏ,

193 1510 231 1547 id
255 1519 337 1557 est,
378 1510 443 1549 ubi
476 1511 545 1549 alia
586 1513 668 1550 loca
695 1512 866 1551 conferas
897 1513 1061 1561 (Genes.
1086 1514 1226 1552 XLIX.
1269 1526 1306 1552 ι.

195 1580 311 1618 Dent.
347 1579 419 1620 IV.
457 1592 529 1630 30..
542 1582 678 1631 Jerem.
704 1582 884 1620 XLVIII.
911 1582 1005 1630 47.)
1019 1583 1163 1632 futuro
1181 1583 1315 1633 aliquo-

196 1660 356 1701 temporc
395 1650 483 1700 (1).
549 1651 615 1689 Uti
649 1652 763 1701 igitur
797 1653 886 1691 haec
922 1653 1033 1690 verba
1069 1658 1146 1690 nec
1172 1653 1310 1691 directe

198 1719 359 1759 Messiae
396 1729 562 1769 tempora
589 1731 757 1770 spectare
788 1723 935 1770 probari
972 1733 1126 1772 potest,
1153 1724 1203 1762 ita
1226 1737 1307 1763 cre·

1258 1795 1315 1833 di-

244 1927 295 1966 (1)
316 1927 382 1956 th.
405 1925 608 1955 Gesenius
630 1927 862 1963 Philosophiscb
885 1941 920 1947 —
941 1927 1113 1959 ktt'tt‘scher
1132 1929 1195 1957 und
1218 1930 1314 1959 hino-

207 1985 327 2012 rr’scher
354 1985 546 2011 commentar
575 1985 651 2011 fiber
678 1984 733 2011 den
759 1985 890 2021 Jesaia,
919 1985 978 2018 Th.
999 1987 1025 2014 I.
1053 1986 1134 2014 Seite
1161 1993 1226 2022 173.
1248 1995 1316 2024 sqq.

206 2043 245 2070 V.
266 2041 298 2070 d.
321 2042 448 2075 Palm,
476 2042 499 2069 1.
519 2042 542 2069 Ξ.
573 2047 604 2069 et
632 2042 944 2078 RosenrnuHer,
974 2044 1007 2070 in
1035 2044 1256 2072 Commentario
1277 2045 1314 2073 ad

208 2097 239 2124 h.
261 2097 284 2125 1.
306 2096 396 2124 Tom.
418 2097 473 2124 111.
490 2104 523 2131 p.
552 2099 603 2132 63.
635 2103 666 2124 et
695 2096 834 2132 inprimis
862 2099 907 2126 M.
941 2101 972 2127 s.
993 2099 1232 2135 Friedrich,
1263 2101 1320 2137 qui

208 2154 324 2181 huncce
352 2155 455 2182 locum
475 2151 665 2188 grammatice
687 2152 881 2188 interpretari
896 2161 985 2189 atque
1006 2154 1038 2183 in
1053 2156 1170 2185 fontem
1186 2157 1252 2193 ejus
1273 2157 1321 2191 inr-

210 2211 330 2245 quirerc
347 2217 471 2240 conatus
489 2218 533 2240 est
545 2231 557 2247 ,
583 2209 777 2242 zwiccaviae
797 2217 886 2248 1793,

251 2270 302 2305 (τ)
324 2269 387 2296 Cfr.
410 2268 603 2303 Vitringa
625 2270 657 2296 u'n
680 2269 901 2301 Commentario
925 2269 961 2299 ad
981 2270 1011 2297 h.
1031 2271 1051 2298 Ι.
