1507 2876
496 227 881 276 ORATIO.
1189 227 1242 271 13

133 359 246 405 simo
276 348 487 411 secundO,
523 357 567 400 in
600 357 737 416 patria
775 356 902 407 urbe,
948 355 1108 400 solenni
1147 369 1251 399 exa-

136 435 262 479 minis
297 434 405 485 ritu‚
448 433 492 477 in
524 433 679 478 Sacrae
702 432 960 490 Theologiae
991 430 1251 476 Candidatos

135 518 331 570 receptus
369 510 458 554 fuit.
574 510 720 566 Neque
759 509 830 553 diu
870 507 1059 552 stationis
1103 522 1251 567 expers

139 586 306 632 mansit.
381 586 526 630 Mense
560 586 668 630 enim
701 585 837 645 Aprili
873 585 1128 642 insequentis
1172 599 1254 629 an·-

139 665 185 709 ni
225 663 347 709 Sacri
384 662 576 708 Oratoris
622 663 783 707 muneri
824 662 1008 706 initiatus
1047 660 1152 715 fuit,
1207 661 1254 705 in

140 739 434 786 amoenissimo
471 753 584 798 pago
606 771 619 793 ‚
677 738 773 783 huic
822 738 918 783 urbi
967 736 1104 782 vicino
1125 768 1139 791 ,
1197 740 1253 781 de

145 822 198 864 V
196 820 406 863 mersche.

195 894 275 940 Sic
320 893 446 953 igitur
484 893 572 938 voti
614 896 789 952 compos
839 893 1000 945 factus,
1044 892 1115 935 illa
1146 896 1263 950 pro-¹

142 972 322 1017 sessione
370 969 651 1014 felicissimum
706 982 751 1013 se
803 968 1033 1021 sentiebat,
1101 982 1256 1024 quam,

143 1047 204 1092 uti
231 1060 402 1105 semper
429 1053 629 1104 tanquam
663 1045 1016 1104 exoptatissimam
1047 1044 1128 1088 sibi
1158 1051 1254 1089 ante

142 1123 287 1168 oculos
319 1129 542 1182 posuerat,
585 1122 668 1176 ita,
710 1129 888 1181 propter
930 1120 1057 1164 animi
1099 1121 1252 1180 probi-

116 1204 269 1246 tatem
309 1199 510 1257 dotesque
548 1198 726 1257 ingenii,
781 1199 817 1243 si
862 1198 1084 1256 quisquam
1123 1198 1254 1253 alius,

144 1290 296 1321 ornare
326 1283 506 1335 poterat.
566 1275 731 1334 Quodsi
770 1275 880 1320 enim
923 1275 1011 1333 ejus
1045 1275 1258 1333 ingenium

145 1361 335 1412 spectes,
387 1352 432 1396 in
472 1367 522 1397 eo
559 1359 676 1396 tanta
714 1360 802 1397 erat
842 1352 1012 1396 dicendi
1055 1353 1254 1406 facultas,

142 1430 393 1488 linguaeque
419 1430 678 1483 volubilitas,
711 1437 757 1473 ut
783 1430 827 1473 in
856 1430 1141 1483 orationibus,
1172 1445 1255 1489 pro

148 1505 280 1551 Coetu
305 1505 546 1550 Christiano
579 1505 812 1560 habendis,
844 1507 898 1550 ad
938 1506 1078 1550 subito
1111 1505 1260 1551 dicen-

149 1581 248 1627 dum
290 1583 498 1627 abiinitio
544 1584 828 1638 assuefactus,
875 1584 985 1628 hanc
1025 1584 1259 1640 rationem,

149 1674 244 1704 cum
282 1659 375 1718 ipse
412 1667 559 1719 postea
597 1654 812 1719 praeclare
857 1676 1022 1720 semper
1061 1677 1262 1721 sequere-

148 1743 241 1791 tur,
273 1744 358 1781 tum
400 1737 522 1781 etiam
554 1737 715 1785 futuros
755 1744 944 1782 oratores
981 1741 1141 1797 egregie
1180 1740 1262 1784 do-

151 1821 276 1859 ceret.
366 1813 442 1858 Sin
494 1814 620 1858 animi
671 1822 839 1873 reputes
889 1815 1033 1870 dotes,
1082 1817 1262 1863 veritatis

149 1890 456 1950 probitatisque
498 1905 641 1935 amore
679 1892 888 1949 flagrans,
928 1908 1023 1937 acer
1061 1902 1160 1939 eratv
1179 1897 1262 1940 Di-

151 1968 271 2012 vinae
310 1974 477 2011 nostrae
523 1967 752 2025 Religionis
789 1969 961 2023 vindex,
1003 1970 1136 2016 fidelis
1176 1973 1262 2030 ejus

151 2043 383 2102 interpres,
452 2044 627 2102 etpius
676 2045 854 2089 maxime
908 2048 1055 2092 cultor.
1144 2049 1282 2094 Hanc·

153 2120 307 2177 ingenii
345 2120 475 2163 aciem
515 2121 798 2178 orationisque
837 2123 1107 2178 celeritatem,
1152 2126 1264 2171 bunc

155 2196 334 2239 animum
374 2204 563 2255 apertum
601 2206 641 2241 et
671 2199 921 2254 candidum,
965 2201 1128 2260 pietatis
1162 2205 1263 2247 reli-

157 2273 371 2330 gionisque
400 2274 520 2319 unice
549 2283 781 2331 amantem,
814 2291 892 2322 nos
931 2278 1098 2336 ipsimet
1125 2280 1261 2325 mirati
