1507 2876
750 288 785 343 §.
818 286 892 329 111.

325 431 568 476 Lectionum
603 429 647 472 in
676 427 902 472 Academia
932 427 1373 483 Rheno-Traiectina,

262 508 360 553 inde
391 523 414 551 a
451 507 518 551 die
540 522 588 553 v.
609 503 868 564 Septembris
883 504 934 548 A.
952 520 1373 562 cmmoccxxqu,

261 598 394 641 usque
431 583 484 626 ad
525 581 647 625 ferias
684 579 859 624 aestivas
885 570 1376 638 ΑΜ

263 677 288 704 a
329 658 642 704 professoribus
687 665 726 701 et
770 657 1016 703 Lectorihus
1058 659 1370 715 habendarum,

260 737 365 782 haec
395 736 470 779 suit
500 735 700 779 formula:

341 871 396 915 In'
442 869 794 916 FACULTATE
838 868 1190 917 MATHESEOS
1220 887 1283 919 Εἰ·

399 941 825 988 PHILOSOPHIAE
856 942 975 987 NAT
982 943 1196 989 URALIS
1208 975 1223 999 ,

709 1018 920 1063 docebunt

310 1141 552 1181 Elementa
586 1138 866 1189 matheseos,
927 1136 960 1180 Ι.
987 1136 1038 1181 F.
1064 1137 1118 1197 L.,
1143 1127 1365 1184 SCHRO-

256 1209 405 1260 DER,
437 1207 583 1251 diebus
610 1212 772 1260 martis,
804 1207 1017 1262 mercurii,
1048 1207 1153 1253 iovis
1173 1215 1214 1253 et
1239 1223 1365 1253 vene-

255 1279 336 1332 ris,
367 1278 473 1322 hora
497 1278 569 1322 IX.

314 1357 684 1398 Stereometriam
698 1385 710 1406 ,
747 1356 1162 1411 Trigonometriam
1184 1356 1364 1412 Sphae-

255 1429 424 1477 rabam,
457 1427 709 1468 adhibitam
736 1429 799 1467 ad
820 1426 1168 1482 Astronvomiam
1184 1427 1363 1483 Sphae-

255 1501 399 1541 ricam
419 1504 463 1538 et
483 1498 823 1553 Geograplziam
844 1499 900 1539 M
902 1497 1224 1540 athematv‘cam
1257 1497 1291 1542 I.
1307 1497 1359 1546 F.

255 1570 303 1613 L.
323 1557 667 1621 SCHRODER,
727 1567 793 1611 die
825 1568 987 1612 veneris
1015 1576 1140 1627 atque
1174 1569 1359 1622 saturni,

251 1641 358 1685 hora
377 1639 490 1683 VIII.

314 1718 692 1761 collocationibus
719 1721 773 1759 de
806 1720 982 1760 ratione
1007 1722 1195 1763 docendi
1217 1723 1361 1763 disci-

245 1793 402 1847 plinas
416 1791 770 1831 Mathematicas
782 1788 947 1832 vacabit
960 1789 994 1834 l.
1008 1789 1059 1835 F.
1073 1790 1122 1836 L.
1136 1782 1360 1838 SCHRo-

252 1861 398 1913 DER,
429 1859 535 1902 hora
560 1866 706 1917 postea
733 1859 971 1904 indiCanda.

310 1939 615 1980 Geometriam
650 1939 929 1993 αηαζγίίοαῑη
967 1936 1023 1982 R.
1052 1951 1157 1981 VAN
1179 1936 1358 1992 REES,

252 2009 397 2054 diebus
431 2009 575 2061 lunae,
605 2007 800 2051 mercurii
827 2016 865 2051 et
890 2008 1074 2062 veneris,
1104 2008 1208 2053 hora
1222 2009 1297 2058 IX.

310 2088 546 2128 calculum
587 2085 938 2142 cliff'erentialem
988 2095 1032 2128 et
1082 2089 1356 2144 integralem

251 2159 305 2202 R.
325 2170 429 2201 vAN
447 2154 623 2209 REES,
654 2155 801 2200 diebus
831 2157 994 2211 martis,
1022 2157 1126 2203 iovis
1152 2165 1191 2202 et
1213 2165 1355 2202 satur-

246 2229 289 2274 ni
299 2261 312 2284 ,
343 2227 452 2272 hora
475 2226 548 2272 IX.

1247 2306 1356 2350 Me-
