1502 2767
217 198 270 244 78¹
441 181 1104 226 COMMENTATVIO

221 303 342 341 dicant
357 293 398 338 ac
419 309 532 338 suave
554 294 740 335 somnium
753 322 767 341 ‚
784 302 821 332 at
845 294 1011 342 cogitent
1029 293 1207 332 duntaxat
1226 302 1329 331 som-

223 368 324 410 nium
354 381 436 409 esse
461 369 499 407 G
513 380 531 405 r
546 379 568 404 o
583 365 654 403 tii
681 364 800 414 (1).”

711 489 749 537 §-
791 499 853 535 14.

244 629 413 671 Provida
426 629 514 671 ,Dei
525 640 622 666 cura
647 628 688 664 in
712 627 802 665 hello
823 625 1050 666 admittendo
1074 626 1307 678 defenditur.

275 774 427 823 Cuique
462 774 679 813 Christiano
703 781 877 811 constat:
905 773 1024 811 Deum
1061 780 1138 811 nou
1169 770 1337 809 otiosum

225 855 332 892 esse,
359 846 482 891 neque
502 843 657 881 inertem
674 871 687 890 ,
716 845 815 883 Eum
836 842 959 881 omnia
985 841 1204 881 fabricatum
1235 840 1335 880 fuis-

225 926 288 963 se,
314 914 471 962 Suoq²ue
490 921 585 952 nutu
599 925 641 951 ac
657 912 814 962 imperio
839 924 988 962 gerere,
1014 912 1176 951 consilio
1189 911 1337 960 sapien-

224 985 255 1024 ti
277 996 320 1023 ac
345 984 524 1033 benigno.
578 983 776 1023 Credimus
802 983 943 1032 igitur,
970 994 1027 1020 res
1052 984 1230 1021 humanas
1254 990 1334 1020 non

226 1055 329 1094 fatali
338 1054 534 1093 cohaerere
546 1054 767 1092 necessitate
784 1081 797 1100 ‚
819 1064 949 1091 verum
962 1064 982 1091 a
1002 1052 1170 1091 Numine
1189 1054 1338 1092 summo

227 1126 274 1165 iis
299 1125 448 1164 consuli
473 1136 589 1172 eaque
628 1123 857 1173 gubernari,
893 1123 1017 1170 nihil,
1043 1123 1126 1161 Deo
1161 1114 1339 1171 nolente}

227 1196 334 1244 fieri,
361 1204 399 1234 et
420 1194 589 1234 homines
611 1194 717 1242 ipsos
734 1222 748 1241 ‚
778 1194 843 1242 qui
867 1205 938 1231 suo
961 1193 1103 1242 Judicio
1129 1200 1282 1231 utantur
1297 1204 1340 1232 ac

224 1252 447 1313 voluntate,
462 1266 591 1313 regiae
606 1263 820 1313 gubernari.
851 1262 906 1301 Ut
919 1273 1040 1302 autem
1065 1263 1103 1301 in
1119 1263 1219 1300 omni
1243 1263 1342 1313 regi·

229 1332 328 1375 mine
374 1336 432 1374 vis
459 1334 739 1382 gubernationis
778 1342 881 1372 tanto
917 1334 1114 1372 dilucidius
1153 1333 1340 1381 cernitur,

227 1414 367 1453 quanto
389 1405 561 1453 pluribus
584 1413 620 1442 et
641 1403 846 1452 majoribus
869 1403 1011 1441 laborat
1031 1403 1337 1452 difficultatibus3

229 1475 280 1513 ita
293 1487 377 1513 cum
391 1475 561 1513 homines
575 1474 615 1511 in
633 1473 788 1511 maxima
799 1474 1008 1511 studiorum
1026 1482 1063 1511 et
1075 1473 1340 1512 sententiarum
1388 1516 1391 1518 ‚

228 1546 402 1584 varietate
426 1547 568 1584 sintae
596 1543 838 1591 discrepantia
856 1571 869 1590 ‚
911 1552 1024 1590 atque
1050 1552 1177 1592 gentes
1209 1537 1340 1582 contra

233 1624 360 1665 gentes
377 1615 479 1653 omni
504 1614 638 1652 virium
661 1614 902 1651 contentione
927 1613 1144 1662 conspirent
1159 1642 1172 1661 ‚
1200 1605 1278 1652 tum
1305 1623 1345 1652 et

233 1687 379 1732 Deum,
407 1684 473 1732 qui
512 1684 635 1722 omnia
677 1683 962 1733 sapientissimis
1001 1695 1041 1720 ac
1069 1682 1344 1732 benignissimis

232 1755 379 1805 legibus
406 1762 531 1803 regat,
568 1754 696 1793 adesse
725 1761 767 1791 ut
796 1752 952 1791 maxime
994 1761 1143 1801 pateat,
1193 1764 1345 1793 necesse

237 1835 317 1864 est:
345 1824 593 1862 nihilominus
615 1832 735 1861 tamen
749 1823 844 1864 bella
865 1822 963 1860 haud
975 1833 1056 1860 raro
1077 1823 1157 1872 ejus
1182 1823 1345 1862 consilio

232 1897 395 1945 benigno
412 1924 424 1942 ‚
452 1906 519 1932 nec
545 1905 622 1931 non
646 1892 826 1940 sapienti,
853 1903 1057 1941 repugnare
1085 1893 1208 1931 habita
1228 1902 1341 1933 sunt.

234 1959 354 2016 Quod
388 1976 507 2003 autem
546 1964 743 2001 consilium
775 1963 922 2011 saepius
949 1963 1098 2001 humani
1124 1963 1263 2012 ingenii
1290 1976 1350 2003 sa·

235 2035 383 2085 gacitati
410 2034 572 2083 effugere
588 2062 600 2080 ‚
626 2045 673 2071 ne
693 2033 847 2085 mireris.
878 2033 961 2070 Nos
987 2033 1081 2071 enim
1117 2034 1341 2072 tenuissimo

235 2105 385 2155 ingenio
400 2133 413 2152 ‚
449 2103 617 2153 exiguam
649 2103 774 2142 mundi
794 2102 1070 2151 gubernationis
1091 2113 1231 2152 partem
1257 2116 1347 2143 con·

1261 2181 1353 2214 tem-

279 2278 330 2316 (ι)
355 2279 386 2306 in
409 2278 493 2307 land.
520 2279 602 2313 Ηυξ.
629 2278 736 2306 Ονυιίι·
751 2296 760 2311 ,
781 2285 810 2311 p,
833 2278 883 2312 64.
