1502 2767
203 143 224 193 e
440 122 1079 184 1NTRobUcT1Q

203 249 273 292 bus
307 249 480 289 omnibus
511 251 602 288 adeo
630 250 722 300 Jesu
750 251 896 292 Christi
937 253 1138 292 consilium
1181 253 1302 293 homi·

203 330 271 358 nes
297 321 342 358 ad
376 319 640 368 perfectionem
683 322 855 360 moralem
899 323 1058 361 ducendi
1096 325 1204 372 plane
1236 324 1306 362 im-

202 388 376 437 peditur;
405 397 447 426 ut
476 390 566 428 haec
593 399 767 438 reputans
793 402 876 429 cum
900 392 1172 440 antiquioribus
1195 394 1308 436 Men·

204 459 345 496 nonitis
378 457 456 496 fere
489 459 774 499 exclamaveris:
818 487 844 508 „
867 461 1016 500 Mirum
1043 471 1095 500 est
1117 463 1302 510 homines,

206 553 232 575 ‚‚
256 527 311 565 ad
339 529 542 579 imaginem
577 528 652 567 Dei
683 529 867 576 conditos,
900 535 1058 583 potuisse
1086 533 1174 572 adeo
1203 532 1308 584 dege-

206 582 232 643 ,'‚
257 607 414 643 narare,
443 605 486 634 ut
502 599 626 647 potius
647 599 818 647 reserant
846 601 1042 651 imaginem
1067 612 1104 640 et
1129 612 1308 647 naturam

206 690 232 720 „
257 664 397 702 leonum
422 667 676 715 rugientium,
711 668 892 718 tigridum
932 671 1198 711 dilaniantium
1211 701 1227 720 ‚
1251 673 1311 711 lu-

207 760 233 781 „
252 743 385 784 porum
430 734 686 774 devorantium
731 746 768 776 et
811 751 983 779 ursorum
1030 743 1270 780 saevientium
1292 770 1308 790 ,

205 830 232 850 ,,
256 816 368 853 quam
395 813 663 843 creaturarum
691 809 839 846 ratione
875 818 911 847 et
940 811 1129 857 intellectu
1159 811 1312 862 praedi-

206 900 232 921 „
256 881 385 912 tarum
397 888 414 923 ;
451 876 524 912 imo
562 875 697 923 majori
726 878 839 914 etiam
877 878 1125 918 admiratione
1155 880 1309 930 dignum

206 969 232 996 „
258 951 311 980 est
326 969 340 989 ‚
375 943 600 988 horrendum
633 946 697 983 boe
726 956 927 997 monstrum
944 975 958 995 ,
995 961 1042 987 ex
1076 961 1159 988 orco
1187 956 1312 988 erum-

207 1039 231 1060 „
254 1023 369 1064 pens,
404 1026 475 1051 non
509 1023 658 1053 tantum
690 1015 805 1054 locum
844 1019 1022 1056 invenisse
1036 1045 1050 1066 ,
1086 1018 1153 1057 sed
1181 1019 1230 1057 ab
1261 1022 1311 1061 iis

206 1108 231 1128 „
246 1083 376 1129 foveri
401 1086 588 1133 potuisse,
625 1086 692 1137 qui
724 1098 760 1123 se
788 1085 983 1138 discipulos
1014 1087 1164 1139 pacifici
1191 1092 1312 1128 nostri

206 1177 233 1198 „
257 1153 434 1201 magistri
452 1152 551 1201 Jesu
576 1153 721 1210 Christi
745 1155 999 1206 profitentur,
1033 1167 1069 1196 et
1087 1163 1170 1200 κατ’
1183 1161 1311 1211 ἐξοχὴν

208 1248 233 1281 3,
253 1223 441 1273 principes
474 1225 580 1273 pacis
619 1224 748 1263 volunt
781 1227 971 1277 nominari
996 1227 1080 1277 (1).

689 1370 728 1417 5-
768 1382 806 1422 δε

248 1508 320 1548 His
344 1508 390 1548 de
414 1512 534 1549 causis
559 1512 672 1550 multi
695 1512 904 1551 Christiani
925 1513 1057 1552 bellum
1083 1526 1154 1553 non
1177 1515 1258 1555 lici,-

347 1587 428 1618 tum
453 1593 525 1619 esse
544 1580 723 1620 dixerunt
749 1582 893 1621 Christi
915 1583 1167 1626 sectatoribus.

251 1723 380 1774 Quum
418 1726 543 1776 negari
565 1734 725 1775 nequeat
742 1727 879 1764 bellum
894 1754 908 1774 ,
935 1726 974 1764 in
998 1738 1038 1765 se
1067 1735 1272 1776 spectatum
1289 1755 1305 1777 ,

196 1795 331 1832 malum
359 1806 469 1843 esse,
495 1805 532 1835 et
567 1797 684 1845 prima
723 1796 849 1835 fronte
883 1797 1035 1836 Ethices
1068 1798 1304 1853 Christianae

196 1863 384 1903 doctrinae
408 1865 636 1905 contrarium
679 1866 876 1913 videatur,
904 1864 1012 1921 facile
1048 1876 1105 1906 est
1143 1868 1310 1906 intellec-

1261 1946 1304 1978 tu

194 2047 263 2075 pag.
285 2048 391 2077 9-—17-
428 2042 458 2078 J.
479 2042 520 2071 H.
544 2042 581 2071 B.
604 2043 834 2079 Draeseke‚
859 2042 987 2080 ζειν-η,
1016 2053 1085 2081 pag.
1109 2054 1156 2081 33.
1175 2053 1241 2082 sqq.
1262 2047 1303 2076 A.

194 2099 235 2126 ΕΙ
247 2097 314 2126 ink
330 2098 469 2134 Sterk,
486 2098 757 2136 Philantropischo
775 2085 942 2137 godaihten
967 2110 1038 2131 over
1053 2102 1110 2130 den
1127 2103 1228 2139 oorlog
1241 2121 1252 2138 ,
1272 2110 1304 2132 et

192 2153 330 2188 inprimis
353 2155 394 2183 Η.
417 2155 458 2183 G.
480 2155 683 2185 Tzschirn
695 2164 754 2192 er,
775 2159 868 2185 acher
884 2157 940 2185 den
959 2158 1083 2196 Krkg,
1103 2166 1172 2194 pag.
1184 2162 1214 2190 6.
1231 2167 1301 2198 sqq.

226 2210 278 2248 (ι)
300 2211 339 2242 Π.
361 2212 511 2249 Schyu‚
533 2214 680 2242 Historia
703 2213 981 2251 Mennonitarnm,
1001 2222 1070 2251 pag·
1093 2219 1150 2252 58,
1170 2225 1218 2256 599
1299 2203 1301 2205 Ι
