1507 2876
491 221 876 273 ORATIO.
1187 224 1245 280 3²5

121 344 229 388 nalis
258 344 606 407 Therapeutices.
669 353 860 408 Deinde,
890 371 973 413 qua
1007 358 1072 403 via
1101 360 1245 406 inees-

117 428 261 465 serunt
286 423 434 481 optimi
465 425 674 486 chirurgi,
708 430 815 475 hene
844 435 1050 492 exposuit.
1119 437 1240 483 Tan-

116 496 239 552 dem,
270 513 321 543 ex
347 500 569 560 disputatis
599 507 786 552 modeste
815 511 1020 566 quaedam
1052 516 1238 560 corolla-

111 573 402 633 ria-practica
442 579 635 636 deduxit,
663 584 707 627 in
751 586 903 643 quibus
939 595 1080 634 tamen
1121 591 1238 637 desi-

111 657 260 696 rantur
295 667 369 708 ea,
399 670 507 712 quae
533 659 750 703 maturiori
789 661 955 707 demum
986 666 1126 710 studio
1157 681 1237 712 ac-

112 726 348 784 quiruntur.
422 731 527 778 Cum
557 749 657 779 vero
692 736 736 779 in
773 739 966 785 universa
1001 744 1234 801 argumenti

111 805 371 862 expositione
419 811 548 856 multa
598 811 862 860 inveniantur
909 818 1053 874 judicii
1105 829 1233 880 atque

107 878 339 928 industriae
376 887 561 932 auctoris
605 890 881 947 documenta,
926 895 1049 941 Ordo
1089 899 1231 945 Medi-

109 968 256 1007 corum
297 959 408 1005 hanc
459 965 855 1012 commentationem
904 973 1091 1028 praemio
1134 975 1232 1035 dig-

104 1043 205 1081 nam
247 1035 465 1092 judicavit.
563 1040 722 1087 Fra-cto
770 1045 956 1093 adnexae
1004 1050 1228 1099 schedulae

106 1107 264 1168 sigillo,
301 1127 458 1165 nomen
486 1118 647 1177 prodiit

283 1266 558 1314 Diderici
614 1288 717 1318 van
759 1275 1089 1334 Dockum‚'

354 1356 444 1390 Med.
464 1359 498 1389 in
519 1359 579 1392 hac
602 1363 775 1410 Academia
798 1366 965 1405 Studiosi,

99 1490 174 1547 qui
200 1491 255 1535 ad
284 1495 524 1551 senaculum
554 1506 749 1554 vocatus,
781 1500 904 1559 hujus
931 1506 1217 1564 responsionis

96 1574 310 1613 auctorem
342 1571 511 1617 abunde
541 1589 586 1618 se
616 1575 856 1625 declaravit.
1067 1642 1071 1646 ,

154 1645 222 1689 Tu
261 1646 409 1705 igitur,
465 1652 727 1698 ornatissime
789 1668 894 1701 van
923 1659 1214 1707 Dockuml

91 1722 298 1777 accedas,
327 1732 374 1769 ut
405 1729 621 1785 praemio,
656 1732 769 1788 quod
794 1735 1004 1791 meruisti,
1036 1740 1211 1784 orneris.

90 1799 191 1844 Non
226 1800 436 1858 habuisti,
480 1807 550 1863 qui
586 1815 723 1852 tecum
760 1813 1083 1870 contenderent,
1115 1817 1211 1861 cer-

90 1876 257 1922 taminis
300 1880 460 1936 socios,
515 1884 590 1927 sed
636 1886 787 1944 majori
830 1890 936 1934 adeo
975 1892 1087 1936 laudi
1125 1895 1209 1940 hoc

90 1953 170 1998 tihi
209 1958 441 2015 praemium
488 1960 589 2016 erit,
634 1963 755 2020 quia,
797 1967 910 2023 quod
944 1983 1068 2014 nemo
1105 1973 1207 2018 alius

88 2032 295 2091 suscepit,
335 2041 380 2079 tu
419 2037 532 2082 solus
573 2039 787 2100 suscipere
824 2057 910 2087 non
947 2045 1159 2094 dubitasti.
