1502 2767
174 208 245 253 184
421 204 1082 249 COMMENTATIO

176 314 296 363 gionis
332 313 564 353 Christianae
595 315 762 354 doctrina
788 317 914 365 petitis
939 318 1052 356 vetita
1077 327 1114 356 et
1130 319 1288 370 abroga-

176 394 211 421 ta
227 411 240 430 ‚
267 383 411 431 aliaque
434 384 638 433 complura.
681 385 781 435 Quid
805 388 907 435 quod
932 380 1054 436 ipsum
1078 389 1139 438 jus
1162 389 1286 428 Cano-

178 452 330 499 nicum,
358 462 400 489 ut
435 453 526 491 scite
559 463 684 493 monet
713 451 1049 505 Robertsonus
1077 459 1176 509 (1),
1201 459 1290 497 licet»

175 522 331 570 imperio
358 522 623 562 Ecclesiastico
658 525 877 564 stabiliendo
913 526 1131 576 inserviret,
1169 529 1283 566 multa

177 591 414 639 continebat,
452 593 591 641 quibus
617 594 785 634 civitates
819 597 1022 644 pacatiores
1060 607 1097 636 et
1127 597 1282 636 tutiores

176 662 425 702 redderentur.
479 663 516 701 A
547 665 673 702 seculo
698 665 841 704 decimo
867 675 1002 715 sexto,
1031 667 1069 705 in
1096 666 1287 716 plerisque

177 731 353 780 Europae
376 733 590 780 regionibus
606 762 620 782 ,
648 746 742 783 quae
765 736 916 784 populis
947 737 1064 785 magis
1093 735 1286 785 magisque

175 802 221 838 ad
253 802 515 841 humanitatem
551 803 793 843 informandis
829 805 1056 853 obstabant,
1110 805 1285 854 abrogata

176 880 287 918 sunt3
316 881 351 910 et
377 871 416 909 in
447 873 656 921 Hispania,
686 874 787 913 Italia
824 885 860 912 et
893 875 1008 922 alibi,
1040 875 1104 912 ubi
1133 873 1286 921 antiqua

176 941 395 988 superstitio
425 953 460 980 et
492 942 696 991 ignorantia
735 946 858 983 sedem
890 955 1066 992 tenuere,
1103 945 1283 983 nonnulla

173 1009 345 1048 instituta
370 1022 571 1050 occurrunt
586 1042 598 1061 ,
612 1026 704 1061 quae
727 1015 814 1053 oiim
837 1015 960 1053 ubivis
982 1024 1159 1063 erant,et
1181 1025 1282 1054 nunc

175 1079 267 1117 adeo
291 1081 388 1128 apud
411 1082 576 1129 populos
591 1110 604 1129 ,
643 1083 878 1122 Christianae
901 1085 1090 1124 doctrinae
1110 1085 1282 1132 ignaros,

177 1150 426 1197 reperiuntur.

225 1218 304 1256 Hac
330 1220 450 1267 legum
470 1229 505 1259 et
526 1221 782 1261 institutorum
804 1225 1059 1263 emendatione
1086 1225 1279 1272 homines,

170 1289 374 1338 iustiores,
401 1291 622 1339 aequiores,
651 1293 808 1331 leniores
841 1303 879 1331 et
907 1295 1140 1332 humaniores
1163 1293 1276 1339 facti,

174 1368 250 1397 non
286 1367 490 1406 potuerunt
515 1372 592 1399 non
617 1362 784 1400 meliores
821 1363 868 1401 de
899 1363 997 1402 bello
1033 1365 1198 1412 gerundo
1223 1361 1284 1401 fo·

177 1438 262 1467 vere
294 1428 508 1468 sententias,

669 1583 706 1629 §-
749 1594 788 1631 5.

421 1720 523 1770 Quid
545 1734 590 1760 ex
613 1722 813 1774 disputatis
838 1733 1043 1774 sequatur.-

221 1860 431 1911 Religionis
463 1865 693 1905 Christianae
729 1868 931 1906 doctrinam
968 1869 1160 1909 hominum
1196 1881 1280 1910 sen·

172 1931 304 1969 tentias
342 1932 513 1972 universe
546 1936 788 1982 emendasse,
841 1947 980 1985 eosque
1018 1937 1275 1987 humaniores,

1199 2008 1280 2057 J‘us—

169 2129 225 2155 gen
251 2131 322 2150 over
345 2122 400 2150 den
424 2124 547 2152 invtoed
568 2135 627 2155 van
650 2127 702 2154 hee
720 2126 929 2155 Christendom
952 2134 984 2164 op
1002 2128 1052 2155 het
1072 2128 1271 2166 Volksgcluk,

174 2179 253 2206 Ann.
275 2185 322 2213 99.
346 2186 414 2214 pag.
437 2189 504 2217 154.

207 2234 259 2268 (t)
281 2236 421 2266 Historia·
445 2238 499 2265 der
526 2239 681 2276 Regering
704 2248 762 2270 van
794 2241 893 2269 Karel
917 2241 972 2268 den
998 2241 1078 2277 Vde,
1100 2241 1137 2272 T.
1159 2243 1183 2271 1.
1206 2250 1272 2283 pag.

170 2298 329 2327 105—.09·
