1502 2767
222 195 292 243 ¹5⁶
442 188 1107 231 COMMENTATIO

217 313 308 349 rus,
337 301 402 349 qui
426 300 531 338 aliter
567 307 668 337 certo
702 298 868 347 certius,
895 309 964 348 pro
1001 299 1228 348 populorum
1249 300 1332 338 bar-

212 373 385 410 barorum
408 370 533 408 indole
565 378 603 408 et
641 369 835 407 sententiiS
857 397 872 416 ,
893 379 1048 416 numero
1081 368 1244 407 fuissent
1274 369 1334 408 in·

218 441 344 487 finita,
371 440 679 486 imminueretur,
711 448 750 476 et
785 439 957 477 atrocitas
991 451 1035 476 ex
1068 447 1172 488 parte
1201 438 1335 477 lenire·

218 521 294 549 tur.
346 510 407 548 Ab
435 511 547 548 altera
576 518 696 547 tamen
723 518 827 558 parte
858 509 1076 558 superstitio
1101 518 1137 547 et
1165 509 1335 547 doctrina

214 581 361 620 Christi
387 582 609 629 depravata,
666 579 786 627 qualis
825 579 946 618 medio
987 591 1078 618 aevo
1114 578 1218 627 fuit,
1255 590 1334 619 non

217 659 388 699 poterant
413 661 489 688 non
506 678 518 696 ,
558 649 592 687 si
631 658 782 696 essent,
811 649 875 696 qui
903 650 997 688 hanc
1036 649 1251 699 religionem
1278 661 1336 688 re·

212 721 336 770 cipere
365 721 534 767 nollent,
572 720 631 757 vel
659 718 904 768 opinionibus
941 728 1021 757 tum
1056 719 1214 768 receptis
1252 731 1336 759 sese

215 804 258 830 ex
288 791 445 829 adverso
467 801 659 839 opponere
678 789 884 836 auderent,
913 789 1009 828 bella
1030 790 1222 839 religionis
1248 801 1337 829 cau-

215 874 254 900 sa
282 861 468 908 excitare3
506 871 674 908 eosque,
716 860 782 907 qui
817 860 903 898 talia
930 859 1053 907 bella,
1088 871 1109 898 a
1151 861 1266 908 Deo,
1293 867 1337 898 ut

213 931 416 980 putabant!
467 930 594 980 jussi,
648 931 853 979 gerebant,
907 931 1092 969 adhortari
1130 939 1167 969 et
1198 940 1334 979 cogere

204 1002 353 1050 quasi,
382 1010 425 1039 ut
453 1000 636 1039 infidelem
675 1001 873 1048 quemvis,
910 1000 1001 1038 velit
1039 1000 1161 1048 nolit,
1187 1000 1234 1038 ad
1259 1000 1336 1040 Ec-

214 1072 348 1110 clesiae
378 1071 484 1109 fidem
522 1079 599 1108 tum
639 1080 822 1118 receptam
842 1097 855 1116 ,
908 1069 946 1108 vi
973 1078 1009 1107 et
1042 1070 1154 1108 armis
1188 1077 1231 1108 ut
1266 1070 1337 1107 ho·

218 1141 335 1180 mines
377 1142 524 1187 solent,
578 1140 642 1177 ubi
677 1139 865 1188 religionis
905 1151 1013 1178 causa
1052 1139 1205 1190 agitur,
1242 1139 1336 1178 redi·

217 1224 316 1261 gere.

269 1282 434 1321 Maxima
459 1292 548 1319 vero
579 1281 785 1319 emendatio
825 1280 1030 1328 speranda,
1059 1291 1103 1316 ex
1130 1289 1208 1326 quo
1231 1288 1335 1316 sacra

218 1352 414 1391 reformata
453 1360 557 1389 sunt.
636 1350 697 1387 Ab
735 1350 807 1387 hoc
845 1350 944 1388 enim
991 1358 1161 1398 tempore
1204 1348 1336 1398 purior

219 1422 364 1461 Christi
398 1422 586 1459 doctrinae
615 1420 811 1468 cognitio,
850 1419 980 1468 purior
1010 1419 1164 1458 Ethices
1198 1417 1339 1456 doctri·

219 1505 267 1531 na
293 1492 388 1541 (1),
416 1492 607 1530 hominum
628 1491 772 1528 animos
802 1489 948 1528 imbuit.
1003 1489 1064 1527 Ab
1091 1489 1162 1526 hoc
1183 1487 1337 1526 maxime

221 1574 415 1613 tempore,
444 1573 521 1611 quo
558 1561 690 1610 populi
721 1560 880 1598 medium
916 1570 1046 1598 aevum
1083 1566 1256 1596 excutere
1279 1557 1337 1596 in-

221 1634 434 1682 cipiebant,
463 1642 499 1671 et
532 1632 656 1669 ubivis
683 1631 761 1669 veri
796 1639 833 1668 et
859 1629 1032 1675 honesti,
1062 1630 1151 1667 vera
1187 1628 1338 1677 religio-

222 1717 268 1744 ne
299 1703 466 1751 fundati,
507 1714 640 1740 sensus
675 1700 935 1750 excitabatur,
974 1707 1235 1748 exspectamus
1271 1710 1339 1748 po-

221 1777 396 1824 pulorum
424 1772 758 1822 conjunctionem,
793 1781 938 1808 morum
973 1770 1230 1816 honestatem,
1260 1780 1340 1807 om·

222 1845 383 1893 niaque,
410 1843 549 1890 quibus
585 1842 776 1880 hominum
801 1840 848 1878 de
873 1841 972 1878 bello
998 1841 1163 1889 gerundo
1191 1848 1340 1877 senten-

221 1916 354 1953 tiarum
399 1913 606 1952 emendatio
649 1912 740 1949 effici
789 1910 940 1960 potest!
1008 1909 1337 1948 Verumenimvero

224 1997 270 2024 ne
296 1986 392 2023 bona
410 1996 506 2031 -spes
541 1994 612 2021 nos
642 1983 783 2020 illudat.
839 1981 936 2019 Nam
968 1980 1119 2029 plurimi
1148 1981 1338 2029 Europam

227 2066 261 2093 et
294 2055 380 2093 alias
414 2053 517 2092 orbis
543 2063 718 2090 terrarum
760 2060 908 2099 partes,
939 2051 1002 2088 ubi
1040 2050 1184 2090 Christi
1211 2051 1340 2099 religio

1287 2133 1342 2163 re-

267 2221 315 2258 (ι’)
339 2221 448 2256 Dignus
464 2241 471 2254 ,
488 2219 539 2255 qui
552 2221 599 2247 htc
620 2220 731 2253 legatur
743 2238 752 2253 ‚
765 2218 843 2246 Vill
857 2225 871 2245 e
883 2226 895 2244 r
907 2225 919 2246 s
930 2237 938 2252 ‚
952 2218 1068 2244 Procve
1089 2225 1157 2244 over
1177 2216 1232 2244 den
1251 2223 1335 2252 guest

229 2289 262 2306 m
287 2279 408 2308 ini-toea
432 2278 484 2305 der
512 2277 683 2311 kerkelt'jka
711 2276 904 2309 harrormiug
934 2284 990 2305 ran
1025 2274 1154 2301 Lntlur.
