1564 2750
415 175 925 217 LITERARIA.
1158 185 1230 225 ως

124 286 268 326 tabatur
287 287 481 326 homiuum
515 288 553 325 in
577 286 740 336 politicis
770 287 881 325 rebus
910 285 1071 333 studiis,
1100 285 1235 324 totius·

122 369 196 407 que
220 357 381 397 civitatis
411 358 690 406 singulorumve
727 357 947 395 commodis.
1019 354 1234 394 Inimicitiae

121 439 163 467 v.
189 439 237 467 rc.
278 439 372 476 quae
409 428 540 466 Pericli
574 439 659 466 cum
699 427 858 466 Cimone
890 438 954 475 per
991 436 1101 463 omne
1137 426 1235 463 vitae

121 497 284 546 spatium
329 498 644 545 intercesserunt,
699 497 1036 545 Thucydidemque
1071 496 1236 535 Civitate

120 566 341 616 privarunt,
368 579 388 604 e
422 566 486 604 tali
515 567 751 615 potissimum
783 578 892 604 causa
922 567 1155 615 explicandae
1179 565 1236 603 vi-

121 635 271 675 dentur.
349 637 438 687 Quo
481 637 709 684 splendidius
752 637 928 687 emicuit,
981 636 1127 683 quoties
1177 643 1235 672 to-

1246 235 1345 267 Sectio
1360 233 1442 275 11.·§.
1453 239 1483 278 {3-

123 774 170 812 de
205 775 325 813 salute
367 776 602 824 desperantes
649 775 816 824 erigeret.
870 776 967 825 Quis
1017 774 1108 811 mihi
1154 773 1240 821 pin·

124 852 186 892 gat
217 845 420 892 Periclem,
459 846 544 883 dum
576 856 704 883 omnes
737 844 918 894 perterriti
948 854 984 882 et
1011 843 1237 892 trepidantes

125 913 242 951 solem
276 914 505 953 deficientem
540 915 776 964 adspiciunt,
803 926 917 962 seque
959 915 1126 952 Deorum
1166 913 1239 950 irae

125 981 335 1022 subducere
375 993 583 1032 conantur,
618 983 761 1032 placido
799 995 1007 1030 serenoque
1036 983 1145 1020 vultu
1178 983 1242 1020 ad·

125 1059 307 1099 stantem,
333 1053 564 1101 pallidaeque
589 1062 702 1101 atque
733 1053 860 1091 anxiae
893 1052 1123 1090 multitudini
1151 1063 1240 1100 por·

125 1121 218 1158 tenti
254 1131 401 1160 causam
439 1123 717 1170 explicantem?

176 1190 269 1228 Non
303 1191 393 1230 adeo
427 1191 570 1241 fulget,
596 1194 662 1231 sed
690 1193 922 1232 constantius
956 1195 1075 1231 elucet
1105 1193 1144 1230 in
1173 1193 1241 1231 Pe-

126 1252 227 1298 riclis
261 1261 338 1299 vita
372 1261 526 1310 privata.
581 1263 713 1311 Longe
734 1263 779 1300 ab
804 1263 850 1301 iis
878 1263 1117 1312 discrepans,
1156 1262 1242 1310 qui·

127 1330 202 1368 bus
222 1331 451 1370 levissimum
482 1334 660 1380 quodque
681 1333 770 1370 iram
798 1333 962 1380 excitet,
991 1342 1048 1372 ut-
1063 1333 1123 1372 s'ui
1146 1333 1243 1370 obli-

128 1399 158 1438 ti
183 1399 222 1438 in
244 1401 413 1439 convicia
449 1410 668 1451 erumpant3
696 1415 762 1451 per
787 1410 908 1442 totum
934 1402 1029 1441 diem
1062 1402 1244 1451 patienter

128 1469 217 1507 tulit
255 1471 498 1509 contumelias
532 1481 569 1510 et
602 1472 814 1520 maledicta,
872 1473 1039 1522 quibus,
1087 1473 1126 1511 in
1159 1472 1244 1511 foro

130 1539 227 1578 seria
259 1541 430 1590 agitans,
465 1553 485 1580 a
519 1543 700 1591 petulanti
747 1544 906 1590 quodam
942 1543 1093 1581 homine
1133 1544 1248 1582 laces-

130 1608 231 1648 situs
259 1609 394 1650 fiderat.
442 1611 608 1650 Tandem
648 1611 897 1661 vesperascit3
935 1614 1084 1651 domum
1127 1625 1249 1652 revers

131 1678 225 1717 titur
254 1680 439 1729 Pericles,
490 1692 560 1720 nec
592 1683 753 1730 gravitas
801 1684 905 1722 deest
940 1683 1127 1732 incessui,
1178 1695 1246 1722 nec

132 1749 289 1788 comitas
331 1751 481 1800 vultui;
537 1753 596 1791 vel
643 1753 696 1791 sic
742 1764 863 1792 tamen
908 1754 1077 1801 sequitur
1121 1755 1245 1802 ipsum

135 1826 172 1857 et
201 1819 383 1858 conviciis
424 1822 631 1870 proscindit
668 1823 762 1861 idem
794 1823 865 1862 iste
899 1824 1012 1862 homo
1052 1824 1246 1873 impuden-

133 1887 319 1930 tissimus.
377 1891 479 1941 Quid
504 1893 696 1932 Pericles?
723 1892 804 1933 Uni
837 1905 882 1932 ex
918 1895 1036 1933 servis
1066 1895 1212 1933 mandat
1231 1922 1245 1942 ‚

134 1966 178 1997 ut
209 1959 349 1998 lumine
393 1971 578 2010 accenso,
627 1962 812 2001 hominem
859 1964 1059 2002 comitetur
1095 1975 1136 2001 ac
1177 1965 1245 2002 do-

135 2039 236 2068 mum
269 2031 417 2070 reducat
443 2031 530 2082 (1).
569 2054 625 2065 —
664 2032 885 2083 Cogitemus
908 2034 1067 2082 aliquem
1085 2033 1245 2083 Impera-

1187 2113 1245 2144 to-

173 2195 323 2233 (1)*.1³1ut.
346 2196 378 2226 in
397 2198 464 2229 Per.
483 2207 550 2235 cap.
572 2209 602 2235 s.
621 2207 655 2235 p.
677 2208 747 2238 154.
768 2201 812 2231 D.
842 2215 880 2223 —
911 2200 1003 2231 Basil.
1027 2204 1127 2237 Magn.
1149 2202 1240 2233 Hom·

135 2250 241 2285 XXIV.
260 2253 352 2282 Tom.
373 2255 396 2284 1.
417 2263 450 2291 p..
475 2257 541 2291 576.
560 2258 608 2286 ed.
629 2257 711 2287 Paris
727 2260 823 2289 16rss.
843 2258 868 2287 f.
887 2265 931 2288 m·
