1502 2767
244 172 315 209 162
462 160 1128 216 COMMENTAWTIO

244 289 322 317 non
357 277 484 323 belle,
525 276 590 314 sed
614 274 698 324 paci
724 284 745 312 a
770 273 876 314 Patre
918 272 1073 312 coelesti
1108 279 1365 321 comparum

249 360 346 388 esse.
415 345 690 386 Internecinum
726 343 852 382 odium
888 354 928 382 ac
965 351 1186 392 perpetuum
1225 342 1364 381 bellum

248 427 376 463 vetat,
433 416 525 464 quid
561 414 680 454 dico?
722 414 824 461 vim,
859 413 1032 463 furtum,
1078 414 1252 459 caedem,
1287 412 1366 452 imo

251 493 368 538 iram3
392 495 523 527 contra
547 493 669 524 autem
693 495 854 523 amorem
877 493 1049 523 mutuum
1064 512 1077 531 ‚
1104 491 1369 533 pacem,con-

250 561 412 598 cordiam
442 557 704 602 commendat,
742 562 778 592 et
798 554 909 604 Jesus
947 553 1156 601 Christus,
1183 553 1265 603 ipse
1303 562 1370 602 pa-

251 632 305 668 cis
331 628 502 667 homines
527 627 624 665 inter
647 633 684 663 et
707 626 829 664 Deum
865 632 1024 673 auctor,
1052 625 1253 674 μκκοέριους
1276 621 1372 661 dixit

254 704 334 746 τοὺς
393 699 640 749 εἷρηνοποιούς.
718 695 840 743 Supra
871 695 947 744 jam
992 694 1183 741 vidimus,
1232 693 1373 731 bellum

254 777 398 809 tantum
419 767 559 807 idcirco
579 775 616 805 et
639 765 788 805 civibus
813 772 850 803 et
872 763 1034 813 principi
1055 763 1236 813 agendum
1261 773 1377 810 esse,

258 848 299 878 ut
311 850 438 889 pacem
455 844 677 887 recuperent
691 865 704 884 ‚
718 843 756 874 et
774 834 820 874 ab
846 834 1022 874 hostibus
1035 834 1186 885 injustis
1195 842 1277 872 sese
1289 843 1377 871 sua-

259 921 333 958 que
361 908 575 948 defendant.
602 907 733 955 Itaque
761 906 899 954 homo,
925 903 1117 954 religionis
1139 902 1377 943 Christianae

261 979 453 1029 principiis
487 980 651 1025 ductus,
686 987 813 1026 pacem
849 983 887 1014 et
925 974 1089 1014 civitatis
1124 974 1280 1013 salutem
1311 983 1379 1022 pa-

261 1051 407 1089 randam
437 1048 804 1096 conservandamque
829 1045 903 1084 sibi
932 1045 1043 1084 armis
1075 1043 1267 1093 susceptis
1286 1053 1377 1092 pro·-

264 1119 392 1168 ponit:
423 1118 577 1157 simulac
600 1129 687 1156 vero
702 1116 813 1155 armis
839 1115 1031 1162 effecerit,
1057 1123 1100 1154 ut
1115 1113 1238 1153 hostis
1257 1112 1380 1162 ipsius

263 1191 343 1238 jura
370 1197 572 1236 agnoscat,
605 1188 803 1237 justaeque
831 1186 950 1234 ipsius
986 1184 1170 1224 voluntati
1196 1183 1349 1222 obediat
1365 1211 1380 1231 ‚

268 1268 308 1296 ut
330 1259 409 1308 ipse
436 1269 562 1307 pacem
584 1268 737 1305 aequam
768 1267 810 1295 ac
842 1265 958 1294 tutam
983 1255 1103 1294 facere
1120 1254 1268 1304 possit;
1298 1260 1380 1293 tum

268 1338 344 1365 non
380 1327 551 1374 invitm,
583 1327 648 1364 sed
683 1325 816 1364 lubens
837 1337 857 1364 a
881 1325 980 1364 bello
1014 1324 1165 1364 desistit
1198 1323 1383 1364 Christia-

269 1407 356 1435 nus,

324 1467 402 1505 Has
436 1466 635 1505 sententias
672 1465 910 1505 Christianae
941 1473 1070 1515 gentes
1107 1466 1245 1505 sensim
1281 1464 1388 1504 fove-

271 1546 374 1577 runt.
429 1537 558 1576 Pacem
600 1535 700 1574 bello
737 1534 921 1585 praeferre
956 1543 1188 1585 coeperunt,
1227 1536 1388 1576 interne·

275 1609 357 1646 cina
384 1619 551 1645 exercere
587 1606 693 1655 odia,
751 1614 788 1644 et
820 1606 950 1654 potius
988 1617 1030 1644 se
1078 1606 1236 1646 invicem
1278 1608 1389 1655 quasi

273 1664 512 1726 discerpere,
542 1688 650 1724 quam
682 1676 822 1714 auxilio
857 1677 1029 1725 adjuvare
1055 1685 1092 1714 et
1126 1676 1289 1717 amicitia
1314 1689 1391 1716 am-

275 1749 416 1798 plecti,
456 1748 553 1786 haud
591 1746 751 1795 amplius
786 1749 963 1794 cupiunt.
1030 1746 1139 1784 Nihil
1163 1758 1254 1796 pace
1283 1758 1390 1787 sanc-

275 1820 352 1858 tius
390 1830 430 1856 ac
470 1817 668 1856 salutarius
712 1816 928 1864 aestimant,
981 1828 1058 1855 eam
1105 1818 1233 1856 multis
1276 1829 1391 1868 nego-

277 1890 338 1926 tiis
366 1887 548 1937 potiorem
593 1887 694 1925 omni
739 1886 923 1925 celebrant
963 1898 1162 1935 sermone,
1210 1888 1292 1938 ejus
1326 1889 1393 1928 de-

278 1958 414 1997 siderio
449 1958 601 2006 flagrant
628 1957 706 1994 fere
735 1968 878 1997 omnes.
928 1958 1008 2007 Jam
1036 1959 1225 2007 quisque,
1252 1959 1316 2007 qui
1341 1959 1394 1998 si·

280 2029 315 2065 bi
351 2029 486 2066 cladem
519 2039 558 2064 ac
584 2029 724 2064 luctum
741 2055 754 2073 ‚
779 2039 873 2074 quae
897 2038 917 2065 e
940 2027 1049 2066 bellis
1069 2035 1299 2078 nascuntur-3*
1326 2030 1393 2078 qui

281 2099 449 2135 homines
480 2098 575 2134 bella
601 2105 796 2146 gerentes,
824 2096 980 2136 immane
1002 2098 1040 2136 in
1070 2107 1198 2138 mutua
1222 2110 1396 2148 praecor·

282 2170 339 2207 dia
372 2177 606 2215 saevientes;
662 2167 752 2214 qui,
788 2168 870 2206 illas
904 2169 1035 2207 densas
1064 2168 1187 2217 acies,
1225 2169 1393 2208 rabidum

284 2240 442 2278 militum
470 2250 510 2276 ac
544 2240 821 2277 vulneratorum
855 2238 1080 2287 clamorem,
1114 2238 1181 2287 qui
1211 2239 1396 2278 florentis-

1347 2311 1398 2346 si-
