1564 2750
64 207 164 239 sectio
180 206 214 239 Π,
230 206 262 249 §.
273 220 302 246 5·

318 161 368 199 94
570 150 1231 192 οοΜΜΕΝΤΑΤιο

322 259 497 298 liberatur
530 259 726 307 iis‚·quae
756 260 800 298 de
829 270 873 298 eo
910 262 1303 302 testaturPlutarchus
1331 265 1427 315 (1):

319 329 467 369 divitiae
491 340 758 377 nonnunquam
782 329 878 368 inter
902 330 1057 369 honesta
1087 331 1214 372 referri
1242 337 1426 384 possunt,

319 400 352 438 si
387 409 584 448 possessor
615 400 661 438 iis
701 400 794 438 bene
830 408 984 447 utatur,
1035 408 1078 438 ut
1114 400 1206 441 fecit
1239 403 1430 452 Pericles,

320 470 383 518 qui
414 471 540 509 multis
573 469 746 508 subvenit
779 470 1020 518 pauperibus.

368 539 521 588 Optime
558 541 664 578 etiam
701 540 882 578 intellexit
914 540 1100 588 Pericles,
1138 542 1259 590 plebis
1295 543 1428 582 oculos

316 611 486 649 delectari
510 610 708 659 gravitate,
737 622 845 658 quam
872 610 911 649 in
933 611 1041 658 viro,
1070 611 1132 649 cui
1159 623 1279 650 rerum
1305 612 1433 662 publi·

315 666 443 718 carum*
477 692 565 718 cura
597 681 646 719 sit
680 681 842 730 credita,
874 681 1133 730 conspiciant3
1170 692 1239 721 nec
1265 693 1429 731 unquam

317 750 362 788 ab
384 761 424 788 ea
449 750 591 798 aliquid
612 750 776 796 remisit,
804 751 870 788 sed
899 762 974 789 eam
999 758 1212 788 constanter
1243 751 1341 789 tueri
1367 762 1433 790 co-

316 828 424 858 natus
454 828 523 857 est.
587 820 671 870 Qua
700 827 852 868 propter
891 832 958 868 per
994 831 1103 859 omne
1134 829 1312 869 tempus,
1351 833 1428 870 quo

316 889 472 929 Civitati
500 889 688 939 praefuit,
725 901 916 938 nunquam
949 891 995 928 ad
1030 890 1232 930 amicorum
1254 891 1428 931 convivia

315 960 497 1007 accessit,
527 971 600 998 una
626 968 766 998 tantum
798 960 993 998 occasione
1016 969 1195 1009 excepta.,
1225 973 1341 1010 quum
1365 973 1430 1001 co·

316 1038 449 1079 gnatus
472 1031 767 1079 Euryptolemus
795 1032 865 1081 (2)
900 1043 1053 1069 uxorem
1080 1031 1272 1070 duxisset:
1301 1033 1366 1071 sed
1390 1041 1428 1071 et

315 1110 406 1138 tunc
441 1100 564 1138 statim
599 1109 687 1149 post
720 1101 914 1138 libationes
950 1100 1087 1139 effusas
1126 1101 1289 1140 surrexit
1335 1102 1424 1152 (3).

315 1170 421 1220 Quae
454 1170 578 1208 decori
612 1171 782 1208 servandi
814 1182 902 1209 cura
935 1172 1043 1209 etiam
1084 1172 1125 1210 in
1159 1183 1269 1211 causa
1308 1171 1428 1212 fuisse

317 1240 494 1287 videtur,
534 1240 635 1288 quod
668 1240 706 1277 in
753 1240 1020 1288 suppeditanda
1061 1240 1147 1278 filiis
1183 1242 1339 1288 pecunia
1370 1253 1428 1280 re·

313 1309 479 1350 strictior
502 1319 627 1348 esset:
657 1310 843 1347 metuebat
867 1312 961 1347 enim
980 1321 1027 1348 ne
1053 1309 1125 1359 hi,
1146 1310 1327 1359 siquidem
1350 1323 1427 1350 ma-

307 1382 390 1430 jore
413 1391 650 1418 nummorum
678 1379 787 1427 copia
809 1380 1034 1418 donarentur
1063 1379 1208 1420 libidini
1234 1380 1424 1430 indulgere

309 1459 493 1499 possent,
520 1450 707 1499 nimisque
731 1450 982 1489 exsultarent:
1012 1461 1089 1498 quo
1109 1450 1195 1499 ipso
1207 1450 1343 1500 Populi
1366 1451 1424 1489 in·

308 1520 445 1559 vidiam
489 1528 600 1568 atque
638 1519 924 1569 indignationem
965 1529 1176 1560 moverent.
1233 1522 1423 1561 Praeterea

309 1591 416 1628 etiam
449 1590 534 1629 hinc
565 1590 656 1628 mihi
693 1591 836 1629 videtur
866 1590 1033 1629 defensio
1066 1591 1144 1640 peti
1168 1602 1310 1640 posse,
1346 1603 1422 1641 qua

311 1669 527 1699 occurratur
555 1658 808 1708 accusationi,
837 1661 1010 1700 Periclem
1039 1660 1208 1700 moribus
1227 1659 1347 1700 fuisse
1370 1661 1422 1699 ita

1347 1731 1423 1771 dis·

348 1865 401 1901 (1)
425 1867 503 1895 Plut.
527 1865 558 1893 in
577 1866 647 1895 Per.
663 1867 687 1894 l.
705 1867 728 1893 1.
750 1866 844 1894 Conf.
863 1873 929 1901 cap.
950 1869 999 1900 38.
1014 1873 1049 1900 p.
1069 1872 1136 1900 ¹71·
1158 1865 1192 1895 F.
1215 1873 1263 1900 sq.

349 1921 402 1957 (2)
424 1921 520 1950 Etiam
547 1922 596 1950 hic
619 1930 636 1949 e
661 1929 751 1956 gente
770 1924 924 1958 Megaclea
950 1929 1032 1951 ortus
1056 1921 1151 1951 fuisse
1177 1921 1310 1952 videtur.
1331 1922 1420 1952 Alius

310 1978 448 2011 ejusdem
486 1978 617 2007 nominis
649 1986 832 2008 memoratur
863 1988 879 2007 a
914 1980 992 2008 Plut.
1025 1979 1058 2007 in
1090 1979 1169 2009 Cim.
1206 1987 1273 2015 cap.
1311 1983 1357 2011 ³6.
1383 1987 1417 2014 p.

309 2039 375 2072 483.
398 2036 436 2064 C.

348 2092 399 2127 (3)
421 2094 503 2122 Plut.
534 2093 565 2121 in
592 2094 659 2122 Per.
689 2101 754 2129 cap.
777 2102 806 2128 7.
835 2101 866 2128 p·
889 2099 954 2127 155.
992 2094 1077 2130 Quae
1103 2093 1184 2122 enim
1208 2101 1363 2124 narrantur
1383 2094 1419 2123 ab

309 2151 420 2179 Athe-n.
442 2151 464 2178 1.
496 2159 528 2185 p.
551 2158 580 2184 7.
604 2151 638 2179 F.
668 2150 822 2186 pertinent
849 2151 885 2178 ad
909 2150 1055 2179 Periclem
1081 2151 1216 2181 Pericliti
1238 2151 1332 2181 filium
1357 2151 1419 2183 Pit-

311 2208 410 2235 meum
438 2207 606 2242 parasitum.
629 2208 725 2237 Conf.
749 2208 820 2238 Lib.
842 2209 894 2237 VI.
917 2216 948 2243 p.
969 2217 1036 2244 234.
1060 2209 1095 2239 F.
