1523 2745
442 145 961 186 LITERARIA.
1228 160 1277 195 75

154 260 190 291 et
225 263 337 290 nemo
362 252 471 291 facile
508 254 793 293 oblectationem
838 257 931 295 hanc
975 256 1162 306 indignam
1207 261 1267 297 vel

153 321 384 361 inhonestam
426 323 568 365 dixerit,
638 327 725 363 Non
777 327 808 363 is
844 336 918 364 erat
955 327 1141 375 Pericles,
1197 330 1263 377 qui

150 389 313 429 ffiertiam
352 377 500 430 civilius
535 394 613 431 suis
650 397 948 444 commendaret,
976 399 1084 448 cujus
1113 400 1265 447 potissi-

150 471 253 499 mum
292 460 380 499 cura
419 461 558 500 factum
596 473 678 511 est,
719 474 759 502 ut
787 466 935 513 opificia
968 480 1033 515 per
1058 480 1186 507 omnes
1211 472 1262 508 ci-

149 530 249 567 vium
293 531 440 568 ordines
487 543 702 581 spargerent
740 535 953 575 felicitatem
991 537 1089 587 (1);
1146 552 1259 588 quum

149 598 222 636 hoc
259 599 330 636 sibi
375 612 591 648 persuasum
627 594 803 653 haberet,
854 608 970 646 otium
1012 611 1092 648 sine
1132 613 1263 659 agendi

147 668 274 707 studio
301 680 378 707 non
411 671 511 718 dari,
549 684 671 721 neque
709 675 848 714 civitati
886 678 1072 727 principi,
1109 682 1262 729 perinde

144 748 187 775 ac
224 739 412 788 subjectae
455 744 634 789 prodesse
672 746 844 795 dejectam
893 751 1127 789 securitatem
1166 753 1261 802 ἷζε).

146 806 252 857 Quae
274 821 388 856 quum
418 811 467 850 ita
491 813 595 861 sint,
623 815 788 863 iniquam
813 818 927 865 legem
954 819 985 856 ei
1011 832 1260 872 proponunt,

145 877 212 925 qui
241 890 319 917 non
343 880 413 918 viri
447 883 606 922 animum
636 888 859 933 attendunt,
893 890 958 926 sed
985 890 1261 939 insequentium

144 956 353 997 temporum
384 952 524 991 abusus
554 954 673 1001 primo
716 958 859 994 auctori
895 958 1090 1008 tribuunt,
1121 963 1262 1004 similes

123 1002 419 1066 'quodammodo
443 1023 507 1060 isti
533 1024 765 1075 optimatium
800 1025 968 1075 fautori,
998 1043 1106 1078 quem
1138 1034 1263 1072 omnia

142 1090 234 1128 mala
266 1089 305 1127 in
349 1091 573 1131 democratia
623 1095 668 1132 ad
716 1095 904 1135 Theseum
940 1099 1158 1140 referentem
1199 1104 1261 1141 de-

140 1158 264 1207 pingit
298 1159 585 1219 Theophrastus
610 1160 693 1215 (3).
723 1185 777 1193 —-
807 1167 891 1207 Nos
929 1171 1058 1217 potius
1083 1173 1257 1214 Periclem

140 1228 404 1278 absolvamus,
433 1230 561 1269 iisdem
594 1234 702 1280 plane
727 1234 935 1276 rationibus
962 1241 1093 1288 ducti,
1121 1243 1258 1290 quibus

143 1297 368 1338 Aristoteles
395 1302 483 1338 olim
517 1303 732 1350 popularem
759 1305 941 1345 licentiam
979 1310 1164 1350 immerito
1193 1314 1262 1352 im-

137 1369 261 1417 putari
309 1370 467 1417 Soloni,
518 1372 663 1421 egregie
698 1374 965 1415 demonstravit
999 1380 1082 1428 (4).
1158 1384 1257 1422 Coe-

136 1438 194 1486 pit
223 1442 379 1486 pecunia
411 1441 472 1479 illa
498 1451 629 1489 postea
653 1444 729 1483 dari
754 1446 799 1483 ad
825 1447 901 1485 dies
928 1447 1047 1488 festos
1079 1461 1115 1490 et
1149 1465 1256 1502 pom-

135 1518 202 1554 pas
239 1495 473 1548 celebrandas
506 1513 601 1560 (5),
631 1524 758 1552 verum
798 1526 928 1556 contra
963 1520 1112 1560 Periclis
1152 1536 1253 1563 men·

135 1584 237 1615 tem:
277 1589 297 1615 a
323 1582 395 1626 qua
431 1581 577 1629 longius
610 1584 715 1621 etiam
752 1587 906 1624 recessit
943 1589 1119 1631 Eubulus
1154 1580 1252 1644 iste,

136 1647 202 1695 qui
235 1649 353 1697 legem
380 1650 486 1697 tulit,
517 1654 616 1700 qua,
652 1654 718 1701 qui
744 1658 939 1703 pecuniam
977 1662 1187 1704 theatralem
1215 1668 1253 1706 in

136 1715 328 1754 militarem
365 1719 643 1769 convertisset,
673 1719 1038 1775 capite'plecteretur
1062 1733 1147 1783 (6).

173 1881 228 1918 (ι)
249 1883 325 1911 Plut.
346 1885 414 1913 Per.
438 1893 485 1915 12.
1277 1895 1279 1897 ’

176 1939 229 1975 (2)
251 1939 350 1969 Thuc.
372 1941 412 1970 ΙΙ.
435 1943 488 1976 65.

175 1993 231 2031 (3)
251 1996 340 2025 Char.
356 1998 425 2026 Eth·
448 1999 497 2029 26.

177 2051 228 2089 (4)
252 2052 344 2082 Arist.
362 2056 427 2084 1³01.
447 2057 483 2085 11.
509 2065 555 2087 12·

173 2113 226 2152 (5)
247 2117 414 2151 Hesychius
437 2115 570 2158 Θεωρικόι
584 2121 765 2161 χρημάπι.
790 2127 832 2156 cf.
850 2129 926 2157 Piut.
951 2131 988 2158 de
1007 2132 1114 2162 Gloria
1134 2137 1249 2167 Athen.

135 2170 171 2201 C.
190 2173 220 2200 6.
243 2186 280 2194 —
298 2175 392 2204 Isocr.
412 2178 449 2205 de
471 2181 547 2207 Pace
567 2188 618 2216 29.

174 2228 227 2266 (6)
247 2230 410 2262 Rhunken.
431 2234 520 2278 Hisn-
534 2236 678 2267 Critor.
701 2240 754 2269 Gr.
777 2248 808 2276 p.
830 2243 880 2271 66.
