1502 2767
222 236 294 273 116
441 231 1103 273 COMMENTATIO

222 343 317 392 qui,
352 354 444 391 quae
483 342 651 380 homines
689 342 780 380 male
821 342 1104 390 cogitaverant⁹
1153 340 1191 378 in
1231 336 1327 378 bona

219 412 461 452 converterit.
489 432 544 440 —
569 412 717 462 Quodsi
745 411 1016 450 Providentiam
1060 409 1232 449 Divinam
1257 421 1329 458 ag⁴

219 484 436 530 noscimus,
464 482 663 529 omniaque
677 482 721 519 ad
746 481 856 519 finem
879 481 1037 529 aliquem
1071 481 1219 518 tendere
1241 489 1330 516 con-

221 553 400 602 spicimus
417 580 429 600 ,
446 562 569 589 nonne
585 552 692 589 etiam
720 551 765 588 de
789 551 888 589 bello
914 562 1136 600 auguramur
1150 577 1164 597 ,
1181 550 1299 588 Deum
1314 575 1328 594 ‚

221 623 287 670 qui
315 623 368 660 nil
405 630 549 670 praeter
573 623 801 659 voluntatem
839 620 1046 668 permittit,
1082 631 1152 669 pro
1187 627 1331 657 summa

220 703 287 730 sua
324 691 503 740 sapientia
538 690 749 737 facturum,
777 698 820 728 ut
852 699 888 729 et
921 691 993 728 hoc
1019 701 1172 738 quoque
1194 689 1330 726 malum

221 761 384 801 consilio
409 762 630 809 respondeat
656 772 725 799 suo
752 759 857 808 (ιγ.)
884 760 955 798 Fac
969 761 1122 808 insuper
1147 769 1218 796 nos
1250 756 1336 795 ubi-

222 845 294 881 que
329 832 438 871 finem
471 832 577 869 illum
608 842 687 868 non
719 830 1031 876 animadvertere,
1057 839 1183 867 nonne
1204 839 1334 875 quem?-

221 903 279 940 vis
301 903 433 950 decet,
459 901 494 939 si
518 902 589 939 alia
612 900 736 938 omnia
768 900 962 939 hominum
999 898 1112 937 saluti
1149 898 1332 946 inservire

220 972 348 1018 videt,
376 983 593 1021 persuasum
626 971 700 1010 sibi
739 970 893 1018 habere,
935 970 1035 1008 bello
1073 980 1226 1018 quoque
1259 966 1330 1007 Dei

221 1042 376 1081 consilia
417 1040 609 1079 obtineri?
1320 1042 1324 1044 ’

277 1111 425 1162 Quodsi
437 1113 510 1161 Jam
527 1112 693 1160 gentium
710 1111 901 1149 historiam
915 1112 1047 1161 (quam
1062 1110 1245 1148 bellorum
1258 1108 1334 1146 his·

223 1181 353 1219 teriam
373 1180 449 1219 fere
468 1180 628 1228 dixeris)
650 1180 926 1219 consideremus
941 1209 954 1228 ,
972 1181 1110 1219 bellum
1131 1191 1212 1218 esse
1235 1189 1337 1217 com-

222 1251 386 1298 perimus
404 1279 417 1296 ,
445 1262 523 1298 quo
554 1250 724 1288 homines
746 1263 813 1298 per
833 1251 960 1288 orbem
986 1258 1161 1288 terrarum
1191 1250 1334 1298 disper—

225 1322 256 1358 si
281 1330 317 1359 et
352 1332 429 1368 quo
463 1320 634 1358 civitates
661 1319 835 1359 fundatae
862 1320 963 1367 sint3
993 1321 1097 1367 quod
1121 1319 1238 1357 totius
1274 1329 1339 1366 ge<-

220 1391 318 1428 neris
366 1391 535 1428 humani*
558 1390 812 1429 conditionem
856 1389 1170 1436 commutaverit,
1203 1398 1333 1438 gentes

222 1460 431 1498 debilitatas
451 1459 632 1499 fortiores
660 1459 885 1507 reddiderit,
912 1462 1034 1508 lapsas
1068 1461 1250 1508 erexerit,
1279 1461 1338 1510 ig-

222 1540 330 1568 notas
359 1533 474 1569 claras
513 1531 671 1578 fecerit,
718 1531 1004 1580 pauperioribus
1042 1543 1164 1571 novos
1201 1532 1333 1571 salutis

221 1601 347 1639 fontes
396 1601 613 1650 aperueritg.
651 1602 818 1650 bellum,
866 1612 969 1650 quo,
1018 1602 1162 1639 tonitru
1198 1601 1334 1641 instara
1382 1604 1385 1605 ⁷

218 1675 338 1711 aerem
375 1672 569 1720 purgantis
591 1700 604 1719 ,
643 1673 776 1721 populi
814 1684 835 1710 e
883 1683 1016 1710 somno
1058 1673 1161 1710 velut
1203 1673 1336 1712 moraii

221 1743 297 1780 sint
323 1743 471 1780 excitati
491 1771 504 1789 ,
530 1751 574 1781 >ut
601 1743 732 1781 virium
758 1754 906 1780 suarum
933 1742 1098 1789 conscii,
1128 1742 1219 1790 quid
1239 1743 1337 1781 vale-

222 1821 328 1859 rent,
359 1813 640 1862 perspicerent3
682 1814 785 1860 quod
814 1812 1077 1850 humanitatem
1109 1824 1175 1860 per
1203 1812 1334 1850 orbem

222 1893 399 1921 terrarum
445 1882 663 1930 disperserit
681 1910 694 1929 ,
735 1884 902 1930 populos
940 1882 1144 1920 excoluerit
1167 1895 1180 1930 3
1228 1891 1337 1921 ,ante-

220 1965 328 2000 quam
354 1952 536 1999 iniretur·⁹
553 1952 724 1990 homines
749 1952 865 1990 varias
889 1952 1041 1990 virtutis
1065 1951 1208 2001 species
1231 1949 1335 1990 exeri

218 2034 326 2070 cere,
354 2031 392 2060 et
413 2024 499 2060 dum
523 2031 732 2070 gereretur,
781 2009 932 2067 moralia
965 2022 1087 2060 studia
1112 2031 1149 2060 et
1182 2017 1330 2062 sensum

220 2092 435 2141 religiosum
471 2092 630 2131 excitare
653 2099 690 2129 et
725 2090 944 2136 confirmare
972 2092 1155 2141 J'usserit3
1193 2092 1332 2134 bellum

219 2174 300 2201 esse
316 2191 324 2205 7
341 2163 443 2211 quod
455 2161 595 2201 Patriae
608 2173 767 2201 amorem
785 2161 1059 2209 ,fortitudinem
1075 2192 1088 2212 ‚
1108 2162 1221 2201 animi
1240 2175 1332 2202 con-

1235 2227 1337 2274 stan-

259 2316 308 2354 (r)
336 2318 487 2351 Legantur
506 2318 554 2344 hic
572 2317 681 2353 Briefe
701 2318 777 2345 iiber
791 2319 845 2347 den
874 2317 981 2352 Krteg.
1000 2316 1103 2346 Ber01.
1129 2321 1212 2353 1778.
1239 2320 1285 2348 Bt.
1305 2327 1333 2348 ι.
