1477 2725
286 200 1225 252 ossSERVAT10NEs-1w

119 309 211 357 quin
252 309 359 349 etiam
397 310 638 358 Niceratum,
689 310 819 349 Niciae
854 311 999 358 filium,
1039 311 1224 350 Musicam

117 377 246 417 docuit
282 379 365 428 (ι).
417 380 518 418 Haec
549 380 662 428 igitur
695 380 824 418 leviter
859 382 1095 419 adumbrasse
1123 380 1224 418 suffi-

115 448 214 497 ciat3
254 448 349 486 infra
389 449 649 497 opportunitas
694 449 806 487 nobis
850 461 928 487 non
973 449 1088 487 deerit
1114 460 1224 497 agen-

115 517 154 556 di
202 517 247 555 de
289 516 439 555 Periclis
475 517 732 555 humaniorum
773 518 1008 556 scientiarum
1055 517 1220 562 studiis,

115 586 237 635 deque
271 586 345 624 illis
370 586 608 635 hominibus,
648 588 713 635 qui
747 587 780 625 ei
806 588 921 625 veluti
954 587 1066 625 duces
1102 587 1217 624 comi·

115 664 248 705 tesque
270 656 337 695 hac
368 656 408 694 in
433 668 473 694 re
498 657 713 696 adfuerunt.

165 775 254 815 Obs.
280 776 352 815 VI.
380 776 565 816 Aristides
591 787 761 816 mortuus
789 785 846 815 est
877 786 1010 826 quarto
1048 776 1126 816 fere
1158 788 1220 816 an-

113 854 166 883 no
193 854 282 894 post
313 847 481 885 exsilium
519 848 789 896 Themistoclis,
817 848 874 885 uti
900 857 1076 886 memorat
1099 849 1218 886 Corn.

113 913 246 963 Nepos
267 915 350 965 (2).
381 916 506 966 Quum
527 925 654 954 autem·
671 917 864 954 Diodorus
884 918 952 967 (3)
977 917 1073 955 dicat
1088 946 1101 964 ‚
1119 916 1219 954 The-

112 983 319 1023 mistoclem
344 986 503 1024 Athenis
529 989 725 1034 expulsum
751 986 869 1025 fuisse
893 988 1087 1026 Archonte
1099 988 1221 1026 Praxi-

112 1064 233 1102 ergo,
273 1053 430 1103 olymp.
455 1057 649 1098 LXXVII.
695 1070 764 1104 2.‚
797 1057 979 1095 Aristides
1017 1058 1219 1095 secundum

111 1122 207 1160 hanc
248 1126 561 1172 computationem
615 1138 694 1163 non
738 1137 821 1164 ante
879 1139 1013 1165 annum
1061 1127 1220 1176 primum

112 1191 269 1240 Olymp.
314 1193 532 1243 LXXVIII,
566 1195 661 1233 diem
708 1196 812 1234 obire
856 1198 1043 1245 potuisset
1090 1209 1221 1246 supre-

110 1273 242 1310 mum3
279 1264 345 1301 sed
387 1275 427 1301 ea
467 1273 634 1313 pugnant
670 1277 799 1303 contra
836 1267 1023 1305 Plutarchi
1054 1267 1222 1305 testimo·

109 1332 238 1380 nium,
277 1333 456 1372 dicentis:
504 1335 703 1382 Periclem,
733 1336 910 1374 defuncto
944 1338 1016 1386 jam
1057 1337 1222 1374 Aristide

108 1403 155 1441 ad
178 1388 687 1452 rempublicamsaccessisse.
719 1406 828 1444 Varia
856 1406 970 1454 igitur
991 1406 1222 1453 excogitave-

107 1481 197 1511 runt
222 1473 315 1513 VV.
344 1474 431 1512 DD.
464 1475 600 1522 quibus
629 1475 738 1512 istum
779 1476 988 1514 dissensum
1020 1477 1220 1524 tollerent}

107 1551 151 1581 ut
177 1555 216 1585 v,
243 1555 278 1583 c.
319 1552 554 1590 statuerent,
591 1545 792 1583 Aristidem
827 1547 893 1584 illo
929 1558 1027 1585 anno
1063 1546 1223 1585 fortasse

109 1613 272 1653 Athenis
307 1612 473 1651 abfuisse
497 1615 581 1667 (4).
612 1615 737 1653 Possit
764 1625 883 1653 autem
911 1617 1000 1653 haec
1028 1616 1157 1665 opinio
1178 1616 1221 1666 ‘in

110 1682 170 1720 sui
203 1681 458 1721 defensionem
504 1695 636 1721 vocare
673 1693 837 1722 veterum
876 1685 1039 1724 diversas
1075 1686 1222 1735 opinio-

109 1762 203 1799 nes,
241 1753 286 1791 de
327 1753 413 1790 loco
456 1741 533 1801 quo
572 1763 743 1792 mortuus
783 1755 832 1802 si:
857 1755 1067 1804 Aristides3
1095 1768 1223 1805 quam-

111 1833 220 1869 quam
269 1822 509 1860 verisimilior
553 1824 645 1860 mihi
694 1824 843 1862 videtur
875 1826 1080 1874 sententia,
1138 1837 1221 1865 eum

109 1891 270 1930 Athenis
304 1892 378 1930 vita
415 1893 621 1931 decessisse
667 1896 749 1944 (5).
801 1895 959 1934 Facilior
992 1895 1105 1946 igitur
1134 1897 1225 1934 mihi

1168 1967 1224 2011 vi.

145 2043 201 2082 (ι)
218 2045 291 2074 Plat.
312 2046 406 2076 Lach.
428 2054 494 2082 cap.
518 2056 545 2082 3·
563 2055 595 2083 p.
621 2050 687 2077 180.
707 2048 743 2077 C.

148 2100 204 2140 (2)
223 2103 257 2130 In
278 2103 403 2138 Aristid.
421 2112 487 2140 cap.
505 2111 534 2138 z.
553 2111 631 2133 extr.

147 2158 202 2197 (3)
223 2159 290 2189 Lib.
309 2161 451 2203 xl.·cap.
474 2168 522 2195 53.

149 2215 204 2254 (4)
223 2216 319 2246 Clint.
335 2219 372 2246 ad
384 2226 415 2247 a.
433 2222 470 2248 A.
480 2219 518 2248 C.
540 2219 609 2256 468.

153 2272 205 2311 (s)
227 2275 304 2305 Plut.
321 2274 352 2303 in
368 2275 496 2306 Aristid.
515 2285 579 2314 cap.
599 2280 647 2308 26.
667 2286 696 2313 p.
714 2285 780 2316 334·
806 2286 848 2313 sq.
