1507 2876
1229 159 1289 189 XI

232 271 551 316 Mechanicam
583 266 866 320 analyticam
912 263 967 305 R.
986 275 1091 306 VAN
1110 258 1260 304 REES
1278 290 1291 309 ‚

174 341 323 387 diebus
348 340 491 391 lunae,
519 335 690 389 martis,
715 334 819 379 iovis
839 341 880 378 et
900 332 1081 385 veneris,
1111 330 1218 375 hora
1234 331 1287 376 X.

231 420 484 474 Physicam
504 415 906 470 experimentalem
921 411 972 454 G.
985 409 1148 454 MOLL
1163 440 1175 461 ‚
1198 408 1290 452 die-

174 490 254 534 bus
280 489 418 540 lunae,
450 484 615 537 martis,
647 483 752 528 iovis
783 490 822 526 et
846 481 1031 534 veneris,
1062 480 1168 523 hora
1196 479 1230 523 I.

227 566 554 610 Astronomiae
581 564 769 619 primas
805 561 992 602 notitias
1033 555 1288 609 G.MOLL‚

174 636 322 680 diebus
348 635 493 687 lunae,
541 631 715 685 martis,
757 629 861 674 iovis
899 636 939 673 et
974 628 1162 680 veneris,
1205 627 1289 670 ho-

173 722 222 751 ra
245 707 317 751 IX.
348 705 412 750 vel
439 705 541 757 alia,
572 701 831 747 auditoribus
861 700 992 758 magis
1023 698 1259 742 commoda.

230 783 579 825 Astronomiam
616 779 914 821 theoreticam
950 785 994 819 et
1027 778 1288 832 practicam

173 852 425 905 G.MOLL‚
453 850 600 895 iisdem
627 848 799 901 diebus,
829 847 936 890 hora
959 846 1035 890 Ill.

229 932 473 973 Elementa
504 927 907 983 Hydroteclzniae‚
939 923 993 968 ad
1026 930 1290 982 praesentem

175 999 457 1044 conditionem
502 998 667 1042 Patriae
706 996 941 1055 adplicata,
1000 994 1035 1039 si
1080 994 1290 1038 sufficiens

172 1085 368 1115 numerus
411 1069 648 1113 auditorum
689 1067 823 1121 adsit,
869 1065 1032 1125 belgico
1076 1081 1288 1117 sermone,

174 1149 355 1202 exponet
384 1142 435 1186 G.
451 1140 613 1186 MOLL
630 1172 641 1193 ‚
687 1139 793 1184 hora
824 1138 1020 1196 deinceps
1048 1137 1287 1181 indicanda.

226 1222 468 1282 'Clzemiam
490 1221 755 1275 generalem
785 1225 829 1258 et
853 1219 1141 1272 applicatam
1174 1215 1226 1259 N.
1242 1214 1289 1259 C.

173 1306 237 1336 DE
251 1289 561 1343 FREMERY,
610 1288 755 1332 diebus
787 1287 929 1338 lunae,
971 1285 1143 1339 martis,
1173 1300 1291 1330 mer-

174 1361 302 1415 curii,
331 1361 434 1406 iovis
462 1367 504 1404 et
533 1359 722 1413 veneris,
754 1358 860 1402 hora
878 1357 975 1402 XII.
1143 1378 1146 1381 Δ

233 1441 466 1482 Chemiam
509 1439 689 1481 artibus
730 1437 985 1479 adhibitam
1038 1436 1086 1481 P.
1103 1434 1191 1479 J01.
1223 1450 1287 1478 DE

172 1508 486 1569 FREMERY,
517 1508 664 1552 diebus
701 1506 848 1552 martis
882 1507 989 1550 hora
1029 1503 1290 1565 pomeridia-

173 1595 229 1625 na
258 1580 459 1625 VI—VIII.

230 1658 312 1710 Iis,
345 1658 416 1715 qui
446 1655 708 1701 instituendis
739 1653 1053 1714 operationibus
1091 1653 1287 1698 chemicis

172 1743 348 1789 operam
405 1728 505 1772 dare
553 1727 750 1786 cupiunt,
807 1725 991 1785 praeerit
1039 1725 1087 1768 P.
1101 1724 1140 1769 J.
1158 1725 1191 1769 I.
1221 1740 1286 1768 nn

165 1799 485 1858 ‘FREMERL
517 1799 584 1843 die
613 1798 796 1850 saturni,
827 1797 934 1841 hora
964 1796 1024 1840 IX
1050 1796 1108 1840 ad
1141 1787 1216 1840 XI.

229 1881 504 1921 Botanicam
546 1885 591 1919 et
629 1878 981 1933 Physiologiam
1016 1878 1290 1931 plantarum

171 1947 400 2001 LKOPS,
437 1947 591 1992 diebus
631 1947 779 2001 lunae,
807 1945 977 2000 martis,
1017 1945 1122 1990 iovis
1148 1953 1190 1991 et
1214 1960 1290 1990 ve-

171 2019 283 2063 neris
301 2051 313 2072 ,
343 2018 450 2062 hora
469 2018 519 2063 X.

229 2098 502 2139 Botanicam
532 2097 798 2139 Historiam
829 2098 1107 2152 plantarum
1140 2094 1288 2139 medi-

174 2170 391 2224 cinalium
433 2177 477 2211 et
514 2170 900 2211 oeconomicarum
943 2167 1289 2212 C.A.BERGS-

174 2239 285 2294 MA,
316 2239 461 2285 diebus
486 2240 606 2285 lunae
638 2247 680 2284 et
703 2239 888 2294 veneris,
920 2239 1026 2284 hora
1042 2239 1117 2286 IX.
1149 2299 1200 2341 Α

1202 2312 1287 2342 Πίῐ-
