1502 2767
283 180 357 216 140
482 168 1142 208 COMMENTATIO

326 316 436 354 Tales
452 315 592 364 imperii
613 317 752 355 formae
769 317 861 355 bella
875 315 1017 354 interna
1037 315 1199 355 excitent
1215 344 1228 364 ,
1256 328 1377 366 popu-

274 398 316 424 os
331 387 498 425 crudeles
515 386 667 424 reddant
689 414 701 433 ‚
715 398 855 435 eosque
871 385 1210 424 omnihumanitate
1225 395 1378 434 exuant,

273 467 425 495 necesse
439 464 509 494 est.
525 482 582 491 —
596 456 745 506 Quodsi
758 458 850 506 leges
885 456 1048 494 attendas
1064 484 1077 502 ‚
1105 455 1242 503 quibus
1264 456 1378 493 Vete-

264 538 326 564 ¹res
352 526 581 574 gaudebant,
597 526 691 563 idem
717 537 872 574 prorsus
896 527 933 563 in
960 526 1004 565 iis
1027 525 1187 563 obtinet.
1224 525 1315 562 Non
1338 524 1375 562 id

268 595 411 643 legibus
430 596 652 641 curabatur,
680 605 721 632 ut
746 596 910 634 omnium
931 597 1030 633 salus
1061 602 1373 644 promoveretur,

266 663 405 713 ingenii
436 666 559 703 cultus
597 674 631 703 et
667 666 761 704 ratio
797 665 988 704 hominum
1014 665 1166 703 moralis
1195 665 1381 703 excolere-

264 744 346 781 tur,
363 737 426 778 sed
449 746 495 773 ne
515 735 691 784 publicus
726 735 819 772 ordo
840 735 1076 781 turbaretur,
1092 734 1203 771 simul
1225 743 1266 772 ut
1284 745 1379 782 non,

269 805 376 844 unice
394 805 561 843 homines
581 805 670 852 ,sed
695 805 787 846 adeo
800 804 901 842 cives
918 833 931 852 ‚
956 804 1038 842 sive
1061 800 1197 841 milites
1224 803 1324 842 saevi
1344 811 1381 841 et

269 884 432 923 agrestes
447 875 657 912 evaderent.
688 875 899 915 Secundum
915 875 982 912 has
1005 884 1135 913 omnes
1150 868 1247 911 arma
1261 873 1384 912 accin-

267 954 353 991 gere
369 943 594 992 jubebantur
611 971 624 990 ,
655 955 731 992 quo
757 954 834 981 non
865 952 1009 992 poterat
1021 954 1098 981 non
1120 943 1246 999 odium
1260 943 1382 981 natio·

271 1013 351 1050 nale
377 1012 508 1061 (q-d.)
525 1013 804 1060 quammaxime
825 1013 966 1050 incitari
980 1012 1067 1062 (1).
1080 1013 1379 1065 Aegyptiorum,

271 1082 498 1120 Graecorum
515 1111 528 1129 ‚
544 1084 806 1131 Spartanorum
822 1082 993 1131 inprimis
1006 1083 1075 1131 (α)
1090 1110 1102 1129 ,
1115 1081 1309 1121 duodecim
1323 1090 1381 1119 ta·

270 1151 438 1190 bularum
450 1152 570 1201 Leges
588 1152 658 1202 (3)
673 1152 707 1190 id
728 1153 816 1190 satis
833 1151 1007 1200 probant.
1030 1153 1136 1190 Hanc
1147 1163 1236 1189 vero
1248 1151 1381 1190 civita·

272 1220 387 1267 tes,in
401 1221 540 1268 quibus
549 1221 703 1258 maxima
715 1220 905 1260 hominum
917 1233 1000 1270 pars
1010 1221 1201 1268 (mulieres
1212 1229 1248 1258 et
1263 1221 1382 1270 servi)

274 1291 386 1330 nullis
409 1292 542 1339 gaudet
563 1290 710 1339 juribus
725 1299 761 1327 et
778 1290 822 1327 ad
847 1303 904 1328 res
925 1290 1108 1337 refertur3
1126 1289 1190 1338 ubi
1204 1289 1293 1327 viris
1308 1293 1378 1341 (4)

279 1361 402 1398 omnis
426 1372 578 1398 suorum
594 1369 760 1408 potestas
788 1359 1007 1402 conceditur
1021 1387 1034 1406 ‚
1054 1359 1278 1397 constabunt
1290 1359 1383 1397 civi-

281 1432 351 1468 bus
365 1458 376 1477 ,
392 1441 535 1468 morum
553 1430 775 1471 humanitate
785 1429 1028 1478 conspicuos,
1042 1428 1144 1478 pacis
1156 1415 1348 1468 'studiosos
1362 1431 1379 1468 2

1317 1502 1379 1538 An

310 1563 362 1600 (1)
383 1563 453 1592 vid.
484 1562 706 1592 Tittmann.
730 1565 796 1592 1.1.
824 1571 889 1598 pag.
915 1568 964 1594 68.
992 1573 1059 1599 sqq.
1079 1572 1110 1593 et
1135 1569 1184 1600 83.
1200 1572 1267 1600 sqq.
1293 1568 1385 1594 Por-⁷

268 1627 283 1649 t
294 1629 308 1649 e
320 1629 359 1649 us
370 1641 380 1656 ‚
401 1630 432 1656 p.
452 1622 559 1654 6—36.
576 1629 625 1658 44.
648 1629 714 1655 sqq.
738 1621 789 1649 Re
804 1620 915 1649 inhar
926 1622 943 1649 d
955 1641 964 1656 ‚
988 1622 1069 1650 Plan
1082 1632 1151 1651 ναιι,
1162 1623 1217 1651 den
1240 1623 1380 1650 Stichtee

271 1678 322 1706 dee
348 1678 594 1713 Christendams,
616 1686 646 1712 p·
669 1686 735 1714 2¹9.
1170 1686 1173 1687 ’

309 1736 364 1774 (α)
387 1737 460 1771 Leg.
491 1745 564 1764 van
595 1737 683 1764 Ram
699 1744 774 1770 pen
800 1735 831 1764 iu
864 1737 1026 1765 Commene.
1057 1739 1114 1777 cnse.
1138 1746 1208 1773 pag.
1237 1741 1287 1774 67.
1315 1746 1381 1775 sqq.

272 1793 419 1827 Educatio
443 1793 629 1827 liberorum,
657 1793 763 1827 agendi
789 1793 864 1821 ratio
889 1800 956 1821 cum
983 1793 1126 1829 Helotis‚
1144 1802 1316 1830 {puerorum
1352 1804 1382 1826 et

272 1853 439 1888 puellarum
456 1849 608 1878 institutio
629 1850 699 1878 saris
720 1857 804 1879 nota.

310 1908 363 1946 (3)
384 1908 473 1943 Quod
490 1907 580 1934 etiam
597 1908 634 1934 de
661 1906 786 1941 reliquis
802 1906 917 1941 legibus
938 1906 998 1934 dici
1020 1913 1135 1942 potest.
1159 1907 1224 1937 cfr.
1245 1912 1275 1938 s.
1297 1911 1384 1938 Gra·

274 1973 285 1993 t
298 1972 350 1992 am
361 1972 376 1992 a
387 1984 396 1999 ,
416 1963 445 1991 iu
458 1965 541 1992 Orat.
555 1964 601 1990 De
614 1972 683 1990 seru
693 1982 704 1996 ,
717 1972 770 1990 nec
782 1964 1066 1999 multumprovecta
1076 1983 1086 1999 ‚
1101 1965 1260 2000 Quiritum
1279 1967 1384 1994 Imma·

275 2024 398 2056 nitate,
418 2028 480 2048 tum
515 2030 547 2047 m
567 2021 662 2054 aliis,
680 2027 742 2047 tum
765 2021 893 2047 maxime
913 2021 946 2047 in
971 2022 1069 2057 legum
1093 2023 1292 2050 monumentis
1312 2030 1384 2058 per·

271 2079 389 2114 spn’cua.

311 2135 366 2172 (4)
388 2135 454 2162 Cfr.
477 2132 742 2167 Heium-cius,
764 2133 968 2169 Antiquitat.
999 2135 1129 2163 Roman.
1154 2134 1381 2170 Jnrispruden-

277 2193 354 2220 riam
374 2192 494 2217 illustr.
525 2189 815 2225 Unusquisque,me
836 2190 928 2219 etiam*
950 2198 1012 2218 non
1029 2197 1192 2227 monente,
1213 2190 1263 2220 hic
1280 2193 1383 2221 memi-

276 2248 354 2277 nerit
378 2247 499 2276 Yabium
519 2246 697 2282 Eburnium,
722 2245 860 2275 5caurum
885 2255 914 2276 et
935 2247 1085 2276 Fulvium.
