1564 2750
332 182 406 219 144
467 167 1285 209 COMM.L‹1TERAR1A.

332 280 481 317 ineunte
520 289 606 316 vere
656 285 808 317 coactos
847 277 967 316 fuisse
1002 277 1120 326 fame,
1170 286 1213 316 ut
1250 288 1295 317 ex
1340 277 1436 316 urbe

329 348 532 398 effugerent
561 347 645 396 (1).
698 347 944 386 Athenienses
983 358 1046 385 eos
1082 347 1239 386 insecuti
1275 348 1438 386 nonnul·

328 420 386 457 los
439 419 612 457 occidunt
630 447 643 466 ,
706 425 880 464 ceteros,
936 417 1031 455 inter
1084 428 1180 464 quos
1228 417 1435 455 Praetorem

326 488 599 535 Arctayctum,
663 485 812 524 vinctos
872 485 1019 524 Sestum
1083 486 1300 533 reducunt3
1364 483 1439 522 ibi·

327 567 401 604 que
435 557 658 603 Arctayctus
691 555 740 593 ob
770 555 923 603 impium
956 553 1128 602 facinus,
1155 555 1259 602 quod
1277 554 1316 593 in
1343 554 1437 594 Pro-

325 624 444 663 tesilai
472 623 598 662 fanum
632 625 824 672 ediderat,
864 625 901 662 in
935 635 1080 662 crucem
1123 633 1229 662 actus
1258 632 1337 672 est;
1374 622 1434 662 his

325 694 486 744 peractis
518 695 668 732 domum
703 694 889 732 redierunt
915 693 1001 745 (2).
1055 695 1196 743 Magno
1234 702 1365 743 postea
1394 694 1435 732 in

325 765 470 802 honore
490 764 563 802 fuit
580 764 819 812 Xanthippus
844 764 943 812 apud
955 763 1202 802 Athenienses
1224 764 1317 814 (3);
1335 764 1438 811 quod

326 833 483 872 maxime
521 834 717 883 apparuit,
757 845 872 882 quum
910 834 1188 872 Themistocles
1229 834 1275 872 de
1308 834 1435 873 Piraeo

325 904 527 942 muniendo
571 903 726 942 consilia
768 903 933 952 agitans,
985 915 1109 944 coram
1144 904 1288 952 Populo
1325 903 1442 943 dixis-

327 982 410 1021 set,
449 985 532 1012 sese
577 985 787 1022 magnarum
823 974 1124 1022 reipublicaeque
1159 973 1438 1025 utilissimarum

325 1054 446 1081 rerum
471 1046 720 1082 consultorem
747 1052 784 1082 et
805 1052 993 1082 auctorem
1023 1043 1175 1091 venire,
1203 1053 1295 1092 quas
1315 1050 1439 1081 autem

325 1113 507 1161 divulgari
544 1125 621 1152 non
655 1114 829 1163 expedire
854 1113 1116 1152 contendebat.
1189 1112 1440 1160 Designarunt

327 1182 420 1221 enim
446 1191 534 1221 tunc
552 1184 754 1222 Aristidem
775 1184 1108 1232 Xanthippumque
1122 1211 1135 1230 ,
1162 1187 1201 1224 οὐ
1230 1184 1331 1230 μόνον
1352 1178 1438 1220 κατ’

326 1255 454 1302 ἀρετὴν
475 1254 657 1301 προκρίνας
685 1253 722 1300 (ὅ
736 1253 866 1301 δῆμος)
892 1254 1019 1297 αὐτούς
1033 1282 1044 1297 ,
1071 1253 1176 1292 ἀλλὰ
1192 1251 1252 1291 καὶ
1274 1252 1358 1300 πρὸς
1376 1252 1438 1291 τὸν

327 1324 578 1370 Θεμιστοκλέα
620 1323 762 1366 τούτους
801 1324 880 1371 δρῶν
921 1322 1190 1370 ἁμιλλωμένους
1223 1320 1301 1369 περὶ
1335 1319 1436 1367 δόξης

330 1393 390 1432 καὶ
416 1394 592 1441 πρωτείων
608 1420 623 1439 ,
648 1393 707 1432 καὶ
733 1393 792 1432 διὰ
816 1395 919 1432 τοῦτο
955 1392 1149 1440 ἀλλοτρίως
1174 1390 1326 1439 ἔχοντας
1356 1390 1441 1438 πρὸς

327 1461 434 1502 αὐτόν
461 1460 547 1508 (4).
600 1461 634 1499 Ε
664 1471 740 1509 quo
770 1462 855 1498 loco
885 1460 1096 1508 colligitur,
1125 1457 1382 1506 Xanthippum
1402 1456 1441 1494 in

328 1531 568 1567 contentione
630 1530 830 1568 Aristidem
889 1529 985 1568 inter
1033 1537 1070 1566 et
1119 1527 1441 1574 Themistoclem,

327 1600 466 1647 prioris
503 1600 670 1650 partibus
709 1598 872 1648 favisse3
910 1599 1022 1647 idque
1058 1598 1210 1646 insuper
1231 1607 1276 1635 eo
1306 1595 1443 1634 confir-

331 1677 479 1717 matur,
513 1670 643 1717 quod,
666 1677 708 1707 ut
733 1681 846 1718 supra
876 1669 949 1718 jam
970 1668 1072 1715 dixi,
1100 1666 1259 1706 Aristidi
1285 1665 1324 1704 in
1346 1665 1444 1714 lega·

330 1741 435 1777 tione
489 1741 630 1788 collega
677 1739 780 1786 fuit,
833 1738 1081 1777 Themistocli
1126 1736 1282 1786 imperio
1328 1735 1443 1773 desti-

330 1817 414 1847 tuto
454 1809 648 1848 successit.
727 1809 901 1857 Denique
936 1820 956 1847 e
990 1808 1198 1857 fragmento
1242 1817 1288 1844 ex
1328 1805 1447 1844 Hera-

1381 1874 1448 1913 cli·

372 1967 425 2003 (1)
445 1969 563 1997 Herod.
585 1969 638 1997 IX.
660 1977 726 2004 cap.
749 1975 816 2006 114.
839 1976 906 2004 sqq.
927 1982 965 1990 —
985 1968 1084 1997 Thuc.
1104 1968 1131 1997 1.
1155 1974 1222 2002 cap.
1240 1971 1289 2002 89.

372 2024 424 2062 (α)
445 2026 562 2055 Herod.
584 2027 635 2054 IX.
650 2034 716 2061 cap.
738 2034 803 2062 1¹9·
826 2034 891 2061 sqq.
912 2025 1004 2054 Conf.
1026 2025 1093 2053 vn.
1111 2031 1178 2058 cap.
1198 2029 1245 2058 33.

373 2082 425 2120 (3)
441 2080 529 2111 'Inter
550 2082 731 2118 praecipuos
756 2083 958 2111 Athenienses
981 2088 1170 2110 enumeratur
1196 2088 1212 2108 a
1230 2077 1445 2107 Timocreonte

338 2138 484 2174 comico,
506 2138 536 2167 in
558 2138 747 2175 fragmento,
769 2141 851 2175 quod
870 2145 966 2168 exstat
983 2139 1063 2174 apud
1078 2138 1156 2169 Plut.
1170 2137 1202 2165 in
1219 2136 1330 2165 Them.
1347 2142 1376 2164 c.
1395 2140 1443 2164 2!-

334 2203 368 2230 p.
409 2203 474 2225 122.

375 2251 430 2290 (4)
452 2252 544 2283 Diod.
563 2251 623 2282 Sic.
644 2253 692 2283 XI.
712 2259 779 2288 cap.
800 2260 849 2287 42-

1558 2142 1564 2152 Α

1555 2153 1558 2165 Ι

1554 2207 1557 2217 i

1554 2223 1556 2231 ι

1548 2516 1557 2582 ·-*—=

1545 2597 1556 2750 ⁴--·—-=-
