1523 2745
369 202 1126 251 OBSERVATI'ONES.
1233 218 1303 263 187

195 301 335 342 fuerint
358 307 616 348 condemnati:
669 313 997 361 undesequitur,
1053 316 1211 363 aliquem
1256 319 1308 356 ci-

193 373 298 413 vium
323 387 478 415 numero
505 380 614 418 eximi
647 382 842 431 potuisse,
869 384 955 422 licet
982 387 1145 424 nonduin
1174 399 1305 425 servus

198 447 482 486 venumdaretur
508 449 593 499 (ι).

248 535 335 575 obs.
362 537 486 576 XXV.
525 538 659 588 Longe
693 540 798 579 aliter
837 542 1089 591 Sybaritarum
1125 545 1311 583 calamita·

193 611 250 642 tes
278 617 318 643 ac
346 605 574 645 Thuriorum
609 610 715 658 origo
749 623 767 648 a
802 613 983 651 Strabone
1010 615 1078 665 (α)
1117 627 1310 664 exponun-

193 681 281 722 tur3
335 677 451 726 major
497 689 617 716 tamen
651 681 717 719 hac
755 681 793 719 in
830 695 868 720 re
906 683 996 722 fides
1043 685 1209 724 habenda
1251 695 1308 724 est

191 743 397 793 Diodoro,
436 748 544 796 cujus
576 751 717 798 quippe
751 752 932 799 historia,
972 755 1003 793 si
1040 767 1156 803 ponas
1196 757 1310 794 Calli-

192 814 324 852 macho
355 817 549 856 Archonte
582 821 723 868 legatos
754 822 791 859 in
818 823 1007 862 Graeciam
1042 827 1213 873 venisse,
1241 839 1307 864 co-

190 882 302 922 lonos
324 897 413 923 vero
439 888 618 927 Praxitele
648 891 841 930 Archonte
878 893 1070 942 profectos
1099 908 1208 944 esse,
1238 909 1308 946 op·

190 952 279 992 time
315 968 398 994 cum
443 966 649 998 ceterorum
693 963 916 1011 scriptorum
952 966 1175 1004 testimoniis
1216 979 1307 1005 con·

191 1025 309 1065 venit.
370 1027 496 1076 Hujus
544 1031 713 1069 coloniae
752 1034 828 1071 dux
863 1034 936 1072 fuit
973 1035 1118 1084 Hiero,
1169 1037 1301 1074 Niciae

189 1092 379 1133 familiaris
430 1097 524 1146 (3),
591 1102 675 1147 vel,
726 1099 767 1139 ut
822 1104 882 1141 alii
933 1107 1092 1153 volunt,
1157 1107 1302 1155 Lampo

188 1172 324 1212 vates,
380 1166 424 1203 de
477 1180 551 1215 quo
590 1170 660 1217 jam
713 1160 830 1219 vsupra
881 1174 1066 1222 vidimus,
1122 1185 1300 1222 quantum

189 1232 320 1271 Pericli
360 1235 490 1273 faverit
528 1247 730 1286 gratusque
771 1241 884 1279 fuerit
923 1243 1006 1290 (4).
1073 1245 1198 1283 Fuerit
1225 1245 1303 1283 for-

189 1310 289 1341 tasse
309 1303 426 1342 Hiero
454 1306 506 1343 rei
533 1307 702 1346 militaris
729 1310 890 1358 arbiter,
918 1313 1064 1361 Lampo
1089 1315 1215 1352 civiles
1243 1327 1300 1354 res

189 1374 403 1413 moderatus
427 1375 491 1414 sit.
544 1377 705 1416 Constat
736 1389 835 1418 celte
866 1382 1068 1432 Periclem,
1095 1385 1301 1434 Lamponis

187 1442 358 1491 auxilio,
386 1446 473 1483 dum
513 1446 698 1495 Populum
734 1451 779 1488 ad
808 1451 901 1490 hanc
938 1455 1209 1502 expeditionem
1239 1469 1302 1507 ex-

187 1511 340 1560 citaret,
385 1526 493 1552 usum
529 1516 670 1565 fuisse3
727 1529 762 1557 et
799 1531 930 1569 postea
963 1525 1110 1572 Lampo
1152 1528 1298 1565 colonis

185 1582 386 1631 exposuit,
415 1587 606 1632 quomodo
634 1589 754 1627 omnia
781 1590 914 1629 instrui
935 1603 1151 1643 oporteret,
1179 1599 1297 1645 plera·

186 1662 261 1699 que
297 1653 343 1691 ad
384 1655 669 1711 Atheniensium
715 1659 895 1699 rationem
930 1663 1168 1704 conformans
1211 1669 1293 1717 (5).

183 1720 286 1760 Inter
323 1725 545 1773 praecipuos
584 1728 697 1777 hujus
732 1731 901 1770 coloniae
940 1734 1090 1784 socios,
1143 1739 1188 1776 de
1214 1740 1297 1787 qui·

888 1806 892 1808 “
1140 1809 1294 1852 »;;·“[>υ,ε

222 1875 274 1915 (1)
295 1879 391 1908 Etiam
412 1880 554 1915 Corayo
572 1883 730 1920 displicuit
756 1888 851 1918 rectio
889 1886 1096 1933 ἐπράθησαν,
1119 1897 1206 1932 quie
1222 1876 1307 1929 eod.-

180 1933 273 1963 Paris.
295 1938 430 1971 praefert
450 1933 638 1977 ἐφάνησαν.
658 1943 736 1974 Bibl.
757 1948 835 1978 Hell.
854 1956 888 1983 p.
911 1953 979 1987 466.

219 1989 273 2027 (ε)
293 1993 363 2023 Lib.
385 1996 435 2024 VI.
455 2005 487 2031 p.
503 1995 584 2034 ’63.
618 2039 623 2043 ¹

219 2104 270 2142 (4)
292 2107 364 2137 Vid.
387 2110 458 2139 Obs.
481 2112 593 2142 XXII.

219 2161 270 2201 (5)
291 2165 373 2194 Plut.
395 2167 492 2202 Reip.-
513 2169 595 2200 Gen
611 2161 732 2203 Przi'Ecc'.
759 2176 829 2212 cap.
854 2186 900 2212 ¹5·
923 2185 955 2214 p-
977 2183 1045 2210 812.
1067 2181 1106 2210 D.
1126 2186 1163 2203 -”-
1184 2183 1289 2214 Schol-

181 2221 219 2249 ad
242 2221 398 2258 aristoph.
426 2226 527 2254 Nubb.
556 2236 602 2258 vs.
629 2237 696 2264 3³¹·
725 2234 808 2262 Aves
833 2241 879 2263 vs.
910 2238 978 2266 621.
1010 2237 1107 2272 Quem
1133 2230 1294 2275 descripsit

181 2277 287 2309 suidas
307 2289 386 2311 voce
407 2282 682 2326 Θουριομκντεῒς.
727 2276 745 2284 Η
769 2283 772 2286 ’
