1507 2876
451 175 896 249 V'ORATIO.
1209 205 1264 250 17

140 347 235 380 cum
261 331 373 379 Viris
402 331 652 380 Clarissimis
679 331 1034 392 Sicgenbeek
1080 338 1122 377 ct
1163 347 1261 379 van

138 410 370 470 Capelle
411 410 646 456 adornavit.
668 411 737 451 (¹0)
801 411 977 454 Praeter
1014 416 1260 465 consuetas,

135 502 241 545 quas
291 486 443 532 Literis
496 486 673 545 Belgicis
723 485 940 531 tradendis
989 485 1258 542 destinabat,

132 564 323 619 scholas,
353 564 524 623 singulis
557 565 643 609 fere
680 565 800 608 annis
830 577 962 609 novas
995 563 1183 623 aperuit,
1212 563 1258 607 in

127 641 306 700 gratiam
345 642 556 687 studiosae
594 641 845 700 juventutis3
903 641 947 686 in
988 641 1142 699 quibus
1184 648 1257 687 aut

127 718 183 763 de
214 720 556 763 Germanarum
581 722 793 777 gentium
823 721 1148 778 Mytlwlogia,
1181 726 1254 764 aut

126 795 182 841 de
220 795 373 841 harum
413 797 597 856 gentium
639 778 1019 851 Traclitionibus,
1087 803 1160 842 aut
1200 796 1254 841 de

128 875 426 919 Coloniarum
482 884 752 919 nostrarum
806 877 1011 927 ratione,
1080 880 1154 918 aut
1198 872 1253 917 de

119 952 420 1005 Aestlzetica,
447 959 520 996 aut
552 951 604 996 de
632 954 855 995 Historia
882 953 1103 1004 Poe'seos,
1133 950 1253 994 aliis-

115 1041 170 1072 ve
207 1028 485 1085 argumentis,
515 1028 623 1072 mira
669 1042 765 1072 cum
806 1028 1010 1072 orationis
1045 1027 1250 1079 suavitate

116 1118 343 1162 rerumque
380 1105 643 1164 cognitione,
675 1120 767 1150 eum
800 1105 1068 1161 disseruisse,
1098 1121 1247 1165 omnes

117 1181 206 1242 ejus
238 1183 432 1242 discipuli
468 1198 554 1228 uno
589 1198 666 1228 ore
693 1184 984 1229 consentiunt.
1045 1185 1134 1229 Nec
1161 1185 1247 1229 mi·-

112 1276 223 1307 rum.
314 1261 595 1319 Antiquorum
645 1260 755 1306 enim
804 1261 985 1308 lectione
1028 1277 1053 1306 a
1102 1263 1246 1321 pueris

114 1337 213 1384 inde
254 1340 484 1394 enutritus,
527 1338 786 1384 recentioris⁴
812 1342 927 1392 aevi,
967 1353 1054 1383 non
1080 1346 1243 1384 tantum

114 1417 280 1475 patrios
310 1432 420 1477 pene
456 1431 624 1471 omnes,
655 1417 731 1462 sed
770 1424 1007 1462 exterorum
1046 1431 1240 1475 quoque,

109 1493 318 1554 imprimis
363 1494 698 1549 Germanorum,
741 1493 957 1554 principes
1005 1494 1240 1553 scriptores

109 1572 381 1619 lectitaverat.
1223 1619 1225 1622 ¹

167 1650 289 1696 Hanc
327 1651 417 1709 ejus
456 1649 718 1704 doctrinam,
773 1650 1027 1705 eruditione,
1077 1649 1250 1696 facetiis.

109 1743 162 1774 ac
197 1730 346 1789 lepore
387 1729 601 1773 conditam
649 1735 775 1786 atque
820 1728 1092 1773 exhilaratam
1110 1759 1124 1783 ,
1176 1727 1238 1772 uti

109 1807 305 1868 discipuli
358 1806 404 1851 in
464 1800 620 1852 scholis
680 1806 768 1864 ejus
823 1805 1115 1858 mirabantur,
1174 1805 1234 1849 ita

113 1882 410 1939 Quaestione-s
439 1885 558 1939 illae,
588 1888 644 1928 de
670 1886 854 1927 Literis
876 1886 1090 1937 Patriis,
1122 1898 1234 1940 qua-

107 1979 202 2009 rum
252 1962 577 2022 disputationem
630 1960 793 2020 primus
843 1959 1106 2013 instituerat,
1179 1973 1229 2005 eo

106 2040 308 2088 Praeside
339 2040 556 2092 defensae,
590 2038 757 2098 publice
795 2038 982 2097 probare
1021 2037 1228 2082 solebant.

160 2119 256 2164 Tali
292 2118 419 2177 igitur
456 2117 559 2161 Viro
597 2123 639 2160 ct
672 2115 857 2160 honores
896 2114 1103 2160 literarios
1142 2115 1229 2159 ob-

104 2197 245 2257 tigisse
271 2195 501 2256 plurimos,
528 2195 597 2236 (¹¹)
643 2200 684 2238 et
722 2192 962 2253 principum
998 2193 1043 2238 in
1082 2201 1228 2239 nostra

103 2274 245 2319 Patria
292 2273 477 2321 virorum
520 2271 706 2331 patuisse
745 2270 968 2323 amicitiam
983 2303 998 2327 ,
1028 2272 1122 2329 quis
1164 2278 1227 2337 est

1017 2352 1048 2392 2
