1507 2876
258 205 315 246 28
410 201 498 245 ΤΗ.
516 200 568 244 G.
596 211 696 243 vAN
724 197 904 248 LJDTH
933 211 997 240 nn
1024 196 1215 243 JEUDE

253 329 404 386 justam
439 329 618 385 aliquam
663 325 1066 372 commendationem
1103 332 1253 371 auctor
1289 339 1369 371 ac-

250 406 390 465 cipere
421 405 652 450 censendus
690 404 757 447 sit.

301 482 413 527 ‘Huic
463 480 774 539 quodammodo
820 479 1095 538 praeferenda
1137 493 1227 524 esse
1275 477 1363 524 visa

245 568 307 606 cst
336 564 488 604 altera
522 556 843 608 commentatio,
883 554 1119 599 Arnobii
1150 554 1265 598 dicto
1289 553 1363 597 in-

243 637 418 694 signita:
453 638 504 678 Sa·
537 651 687 677 omnes
725 636 930 685 omnino,
961 636 1041 690 qui
1071 635 1274 675 homines
1311 647 1359 674 se

240 729 335 755 esse
366 717 469 755 caet.
531 710 608 753 Est
642 708 838 752 nimirum
872 708 978 751 haec
1012 722 1179 766 quoque
1217 707 1356 765 jejuna

237 787 403 848 potius,
466 801 593 844 quam
633 784 806 844 copiosa
847 785 1047 844 scriptio,
1097 798 1176 828 nec
1217 798 1266 828 ea
1304 798 1355 828 ex

233 863 417 923 limpidis
456 863 673 907 doctrinae
705 875 852 907 sacrae
889 869 929 906 et
964 868 1134 919 exterae*
1166 859 1354 904 fontibus

233 941 414 995 hausta,
465 954 514 984 ac
532 972 544 994 ,
595 946 773 999 propter
822 938 1076 998 negligenter
1127 943 1352 982 tractatam

231 1019 474 1064 historicam
503 1017 737 1076 argumenti
764 1024 953 1076 partem,
983 1014 1350 1075 reprehendenda.

230 1097 527 1141 Verumtamen
568 1102 738 1148 auctor,
767 1110 792 1138 a
821 1095 1050 1147 modestia,
1081 1108 1159 1138 nec
1191 1092 1350 1137 infelici

229 1174 354 1219 latine
396 1172 610 1218 scribendi
652 1179 803 1217 conatu
843 1171 1100 1224 laudandus,
1144 1169 1180 1214 si
1211 1169 1348 1214 minus

229 1253 467 1296 facultatem
515 1251 595 1294 rite
638 1249 910 1308 explicandae
955 1247 1179 1300 materiae,
1235 1253 1348 1291 certe

227 1330 505 1382 voluntatem,
540 1327 742 1371 laudabili
780 1325 1007 1370 admodum
1039 1324 1227 1377 ratione,
1268 1323 1351 1386 de·-⁴

226 1406 499 1460 monstravit3
558 1411 628 1454 ut,
660 1403 695 1447 si
722 1403 893 1460 quando
924 1402 980 1445 ad
1007 1400 1135 1446 studii
1167 1407 1348 1445 conten-

224 1483 380 1527 tionem
415 1480 722 1526 exercitationis
763 1480 982 1524 maturitas
1023 1478 1231 1536 quaedam
1268 1491 1347 1522 ac-

223 1559 416 1613 cesserit,
466 1557 646 1603 melioris
688 1556 819 1615 frugis
859 1555 1017 1613 aliquid
1057 1570 1082 1598 a
1123 1553 1344 1612 scriptoris

218 1636 423 1681 industria
453 1650 626 1695 sperare
656 1635 792 1679 liceat.

279 1714 424 1772 Longe
461 1710 597 1771 magis
635 1719 775 1757 tamen
814 1710 966 1756 ordini
1001 1710 1160 1770 placuit
1200 1713 1343 1754 tertia

220 1790 543 1843 commentatio,
575 1788 895 1833 Conservatoris
934 1788 1070 1832 nostri
1107 1788 1222 1832 dicto
1263 1801 1342 1832 or-

220 1874 342 1911 nata:
389 1866 599 1923 Μοικοὲριοι
631 1868 669 1910 οἱ
699 1867 930 1924 εἰρηνοποιοί
958 1874 1101 1909 κ.τ.λ,
1161 1867 1337 1923 Μαιιξι.

218 1945 268 1989 V:
291 1945 332 1989 9.
423 1943 536 2001 Quin
575 1943 708 1996 haec,
769 1943 804 1987 si
851 1943 940 1986 sola
993 1941 1135 1986 suisset
1189 1941 1338 1995 allata,

215 2021 532 2078 Theologorum
588 2018 801 2078 suffragiis
860 2019 1094 2079 praemium
1157 2018 1336 2064 tulisset.

217 2097 318 2156 ‘Ejus
362 2097 558 2140 nimirum
597 2104 769 2151 auctor,
801 2098 977 2141 sontium
1015 2097 1176 2141 delectu
1209 2096 1336 2141 insti-

226 2181 332 2228 tuto,
386 2173 598 2233 probabili
641 2174 737 2217 stilo
778 2189 856 2219 nec
890 2175 1146 2219 inconcinno
1185 2174 1335 2220 ordine

232 2267 338 2307 isus,
368 2259 453 2295 tam
482 2258 594 2296 recte
623 2251 815 2298 universe
843 2259 883 2296 et
908 2259 994 2297 tam
1026 2251 1196 2311 copiose
1229 2266 1331 2310 gra-
