1523 2745
430 135 937 206 LITERARIA
1192 180 1236 216 w

122 273 264 316 inimici
296 283 331 313 et
365 276 529 324 comici,
557 278 623 316 sed
661 278 817 315 multum
850 276 923 314 sibi
948 276 1164 324 placuerunt
1199 276 1237 314 i'n

121 343 243 382 causis
263 345 418 394 hujusce
443 345 529 384 belli
554 346 734 395 fingendis
747 355 762 384 :¹
774 348 871 385 unde
895 347 1002 384 fluxit
1028 347 1088 384 illa
1116 358 1235 384 narra-

122 414 176 453 tio
213 416 258 453 de
285 416 443 464 Aspasia
473 416 567 466 (1),
607 417 692 455 belli
733 417 833 455 illius
872 416 1081 454 effectrice:
1123 425 1236 464 atque

122 482 261 531 altera,
289 484 392 531 quasi
433 484 526 522 socii
557 486 695 524 tributa
733 486 890 533 pendere
926 486 1122 531 nolentes,
1162 486 1236 524 La-

120 554 378 593 cedaemonios
406 567 578 603 proceres
616 557 751 605 opibus
792 557 837 594 ad
874 555 1011 593 bellum
1053 554 1234 593 excitave-

119 621 195 660 rint
220 623 303 672 (2).
358 625 479 674 Cujus
504 625 589 669 item
615 626 667 664 rei
688 637 870 673 nusquam
893 625 1096 673 vestigium
1122 636 1234 672 appa-

120 701 178 732 ret
197 702 282 733 ante
317 694 403 733 belli
437 704 560 734 ortum
579 696 674 745 (3):
703 705 833 745 postea
870 696 1016 732 demum
1057 696 1138 732 duri
1168 696 1235 733 im·

120 763 215 812 perii
242 765 402 802 taedium
438 767 578 804 multos
604 765 729 804 socios
769 766 814 803 ab
839 765 1136 804 Atheniensibus
1172 765 1235 803 ab·

117 833 316 882 alienavit,
343 843 379 873 et
406 835 600 874 deficiendi
621 836 824 885 cupiditate
850 835 1021 883 implevit
1046 835 1134 884 (4).

600 984 637 1031 ἓ.
695 994 756 1020 1¹2.

140 1129 144 1134 ’
168 1129 300 1178 Atque
323 1130 413 1168 haec
445 1131 623 1167 hactenus
650 1128 694 1166 de
720 1127 808 1165 belli
840 1138 946 1165 causa
973 1135 1013 1164 et
1038 1127 1236 1174 multiplici

117 1208 325 1248 praetextU.
365 1200 494 1238 Meum
520 1209 597 1236 non
625 1206 681 1235 est
704 1197 858 1236 ulterius
886 1208 1051 1235 enarrare
1077 1199 1238 1246 eiusdem

117 1269 268 1308 initium
285 1298 299 1317 ‚
354 1270 456 1317 quod
485 1268 728 1317 Thucydides
758 1267 861 1305 ducit
890 1268 934 1304 ab
960 1267 1066 1305 irrito
1092 1268 1242 1305 Theba·

118 1349 251 1378 norum
279 1339 438 1377 consilio
474 1338 678 1386 occupandi
702 1339 878 1375 Plataeam
904 1338 972 1388 (5)
989 1366 1001 1384 ‚
1027 1338 1088 1375 alii
1110 1340 1153 1376 ab
1185 1340 1241 1387 ip-

120 1420 168 1448 so
204 1410 390 1448 exercitus
423 1407 726 1456 Peloponnesiaci
766 1410 927 1446 adventu
963 1407 1053 1458 (6).
1110 1408 1236 1458 Quum

116 1487 241 1517 autem
280 1479 352 1516 iste
374 1480 445 1527 jam
476 1479 727 1516 ati-Isthmum
761 1478 1023 1526 convenisset,
1063 1479 1241 1519 Archida-

118 1560 202 1587 mus
237 1549 411 1586 omnibus
453 1547 573 1596 copiis
614 1548 854 1595 praefectus,
908 1549 987 1586 sive
1021 1560 1108 1586 vero
1139 1550 1239 1597 pacis

117 1618 331 1657 retinendae
369 1618 497 1671 studio
529 1616 692 1665 ductus,
732 1619 824 1656 sive⁴
848 1621 890 1657 ea
923 1627 1067 1665 mente,
1099 1629 1140 1656 ut
1161 1632 1241 1657 om·

118 1699 202 1727 nem
237 1690 384 1737 culpam
418 1690 597 1726 malorum
644 1687 867 1727 ‘instantium
912 1688 948 1726 in
992 1689 1241 1728 Athenienses

117 1757 360 1806 transferret,
411 1760 570 1807 legatum
612 1759 778 1797 Athenas
807 1759 907 1797 misit
932 1759 1001 1808 (7)
1030 1761 1242 1808 exploratu-

732 1823 734 1825 ’
1128 1842 1208 1868 rum
1226 1859 1239 1878 ,

150 1901 208 1940 (ι)
228 1903 315 1933 Vide·
328 1903 525 1939 Hesychium.
543 1904 580 1934 ‘v.
606 1896 794 1936 Ἀσπασία.
1278 1895 1281 1897 ’

153 1961 208 2000 (2)
229 1961 386 1998 Aristoph.
407 1963 478 1990 Pac.
498 1971 529 1991 v.
549 1963 616 2000 619.
640 1971 727 1999 seqq.

154 2019 211 2060 (3)
232 2019 283 2048 Cf.
304 2019 440 2048 Meiners
461 2021 484 2049 1.
506 2028 536 2048 c·
559 2029 592 2056 p.
616 2029 683 2055 231.
708 2028 775 2050 not.
803 2030 831 2055 3.

156 2076 209 2114 (4)
230 2078 326 2106 Thuc.
349 2078 386 2105 11.
410 2081 516 2111 8—17.
538 2076 697 2112 Aristoph.
723 2079 746 2106 1.
765 2079 787 2105 1.
811 2085 845 2106 v.
867 2079 1024 2114 639-641.

156 2134 211 2171 (5)
230 2135 338 2165 Thuc.·
352 2134 392 2163 11.
420 2142 513 2170 2—7

156 2191 211 2230 (6)
234 2190 285 2222 cf.
305 2192 388 2221 Plnt,
413 2193 482 2226 Perq‘
503 2200 550 2226 35.
571 2191 665 2220 Diod.
686 2192 748 2220 Sic.
769 2192 834 2220 XII.
853 2200 902 2228 42.

158 2250 211 2287 (7)
233 2250 333 2281 Thuc.
358 2249 398 2279 11.
419 2259 465 2279 ια.
487 2249 528 2279 cf.
550 2248 641 2279 Arist.
663 2250 717 2278 111.
735 2257 765 2284 pt
787 2256 855 2285 2³9·
