1502 2767
426 160 1032 206 THEoLoGICA.v
1212 175 1281 219 m7

166 282 269 314 tuere
295 283 389 312 ,cum
426 272 656 312 Graecorum
697 274 878 315 militibus
912 276 951 314 in
985 278 1091 315 bellis
1126 279 1278 316 Persicis

161 353 199 383 et
225 343 407 384 Romanis
436 354 556 391 usque
592 345 637 382 ad
662 346 828 383 seculum
860 356 947 394 post
980 347 1120 384 Urbem
1150 349 1279 386 condi-

160 421 237 452 tam
270 410 327 460 V,
365 412 534 452 moribus
558 424 687 452 eorum
718 416 884 454 nondum
937 417 1027 454 adeo
1041 417 1275 465 depravatis,

161 483 269 532 utri,
294 484 398 531 quod
432 484 479 521 ad
513 495 656 522 morum
692 485 921 524 honestatem
952 496 987 526 et
1012 487 1197 524 lenitatem
1223 496 1276 525 at·

99 538 105 546 ⁹
159 554 276 603 tinet,
313 555 565 603 praeponendi
600 554 705 602 sint,
742 566 821 593 non
850 565 934 604 est,
966 558 1068 604 quod
1092 556 1272 594 dubitem.

155 625 216 673 Illi
249 623 347 663 enim
381 635 571 673 nunquam
609 636 686 662 non
720 625 1047 673 deprehenduntur
1081 627 1273 671 crudeles,

160 694 380 741 inhumani,
426 706 493 732 sua
533 695 672 743 singuli
726 695 944 733 crudelitate
979 697 1206 734 exsultantes
1241 705 1276 733 et

158 766 364 815 jactante53
394 764 434 803 hi
458 764 652 814 (universe
675 766 887 813 loquimur)
923 766 1156 803 humaniores
1183 767 1275 803 mul-

159 844 226 883 to,
266 836 389 873 minus
442 837 610 874 crudeles
660 845 698 873 et
745 836 843 873 haud
885 847 966 872 raro
1002 836 1272 874 misericordes.

159 907 220 945 Sit
245 906 322 953 ita,
363 906 468 953 quod
499 905 650 942 minime
686 914 859 954 negatum
895 905 1098 951 volumus,
1139 904 1275 942 milites

160 974 411 1013 Christianam
446 973 681 1021 Religionem
721 973 969 1020 profitentes,
1008 972 1136 1009 multis
1175 973 1274 1009 vitiis

157 1054 240 1082 esse
274 1043 534 1089 deditos,hoc
561 1043 614 1080 nil
651 1041 742 1097 facit
778 1043 823 1079 ad
856 1052 963 1089 rem;
1006 1043 1175 1089 quaestio
1215 1043 1274 1079 liic

157 1121 238 1160 est,
288 1113 380 1160 quid
420 1111 592 1151 universe
632 1112 822 1160 sentiant,
863 1123 955 1159 quas
998 1113 1044 1150 de
1074 1113 1172 1149 bello
1214 1122 1274 1160 ge-

153 1183 274 1221 rundo
307 1182 460 1221 foveant
499 1182 726 1229 sententias,
774 1190 811 1220 et
847 1183 975 1229 quales
1005 1182 1042 1218 in
1080 1183 1178 1219 bello
1214 1193 1276 1229 ge-

155 1252 276 1291 rundo
310 1263 393 1290 sese
429 1261 631 1301 praestent.
685 1252 789 1290 Haec
826 1252 860 1289 si
882 1253 1072 1299 inquiras,
1101 1263 1168 1290 eos
1196 1252 1273 1289 bel<

155 1324 261 1370 lum,
289 1320 365 1370 qua
394 1323 531 1360 bellum
550 1351 562 1370 ‚
591 1323 813 1370 plerumque
853 1323 1105 1370 improbantes
1146 1324 1274 1359 etde-

155 1400 332 1430 testantes
362 1393 517 1438 audies,
545 1404 613 1430 nec
647 1404 724 1430 non
753 1392 900 1430 nimiam
940 1393 1194 1430 crudelitatem
1236 1401 1270 1430 et

152 1462 328 1503 ferociam
358 1463 644 1501 condemnantes
678 1464 722 1501 de
747 1465 865 1509 estque
900 1471 1111 1513 querentes.

652 1607 673 1652 §
712 1615 772 1643 11.

210 1741 276 1780 Ex
313 1755 378 1788 ea,
416 1741 515 1792 quod
535 1741 745 1791 Religionis
776 1741 1018 1779 Christianae
1047 1731 1218 1778 doctrina

257 1813 440 1850 hominum
453 1814 651 1850 sententias
664 1811 928 1858 emendaverit,
942 1813 1068 1862 populi
1086 1824 1166 1848 cotz-

244 1933 246 1937 Ι
296 1883 425 1931 juncti
448 1892 534 1920 sunt
553 1911 566 1930 ‚
604 1895 699 1932 quac
717 1882 937 1933 populorum
969 1882 1119 1930 conjun-

354 1954 426 1991 ctio
445 1965 514 1990 non
524 1954 649 2003 potuit
663 1965 734 1989 non
759 1954 800 1988 in
818 1952 949 1989 bellum
963 1953 1063 1988 benc-

515 2020 628 2070 ficam
654 2024 728 2061 vim
752 2021 900 2059 habere.

156 2168 160 2170 ’
209 2165 348 2218 Eadem
393 2165 602 2214 Religionis
658 2164 891 2204 Christianae
935 2163 1129 2209 doctriua„
1158 2176 1265 2211 quam

158 2236 271 2274 modo
316 2236 484 2275 homines
535 2235 769 2274 humaniores
821 2226 1020 2273 reddidisse
1078 2234 1265 2279 vidimus,

1178 2303 1264 2340 effe-
