1502 2767
426 200 1016 248 THEOLOGICA.
1205 216 1269 253 181

153 316 312 357 tuntur‚
341 310 582 358 omniumque
611 313 692 361 jura
719 323 830 362 atque
862 319 1053 356 commoda
1088 327 1262 367 tuentur,

147 389 194 416 eo
231 379 352 418 minus
389 380 506 427 rixis,
547 381 772 432 discordiis,
813 389 1141 434 contentionibus,
1186 400 1262 426 tui·-

146 447 233 496 bis,
269 440 752 499 altercationibus,'dolis‚
791 455 1094 503 suspicionibus,
1135 460 1260 505 prodi-

143 517 339 564 tionibus,
368 519 549 567 invidiis,
578 521 672 559 odiis
711 524 816 561 locus
857 534 926 563 est.

190 586 399 636 Religionis
438 590 670 629 Christianae
704 593 912 640 doctrinae,
956 608 1048 643 quae
1083 597 1251 635 homines

139 655 355 696 melioribus
390 659 511 697 induit
541 661 634 710 J'usti
666 671 702 699 et
727 665 836 711 aequi
870 666 1114 713 notionibus,
1144 668 1254 706 debe·

137 733 227 774 tur,
255 727 359 775 quod
384 730 486 777 leges
509 742 672 780 magnam
697 732 877 771 subierint
896 738 1244 786 commutationem3

136 807 230 842 quae
261 797 381 846 legum
414 800 619 838 emendatio
653 812 728 838 non
764 805 890 850 potuit
918 816 1020 852 non,
1050 816 1089 844 ut
1116 808 1152 845 in
1177 808 1244 846 alia

132 867 274 913 multa,
301 868 351 905 ita
376 868 413 905 in
440 869 576 907 bellum
613 875 788 919 maxime,
819 874 1011 914 beneficam
1040 877 1111 914 vim
1141 890 1243 916 exer·
1299 927 1302 932 Ι

130 945 225 974 cere.

175 1004 314 1044 Effecit
351 1011 447 1046 enim
487 1011 635 1049 Christi
681 1014 875 1063 doctrina,
931 1027 972 1055 ut
1017 1020 1116 1067 leges
1164 1020 1235 1057 fer—

123 1083 276 1123 rentur,
315 1079 519 1117 secundum
559 1093 651 1129 quas
693 1095 821 1123 ornnes
860 1088 1024 1136 qu'usvis
1065 1090 1233 1137 ordinis,

118 1143 214 1191 loci,
257 1156 398 1194 sexus,
440 1150 569 1189 aetatis
611 1155 826 1200 aequalibus
866 1158 1025 1203 gaudent
1056 1161 1231 1208 juribus,

116 1213 255 1259 quibus
274 1226 351 1253 non
375 1218 487 1267 hujus
509 1219 679 1268 illiusve,
707 1226 772 1262 sed
796 1228 960 1264 omnium
987 1230 1097 1267 simul
1125 1243 1230 1280 spec-

116 1289 215 1320 tatur
265 1286 395 1333 salus,
444 1288 659 1337 quibusque
711 1293 881 1333 homines
916 1298 961 1334 ad
996 1301 1223 1339 sedulitatem

110 1360 147 1390 et
186 1355 372 1393 solertiam
407 1357 662 1405 impelluntur.
716 1363 854 1402 Effecit
883 1369 1004 1404 eadem
1036 1379 1076 1406 ut
1105 1371 1225 1408 homi·

107 1432 201 1469 nes,
250 1425 464 1464 melioribus
509 1429 610 1466 ducti
646 1431 839 1480 principiis
876 1443 912 1471 et
950 1436 1221 1487 incitamentis,

105 1502 186 1529 sese
220 1488 268 1530 ad*
303 1506 362 1532 eas
400 1507 665 1544 componerent
693 1502 791 1551 (1);
823 1513 868 1539 ne
903 1505 1038 1549 dicam,
1069 1509 1215 1546 eandem

101 1560 197 1598 illam
236 1562 383 1601 Christi
418 1566 621 1604 doctrinam
660 1569 771 1606 animi
813 1572 961 1610 humani
998 1575 1086 1612 vitia
1123 1580 1216 1614 niul-

101 1635 141 1666 to
173 1630 303 1668 melius
336 1632 544 1682 detexisse,
584 1638 687 1684 quod
720 1648 796 1675 earn
833 1641 909 1677 vim
951 1643 987 1679 in
1015 1645 1112 1692 leges
1152 1647 1212 1683 ha-

97 1697 208 1745 buit,
260 1709 300 1737 ut
341 1703 537 1751 pleraeque
580 1705 618 1742 id
655 1717 788 1754 agant,
845 1720 883 1748 ut
920 1724 1055 1759 pravos
1099 1717 1210 1754 animi

94 1766 249 1807 affectus
278 1781 431 1819 regant,
471 1782 701 1822 temperent,
731 1778 851 1815 ordini
887 1780 1055 1819 homines
1092 1786 1208 1834 subji-

91 1836 215 1888 ciant,
264 1848 299 1877 et
342 1840 387 1878 ad
422 1842 538 1890 justi,
587 1846 759 1893 honesti,
810 1849 911 1902 utilis
951 1853 1072 1890 studia
1110 1856 1206 1893 exci-

88 1913 168 1944 tent
192 1908 286 1956 (2);
341 1909 378 1946 id
410 1913 510 1958 quod
542 1915 698 1953 maxime
744 1917 867 1956 locum
912 1920 1085 1969 obtinet,
1136 1926 1201 1963 ubi

86 1974 416 2016 Protestantismus
451 1981 565 2028 viget.
642 1985 704 2022 Ex
741 1997 817 2033 quo
852 1987 982 2037 religio
1019 1993 1201 2032 Christia-

1152 2077 1197 2104 Da

120 2151 172 2186 (ι)
195 2153 260 2182 Cfr.
281 2154 392 2189 Tyge
420 2157 574 2191 Rothe,
597 2159 689 2186 Tom.
711 2161 732 2187 1.
754 2169 786 2194 p.
811 2165 876 2198 369·
898 2172 964 2199 sqq.

118 2206 171 2245 (2)
192 2209 259 2238 efr-
282 2210 359 2239 liber
375 2213 498 2241 omnino
513 2215 647 2248 egregius
670 2216 731 2244 viri
749 2217 794 2251 pii
814 2227 887 2247 van
910 2222 1084 2258 Alphen‚
1110 2226 1186 2253 Pre-

77 2266 146 2293 dike
165 2266 214 2294 het
232 2266 401 2303 Euangezte
417 2271 499 2297 allen
519 2278 703 2309 creaturen,
725 2281 791 2308 pag.
815 2283 860 2309 70.
883 2284 948 2312 sqq.
972 2285 1035 2310 150.
