1507 2876
245 225 297 264 34
472 207 1141 251 COMMENTATIO

251 320 441 360 maleficos
471 322 555 370 jure
589 320 746 368 plectit,
798 318 950 356 omnino
986 318 1025 356 in
1061 330 1124 356 eos
1158 319 1242 368 Jure
1287 320 1366 357 ani-

250 392 511 430 madversurus
553 398 637 436 est,
689 388 755 436 qui
792 388 1053 435 rempublicam
1093 388 1131 425 in
1169 387 1366 436 perniciem

254 462 447 499 detrudere
476 470 685 505 conantur,
715 467 752 496 et
773 458 904 495 -multo
927 458 1042 507 magis
1072 457 1232 504 gladium
1258 458 1369 496 strin-

256 542 341 579 gere
374 532 408 569 ei
445 531 531 568 licet
562 530 600 566 in
641 529 801 574 hostes,
855 527 919 575 qui
958 527 1098 566 civitati
1129 527 1269 566 ruinam
1307 539 1371 576 pa·

254 610 350 640 rent.
403 601 532 647 Itaque
565 600 597 636 si
627 597 812 646 supplicia
840 597 1008 645 capitalia
1042 598 1210 646 justitiae
1231 609 1272 635 ac
1297 599 1373 635 cle-

256 669 411 707 mentiae
444 679 521 705 non
547 677 752 715 repugnare
774 666 997 714 habeantur,
1029 676 1133 704 certo
1167 666 1289 705 minus
1320 667 1373 706 ita

255 739 518 777 aestimandum
551 747 607 775 est
638 737 804 783 bellurn,
844 748 922 784 quo
965 736 1139 785 princeps
1171 737 1225 775 vi.
1246 747 1375 776 neces-

256 808 351 846 saria
381 809 510 845 hostes
547 793 701 856 repellat
734 807 921 845 maleficos
950 807 1034 856 (1).

306 878 396 915 Alio
435 880 519 916 loco
548 878 617 927 (2)
641 878 779 916 Paulus
802 878 910 926 jubet
926 905 939 924 ‚
975 885 1017 914 ut
1039 887 1171 926 preces
1195 888 1216 915 a
1240 875 1376 916 Chris-

255 948 364 995 tianis
412 947 649 986 effundantur
693 960 765 996 pro
811 947 1046 996 principibus
1092 954 1130 986 et
1168 945 1374 996 omnibus,

258 1018 323 1066 qui
362 1019 600 1067 magistratfis
648 1027 804 1067 gerant,
855 1019 913 1059 ἵνα
956 1020 1082 1068 ἢρεμον
1126 1018 1187 1059 καὶ
1227 1018 1374 1068 ἡσύχιον

256 1090 335 1137 βίον
381 1090 565 1138 διάγωμεν
610 1091 647 1130 ἐν
685 1089 786 1138 πάσῃ
836 1091 1006 1139 εὐσεβείᾳ
1053 1090 1113 1129 καὶ
1165 1090 1370 1138 σεμνότητι.

258 1159 319 1196 Ex
363 1159 479 1197 hocce
518 1159 619 1197 dicto
652 1160 713 1210 jus
754 1159 843 1197 belli
882 1159 1043 1208 principi
1082 1171 1164 1198 esse
1213 1160 1374 1198 dandum

260 1239 337 1266 non
367 1241 450 1266 raro
466 1229 658 1278 colligitur
685 1229 771 1279 (3).
822 1230 959 1268 Putant
983 1230 1078 1268 enim
1095 1259 1108 1277 ‚
1133 1229 1372 1269 Christianos

258 1299 331 1337 hoc
357 1301 443 1337 loco
479 1299 644 1350 moneri,
681 1308 723 1337 ut
752 1311 881 1347 preces
916 1299 1147 1338 effunderent
1178 1310 1248 1348 pro
1275 1307 1375 1337 tran-

261 1370 404 1416 quilla,
428 1381 470 1407 ac
487 1369 614 1418 quieta
639 1369 776 1407 civium
796 1369 873 1407 vitst
888 1397 902 1417 ,
926 1369 1162 1418 principibus
1189 1369 1374 1419 curanda,

264 1449 300 1477 et
315 1469 327 1487 ,
348 1452 463 1487 quum
488 1440 603 1487 igitur
621 1447 876 1488 argumentum
904 1451 1054 1487 precum
1077 1440 1151 1486 sit,
1178 1447 1221 1476 ut
1243 1439 1374 1487 cives,

259 1521 279 1546 a
315 1509 482 1558 principe
525 1510 691 1556 defensi,
727 1510 887 1557 quietam
921 1519 958 1548 et
995 1509 1227 1557 tranquillam
1265 1517 1374 1559 agant

259 1579 370 1617 vitam
389 1608 402 1627 ‚
430 1580 581 1617 omnino
605 1580 785 1628 pertinere
821 1581 865 1617 ad
901 1581 979 1629 eJ'us
1006 1579 1148 1626 officia,
1177 1580 1279 1627 quod
1315 1590 1372 1618 se-

260 1649 349 1685 dulo
386 1648 606 1696 provideat,
633 1658 675 1686 ut
711 1649 754 1686 ab
787 1649 962 1687 hostibus
996 1650 1068 1686 tuti
1095 1658 1133 1687 et
1168 1649 1373 1688 incolumes

260 1717 386 1755 vivant
401 1720 480 1767 ejtis
496 1719 620 1765 cives,
644 1720 748 1766 quod
765 1729 1055 1767 nonnunquam,
1084 1719 1157 1756 nisi
1186 1731 1374 1758 armorum

259 1786 296 1824 vi
313 1814 326 1834 ‚
350 1799 477 1825 curare
505 1787 643 1835 possit.
681 1788 736 1826 Ita
763 1789 1024 1836 contendunt,
1053 1800 1129 1827 non
1154 1800 1264 1828 omne
1294 1790 1374 1828 bel-

1292 1860 1370 1898 lum

298 1957 350 1995 (ι)
372 1959 432 1988 eff.
454 1959 642 1994 Gr0tius‚
663 1959 698 1986 de
726 1960 824 2002 J·.B·
849 1967 882 1987 et
910 1961 971 1996 P.-‚
993 1962 1016 1990 1.
1039 1962 1064 1990 Ι.
1086 1970 1115 1990 c.
1137 1972 1166 1992 2.
1187 1960 1216 2001 §-
1240 1971 1269 1998 7.
1292 1972 1323 2002 s.
1343 1970 1376 1993 et

260 2015 516 2052 Gronovius,
535 2015 600 2044 ibid
619 2018 654 2045 ad
675 2018 701 2053 S.
719 2025 747 2051 7.
769 2026 799 2046 2.
821 2024 878 2045 nec
895 2024 958 2046 non
980 2018 1233 2056 Cernat-dus,
1255 2021 1282 2056 ¹·.
1298 2020 1321 2050 1.
1338 2028 1374 2057 p.

261 2077 423 2113 διν-διε.

299 2129 350 2167 (2)
374 2138 386 2158 1
414 2129 493 2158 Tim.
518 2130 559 2157 11.
588 2137 623 2170 ιζ,
645 2140 673 2160 2.
1159 2164 1163 2168 ᾗ

296 2186 349 2223 (5)
368 2187 458 2215 Vidd.
490 2186 679 2223 Gr0tius‚
698 2189 722 2216 1.
744 2190 767 2217 l.
790 2189 817 2225 ς.
837 2193 866 2220 7.
893 2195 920 2217 ι.
963 2190 1210 2227 Gerhardus,
1240 2192 1305 2220 1.1.
1333 2200 1367 2228 p.

257 2249 422 2281 799—801.
471 2243 758 2281 B-ullingerus,
793 2246 938 2275 adversus
968 2247 1214 2283 Anahapeistas‚
1244 2248 1369 2286 (Tiguti

259 2301 362 2339 ¹560-)
383 2309 414 2337 p.
437 2309 504 2337 192.
525 2309 612 2336 seqq.
1181 2316 1183 2318 ·
1246 2318 1249 2319 ⁷
