1507 2876
389 185 859 257 VORATIQ
1164 220 1218 263 π

80 331 232 403 ‘Cujus
252 332 426 378 honoris
453 334 747 391 documentum
777 338 886 383 hanc
915 340 993 385 tibi
1015 341 1213 390 Chartam

101 409 247 466 trado,
275 417 347 455 tua
375 411 520 456 merita
548 412 741 458 omnibus
770 417 1096 474 praedicantem.

325 563 467 609 ORDo
500 564 984 615 JUREcoNSULTORUM

97 714 152 759 ad
177 717 438 775 propositam
470 720 772 776 quaestionem:
804 724 891 767 Ad
914 741 1100 770 examen
1129 745 1208 772 re-

91 801 310 837 vocentur
338 805 614 852 argumenta
629 829 644 852 ‚
670 815 787 856 quae
828 803 893 843 ad
930 804 1053 859 leges
1083 820 1206 848 com-

91 873 371 914 mendandas
395 872 681 929 afferuntur,
712 877 875 932 quibus
891 880 985 922 sive
1003 879 1203 934 officinae

61 953 137 1008 yet
174 949 496 1004 agriculturae
530 954 726 1003 ¹tuendae
769 968 955 1007 caussa,
1000 958 1118 1010 sive,
1146 975 1202 1001 ne

88 1030 324 1066 certarum
345 1041 504 1068 rerum
530 1028 661 1083 copia
685 1030 827 1082 desit,
856 1034 1077 1076 mercium
1102 1042 1201 1077 tum

86 1099 355 1154 importatio
370 1108 469 1144 tum
480 1107 740 1159 exportatio
752 1115 985 1162 gravatur
1002 1113 1073 1153 vel
1082 1127 1200 1167 pro-

85 1175 292 1230 hibetur,
322 1191 451 1222 unum
469 1179 632 1238 accepit
655 1195 931 1240 responsum,
957 1184 1198 1244 insignitum

82 1251 297 1310 symbolo:
322 1256 401 1297 La
432 1258 580 1300 verite'
596 1258 712 1312 finit
737 1276 833 1315 par
868 1265 966 1305 e‘tre
995 1268 1192 1311 e'coute'e.

143 1329 268 1376 Ordo
319 1330 364 1375 in
414 1332 495 1377 hac
535 1334 762 1393 scriptione
807 1337 1017 1383 desiderat
1055 1341 1194 1386 stilum

81 1405 191 1450 hene
231 1406 425 1465 latinum3
476 1410 664 1466 quamvis
708 1412 816 1456 enim
854 1413 978 1471 hujus
1017 1416 1191 1481 intuitu,

79 1482 237 1540 aliquid
267 1486 498 1543 argumenti
534 1489 744 1533 tractandi
780 1490 911 1535 indoli
941 1494 1191 1540 condonan-

76 1558 177 1604 dum
216 1560 295 1614 sit,
346 1568 486 1607 tamen
517 1572 665 1609 auctor
697 1575 867 1625 praeter
901 1572 1188 1618 necessitatem

77 1650 103 1680 a
156 1637 361 1682 sermonis
415 1639 532 1684 latini
582 1643 732 1701 regulis
790 1646 947 1703 passim
1000 1651 1185 1697 recessit.

74 1712 202 1771 Quod
234 1721 394 1773 spectat
427 1716 658 1772 rationem,
687 1735 769 1777 qua
804 1730 950 1768 auctor
987 1740 1076 1771 rem
1113 1727 1186 1787 ip-

72 1804 161 1835 sam
208 1792 426 1847 tractavit,
492 1796 696 1851 quaedam
738 1799 873 1843 attulit
912 1812 1181 1860 argumenta,

73 1881 181 1924 quae
209 1874 294 1912 tum
323 1869 378 1918 ad
407 1873 784 1929 commendandas,
815 1883 904 1921 tum
931 1878 986 1921 ad
1012 1893 1182 1940 oppug-

71 1943 234 1989 nandas
271 1945 407 2004 leges,
438 1947 587 2004 quihus
624 1952 824 1996 mercium
857 1953 1100 2013 importatio
1141 1966 1180 2002 et

71 2020 306 2079 exportatio
343 2031 539 2080 gravatur
576 2027 639 2070 vel
675 2018 946 2086 prohibetur,
987 2032 1180 2079 afferun-

69 2101 162 2153 tur3
213 2105 395 2143 attamen
426 2102 598 2146 multum
635 2104 777 2160 abest,
835 2114 881 2151 ut
919 2107 1045 2164 haec,
1100 2127 1144 2157 ea
1161 2134 1181 2168 ,¹

70 2186 153 2229 qua
185 2189 267 2233 par
306 2184 418 2231 emt,
451 2178 660 2237 diligentia
693 2182 747 2227 ad
787 2198 958 2230 examen
997 2203 1175 2234 revoca-

67 2248 198 2308 ve1⁴it3
245 2253 366 2312 plura
398 2254 545 2311 etiam,
579 2272 705 2316 quae,
738 2260 794 2305 ob
823 2263 1096 2321 peculiarem,
1128 2267 1170 2310 in

968 2343 994 2384 3
