1538 2689
263 159 310 196 68
489 153 1153 197 COMMENTATIO

264 264 374 303 tei-iae
413 263 509 302 inter
543 263 635 302 duas
674 264 871 312 ligaturas,
924 265 987 302 vix
1027 265 1132 313 loqui
1177 265 1370 304 debemus.

263 334 421 372 Primum
459 332 570 370 nobis
607 333 771 371 occurrit
812 344 1007 383 permagna
1041 334 1238 373 denudatio
1276 344 1373 373 arte·

264 404 352 441 riae.
406 403 464 441 De
497 400 720 440 formatione
758 403 1018 442 thromborum
1052 403 1244 452 sanguinis
1274 404 1370 442 idem

263 474 360 511 valet
398 483 439 510 ac
472 472 509 509 in
548 473 724 510 methodo
758 472 1069 522 Jonesiana3
1109 474 1213 521 quod
1247 481 1369 511 autem

265 542 430 592 objecere
465 541 552 578 huic
590 542 795 589 methodo,
823 553 955 591 nempe
991 545 1204 592 prolapsum
1238 543 1373 592 ligatu·

264 624 345 659 rae,
374 611 436 649 ille
458 611 600 659 impetu
627 612 820 660 sanguinis
845 611 923 649 fere
945 623 1134 660 nunquam
1156 613 1279 651 locum
1307 613 1372 650 ha-

264 684 350 720 bere
386 690 538 730 potest,
565 682 766 719 dummodo
797 681 851 719 sic
889 682 1130 728 instituatur,
1157 689 1199 719 ut
1225 681 1371 723 tunicae

263 752 413 789 intimae
443 750 764 799 transducuntur,
793 759 873 789 tum
908 751 969 789 illa
994 751 1100 789 etiam
1126 751 1187 788 hic
1221 759 1280 789 est
1315 751 1373 788 in-

264 831 319 859 ter
345 822 420 859 duo
451 830 589 869 puncta
623 820 694 859 fixa
727 821 785 858 vel
810 820 938 868 potius
978 820 1017 858 in
1051 822 1173 859 sulco.
1227 821 1372 859 Natura

264 902 352 929 vero
388 891 621 928 difficultates
667 892 822 939 maJ'ores
864 892 1117 939 demonstrat,
1145 892 1244 940 apud
1277 892 1370 930 hane

263 959 540 1008 operationem,
592 960 624 997 si
661 972 745 1008 pars
791 960 940 998 arteriae
976 960 1072 999 inter
1102 961 1292 1010 ligaturam
1333 970 1371 1000 et

263 1028 372 1066 finem
406 1029 625 1067 transcissae
659 1029 809 1067 arterIae
842 1042 973 1079 magna
1002 1040 1058 1068 est
1091 1041 1126 1068 et
1151 1031 1260 1070 facile
1280 1043 1372 1080 sup·

263 1098 522 1146 purationem,
567 1099 774 1137 irritatione
806 1110 1010 1148 perpetua,
1043 1101 1080 1139 in
1113 1103 1262 1139 vulnere
1283 1113 1372 1150 pro-

268 1168 387 1206 ducit.

312 1239 496 1276 Nonnulli
538 1238 664 1277 favent
700 1240 786 1278 huic
820 1242 1021 1287 methodo,
1073 1243 1370 1290 quandoquidem

261 1308 412 1346 arterias
438 1318 654 1356 comparant
691 1321 776 1347 cum
816 1312 967 1348 chordis
1003 1311 1117 1349 tensis
1139 1340 1151 1358 ‚
1176 1324 1269 1360 quae
1292 1324 1372 1350 mo-

261 1388 384 1416 mento
419 1379 691 1417 transcissionis
717 1381 822 1417 valde
851 1393 891 1417 se
926 1382 1145 1428 retrahunt3
1198 1391 1371 1420 verunta-

259 1459 343 1485 men
372 1448 460 1486 haec
491 1449 696 1496 proprietas
724 1461 769 1487 ex
808 1450 906 1488 veris
940 1452 1200 1500 physiologiae
1237 1450 1369 1490 funda·

258 1518 391 1555 mentis
427 1518 503 1556 illis
535 1530 613 1556 non
639 1519 836 1566 competit.

306 1587 460 1636 Cuique
493 1589 686 1637 Chirurgo
713 1590 811 1627 haud
834 1590 1064 1639 incognitum
1093 1601 1179 1639 est,
1206 1592 1374 1631 haemor-

259 1658 418 1706 rhagiam
454 1659 702 1697 secundariam
740 1660 913 1698 rariorem
954 1672 1035 1698 esse
1076 1671 1164 1710 post
1201 1671 1371 1710 amputa·

256 1728 393 1766 tionem
413 1757 425 1776 ,
458 1741 565 1776 quam
592 1740 680 1778 post
698 1730 901 1768 adhibitam
937 1732 1153 1769 methodum
1190 1732 1371 1771 Celsia-

252 1809 373 1836 nam.
429 1798 645 1836 Differentia
672 1809 792 1836 autem
820 1800 907 1837 haec
931 1811 1008 1838 non
1038 1800 1279 1838 adscribenda
1309 1809 1368 1838 est

252 1867 463 1905 retractioni
495 1868 648 1905 arteriae
674 1868 712 1906 in
746 1880 821 1907 uno
850 1870 1014 1908 alterove
1043 1882 1159 1917 casu,
1187 1871 1253 1908 sed
1279 1871 1367 1909 huic

252 1939 327 1984 rei,
357 1938 442 1984 quia
464 1939 675 1986 Chirurgus
691 1967 702 1985 ‚
725 1940 989 1987 amputationis
1014 1939 1366 1988 operatione‚arte-

250 2007 338 2044 riam
371 2007 489 2055 magis
514 2009 697 2055 protrahit
726 2008 805 2046 sine
841 2010 1087 2048 denudatione
1122 2011 1215 2048 telae
1250 2011 1367 2048 cellu-

250 2078 351 2114 losae
384 2078 647 2116 circumdantis
667 2107 681 2127 ‚
713 2088 749 2115 et
785 2079 865 2116 sine
887 2078 1152 2118 transcissione
1188 2091 1364 2118 vasorum
1390 2102 1392 2104 v

249 2147 507 2186 nutrientium.
585 2147 677 2186 Non
727 2148 791 2186 diu
841 2149 952 2187 nobis
1000 2149 1268 2188 immorandum
1306 2158 1365 2187 est

249 2216 334 2255 huic
386 2217 589 2266 methodo,
644 2217 676 2255 si
719 2218 842 2256 verbis
881 2227 1026 2257 utamur
1063 2219 1126 2259 Cl.
1175 2218 1364 2258 Heiste·

1291 2299 1358 2328 ri:
