1502 2767
413 161 1006 207 THEOLOGICA.
1212 184 1259 221 91

154 269 447 318 rz1m‚²hostium
467 273 645 321 sanguine
671 277 889 315 maculatum
915 288 956 315 ac
980 277 1133 318 humum
1146 287 1264 320 trans·

152 348 302 378 versum
315 369 329 388 ,
355 350 390 379 et
404 343 750 383 Deumhabuerunt
763 358 873 384 suurn
888 376 901 396 ,
914 357 949 386 et
964 350 1161 388 adorarunt
1176 353 1263 401 (1).

155 410 269 449 Hunc
294 423 431 450 morem
456 413 629 462 deinceps
654 415 785 453 imitati
810 428 899 456 sunt
925 420 1044 456 Alam·
1063 420 1147 470 (2).
1172 422 1268 461 Ger-

155 484 260 519 mam·
273 510 285 529 ‚
302 481 525 521 bellantibus
541 485 641 522 Deos
658 486 784 524 adesse
797 496 832 524 et
854 489 1042 537 auxiliari,
1065 499 1266 540 putarunt,

155 558 266 599 atque
292 552 388 590 inter
411 565 538 591 eorum
566 555 666 592 Deos
703 555 854 595 fuerunt
887 557 967 606 ipse
995 560 1171 610 Mann,
1201 563 1268 611 qui

158 622 323 662 omnium
337 623 567 662 fortissimus
582 626 692 664 heros
707 626 780 664 fuit
790 656 801 674 ‚
815 636 850 665 et
864 628 925 666 ille
942 629 986 664 W
999 642 1021 667 o
1033 616 1120 669 dan
1131 660 1144 679 ‚
1156 643 1266 681 quem

159 691 246 730 belli
288 693 420 732 ducem
456 685 738 735 venerabantur.
777 697 861 748 (3).
920 700 1051 738 Hunni
1083 702 1268 741 Martis

157 762 317 811 gladium
335 792 348 812 ‚
377 764 431 802 uti
455 774 491 804 et
514 766 677 804 Romam·
699 768 884 806 Saliorum
907 770 1034 808 ancilia
1048 799 1059 817 ‚
1075 773 1270 811 eDeorum

159 833 311 871 sedibus
326 834 518 873 dimissum
535 864 547 883 ‚
563 837 775 885 cogitarunt
790 849 908 886 eoque
922 840 1065 878 honore
1088 854 1170 880 sese
1185 855 1272 892 prae

160 903 316 951 reliquis
331 906 506 952 gentibus
521 907 678 946 donatos
693 907 951 946 existimarunt
966 938 978 954 ,
995 912 1097 957 quod
1111 912 1271 959 gladium

161 961 464 1023 Attilae-ipsi
492 976 760 1014 commiserunt
796 976 881 1025 (4).
937 979 1097 1027 Antiqui
1130 979 1272 1018 incolae

159 1043 342 1095 Europac
379 1044 544 1092 mediae,
571 1046 740 1095 inprimis
780 1048 1071 1095 septentrionem
1111 1061 1272 1098 versus,

161 1114 391 1153 Scandinavi
408 1143 421 1162 ,
461 1116 679 1154 Normamn'
695 1145 708 1164 ‚
748 1117 909 1156 Saxones
925 1147 938 1165 ‚
979 1119 1069 1166 alii,
1110 1122 1275 1160 venerati

162 1193 253 1224 sunt
274 1185 387 1223 istum
409 1185 443 1224 O
457 1186 612 1224 diuum
628 1216 640 1234 ‚
672 1189 789 1226 Deum
814 1189 1005 1238 sanguinis
1022 1191 1173 1229 humani
1197 1195 1274 1231 avi-

162 1255 354 1294 dissimum
368 1285 381 1304 ‚
395 1266 430 1294 et
450 1266 645 1305 sperarunt
672 1257 753 1296 fore
768 1288 781 1306 ‚
807 1260 1047 1308 utquisque,
1074 1263 1139 1309 qui
1159 1262 1275 1310 pluri-

163 1337 247 1363 rnos
271 1325 308 1364 in
327 1334 419 1364 terra
446 1327 666 1366 trucidasset
697 1330 850 1375 hostes,
876 1331 1123 1378 gratissimum
1141 1342 1271 1381 potum

166 1395 205 1433 in
234 1396 429 1435 Wallzalla
445 1426 457 1444 ‚
482 1397 507 1439 i.
523 1410 556 1436 e.
578 1398 617 1435 in
633 1399 735 1437 beata
763 1409 966 1438 mortorum
990 1403 1076 1439 sede
1090 1431 1102 1449 ‚
1134 1402 1275 1442 biberet

167 1476 188 1503 e
220 1465 354 1504 craniis
382 1466 569 1515 galeisque
603 1468 910 1517 interfectorum,
957 1480 998 1508 ut
1032 1472 1171 1510 mortui
1199 1474 1277 1512 vic-

165 1535 282 1575 torias
317 1538 362 1576 de
401 1538 615 1577 fortissimis
646 1539 823 1578 hostibus
867 1540 921 1579 ibi
954 1551 1184 1589 reportarent
1217 1556 1278 1582 ae-

166 1590 288 1646 ternas
298 1635 311 1656 ‚
327 1619 437 1656 quam
453 1608 665 1648 felicitatem
677 1610 721 1648 iis
736 1610 953 1649 concederet
977 1612 1011 1650 O
1025 1613 1112 1650 din
1124 1625 1148 1651 u
1159 1625 1177 1652 s
1189 1614 1209 1658 ζ
1211 1613 1273 1662 5).

1220 1687 1275 1723 At

205 1787 257 1828 (ι)
278 1788 329 1818 Cf.
351 1789 497 1820 Herod.
520 1790 573 1820 IV.
591 1798 621 1820 c.
642 1792 693 1827 63.

206 1838 260 1882 (ε)
281 1845 354 1876 Vid.
375 1847 480 1882 Tyge
509 1848 664 1884 Rothe,
700 1850 828 1878 Invloed
859 1860 894 1878 en
927 1853 1117 1889 uitwerking
1139 1865 1198 1884 van
1225 1857 1278 1886 het

173 1903 381 1934 Chris-tendam
412 1913 446 1941 op
475 1905 509 1933 de
543 1907 683 1942 vor-ming
700 1916 735 1934 en
759 1908 815 1935 deu
839 1909 981 1937 roes-tund
1009 1910 1064 1937 der
1087 1913 1194 1941 volken
1220 1925 1277 1945 van

170 1962 316 1998 Europa,
337 1961 458 1997 (versio
479 1962 611 1997 Belgica.
633 1963 743 1997 Ultraj.
770 1965 879 2001 1799.)
900 1966 947 1995 lV.
968 1974 1001 2001 p.
1022 1974 1091 2003 392.

209 2019 261 2055 (5)
284 2018 355 2048 Vid.
377 2019 464 2046 Tac·
484 2019 518 2046 de
547 2020 633 2049 BIor.
661 2021 758 2048 Germ.
783 2029 811 2051 c.
844 2029 873 2056 7.
906 2029 937 2051 et
968 2025 1149 2062 Herder,
1167 2027 1278 2066 Ida-En,

171 2076 224 2104 v1.
245 2084 277 2110 p.
301 2081 348 2107 ιε.
974 2066 979 2071 “

206 2132 260 2169 (4)
279 2131 354 2161 Vid.
375 2132 623 2168 jornandes,
645 2134 679 2161 de
697 2135 786 2162 rebus
807 2136 946 2173 Geticis,
965 2146 998 2173 p.
1015 2145 1084 2176 471.

210 2186 265 2226 (5)
286 2189 344 2218 eff.
366 2190 399 2218 F.
419 2190 568 2222 Rome,
593 2191 633 2219 11.
654 2199 685 2226 p.
706 2196 785 2229 406,
805 2200 872 2230 412.
893 2195 948 2223 111.
975 2203 1008 2230 p.
1035 2200 1109 2233 378,
1131 2206 1162 2227 et
1189 2202 1279 2230 cna-

175 2245 431 2283 teaubriaud,
460 2248 483 2276 1.
506 2248 529 2276 1.
548 2255 579 2282 p.
601 2256 665 2284 ¹49}
685 2254 751 2281 170.
