1564 2750
409 170 917 211 LITERARIA.
1149 181 1227 218 127

121 293 229 337 gente
263 282 484 328 necessitate
521 281 577 320 uti
613 287 791 329 possent;
835 286 878 317 ut
909 289 1042 318 aureus
1070 279 1133 317 ille
1156 279 1236 319 Mi-

119 366 251 396 nervae
287 353 475 400 vestitus,
517 352 609 400 qui,
649 351 682 388 si
719 350 880 396 vellent,
918 350 1003 387 inde
1032 349 1128 388 demi
1164 361 1234 398 po-

122 434 243 474 tera-t,
278 433 320 464 et¹
349 422 587 473 quadraginta
619 420 766 459 talentis
799 418 1010 458 aestimatus
1043 427 1120 457 erat
1147 420 1231 469 (1).

116 496 280 538 Nullum
313 494 425 543 igitur
461 500 632 540 superest
660 490 837 536 dubium,
866 489 957 537 quin
980 488 1069 527 satis
1094 489 1234 526 refuta-

119 574 192 604 tam
208 564 417 615 judicemus
439 561 710 601 accusationem
736 559 904 598 exhausti
925 559 1094 597 aPericle
1113 559 1234 597 Athe·

117 636 366 675 theniensium
415 633 557 672 aerarii.
633 631 709 670 Cui
748 639 805 668 tot
853 627 1032 678 praesidia
1084 640 1234 677 supere-

118 715 221 753 rant,
248 713 331 744 tuto
368 704 543 743 affirmare
571 709 743 750 poterat,
778 701 860 739 fore
886 709 927 738 ut
950 699 1233 738 Lacedaemonii

115 777 189 827 jam
222 786 325 814 -nunc
365 773 490 821 inopia
524 768 759 818 laborantes,
787 781 864 808 non
898 770 962 808 diu
997 769 1233 818 resisterent,

76 850 78 854 ⁴
116 844 443 892 Atheniensesque
466 842 644 882 Graeciae
672 843 866 880 evaderent
892 840 1045 878 domini.
1098 840 1237 897 Etsic

117 916 165 955 ad
189 915 334 953 tertiam
362 913 591 962 quaestionis
619 920 757 961 partem
783 911 1048 959 pervenimus;
1077 922 1150 958 qua
1177 910 1236 948 in-

117 966 364 1035 dagabimus,
399 992 524 1022 utrum
554 982 708 1031 politica
743 980 893 1020 Periclis
926 979 1082 1019 consilia
1114 981 1236 1019 Athe-

118 1055 303 1094 niensium
329 1056 482 1105 imperio
517 1051 754 1101 profuerint,
782 1062 828 1090 an
862 1051 1075 1090 nocuerint.

615 1211 654 1258 §-
709 1223 745 1260 3.

161 1364 264 1415 Quid
284 1364 405 1415 effecit
428 1365 591 1407 Pericles
615 1365 670 1404 ad
691 1365 972 1405 Atheniensium
997 1365 1194 1416 imperium

513 1434 841 1484 confirmandum?
900 1454 906 1464 ·

171 1581 361 1621 Himerius
373 1582 442 1632 (ε)
456 1610 471 1630 ,
495 1594 719 1631 quamquam
740 1592 903 1622 ceterum
924 1584 1045 1622 minus
1065 1592 1233 1622 accurate

120 1651 290 1701 loquitur
302 1681 314 1700 ‚
342 1652 453 1692 nobis
468 1661 589 1692 tamen
600 1652 762 1693 dilucide
773 1654 972 1703 explicavit
986 1683 999 1702 ‚
1016 1654 1107 1702 quid
1118 1655 1235 1694 Athe·

119 1722 267 1762 nienses
287 1723 324 1761 in
352 1724 464 1764 rebus
486 1725 620 1763 exteris
641 1725 814 1763 curandis
826 1725 981 1764 maxime
993 1733 1230 1774 spectarent;

122 1804 293 1843 quaeque
317 1794 385 1833 hac
419 1795 459 1833 in
479 1807 518 1833 re
539 1794 689 1835 Periclis
718 1794 858 1834 fuerint
884 1804 1020 1845 partes.
1074 1796 1234 1834 Demos-

119 1864 269 1903 thenem
302 1866 571 1905 enim'inducit
593 1866 683 1906 haec
712 1867 824 1906 verba
848 1866 1049 1906 dicentem:
1077 1865 1117 1912 ἦν
1148 1870 1234 1915 ἡμῖν

1143 1954 1231 1978 ποτε

155 2039 206 2079 (¹)
227 2041 266 2070 Et
284 2041 336 2069 hic
356 2043 515 2073 Diodorus
543 2049 631 2072 errat.
657 2043 749 2072 Conf.
771 2044 903 2073 Wessel.
925 2043 961 2070 ad
975 2043 1005 2070 h.
1024 2043 1046 2070 1.
1068 2056 1104 2063 —
1129 2043 1231 2073 Thuc-

115 2097 156 2125 11.
175 2105 242 2133 cap.
266 2107 314 2135 14·
335 2113 375 2123 ,-
395 2103 496 2131 schol.
518 2102 554 2129 ad
576 2100 728 2136 Aristoph.
748 2101 826 2129 Plut.
848 2108 896 2129 vs-
917 2103 985 2137 496.
1009 2100 1112 2136 ibique
1140 2102 1233 2130 Hem-

118 2155 212 2182 sterh.
242 2168 279 2175 -
305 2144 403 2187 C'onf.
434 2165 463 2187 et
489 2157 639 2188 Andocid.
666 2158 703 2186 de
727 2160 802 2188 Pace
822 2165 854 2193 p.
873 2166 923 2194 92.
946 2164 1035 2192 atque
1065 2159 1232 2188 Aeschines

119 2211 157 2238 de
189 2211 261 2239 falsa
287 2191 442 2250 Ielgatione
466 2223 498 2251 p.
522 2216 589 2250 336.

100 2302 107 2310 ‚
159 2267 211 2302 (2)
233 2267 305 2296 Eclo
315 2280 344 2308 g.
365 2271 406 2301 11.
430 2267 459 2309 ξ.
485 2279 529 2301 10.
551 2280 582 2308 p.
606 2279 654 2305 50·
677 2271 818 2299 Wernsd.
840 2271 918 2306 apud
940 2271 1029 2300 Phot.
1054 2279 1085 2306 p.
1112 2275 1196 2302 1080.

315 2327 318 2340 1

1246 228 1345 259 sectio
1359 228 1410 258 111.
1427 223 1456 267 §a
1467 235 1495 257 2·-
