1502 2767
371 171 962 218 TnEonoorca,
1169 180 1229 226 *59

118 291 265 322 natura,
291 290 331 320 et
375 282 468 321 ratio
514 282 584 333 (1)
632 284 793 333 iubent,
823 296 1032 334 quamque
1074 285 1228 324 Ethices

118 353 352 394 Christianae
385 353 554 392 doctrina
589 364 666 391 non
699 363 824 402 potest
850 365 925 392 non
954 355 1228 402 comprobare?

119 423 194 462 Est
214 422 275 460 illa
288 422 529 460 fanaticorum
552 422 715 461 doctrina
731 452 744 470 ‚
772 435 865 471 quae
892 423 1076 461 hominem
1098 424 1230 473 Jubet‚

119 492 242 541 ipsum
273 492 400 540 potius
412 492 560 530 interire
574 521 587 539 ‚
603 504 709 539 quam
727 493 788 531 alii
802 522 814 541 ,
828 493 957 530 hostili
970 493 1090 531 animo
1106 494 1228 542 ipsum

117 561 368 610 aggredienti,
390 562 464 600 vim
491 573 709 611 opponere,
738 572 773 600 et
803 563 976 601 omnibus
1010 563 1158 612 juribus
1191 574 1227 602 et

122 630 260 678 bonis,
299 642 392 679 quae
428 634 560 683 natura
594 641 630 669 et
651 633 734 682 Jure
756 632 1050 682 acquisivimus,
1093 634 1229 673 valedi-

113 710 200 738 cere
234 709 269 737 et
296 700 432 747 privari
465 713 504 738 se
539 701 672 741 sinere.

169 769 318 818 Quodsi
350 770 437 808 haec
476 773 618 809 valeant
651 772 696 809 de
724 771 881 820 singulis
913 772 1126 811 hominibus
1156 775 1231 822 pri·

120 838 243 885 vatis,
281 849 370 877 num
410 840 559 888 populis
596 840 697 878 idem
727 841 862 888 liceat,
900 852 980 879 non
1006 832 1098 889 est‚⁷
1129 834 1229 891 Quod

119 907 271 947 uberius
304 909 525 947 disseramus
553 910 658 960 (2).v
692 910 820 958 Nam,
849 922 965 958 quum
1004 905 1228 958 populorum

120 978 197 1026 sit,
231 990 314 1017 cum
331 979 411 1016 aliis
435 979 635 1025 omnibus,
662 987 704 1016 nt
738 990 821 1016 cum
860 977 1017 1028 singulis
1054 979 1229 1027 civibus,

118 1049 265 1086 summa
294 1047 441 1096 J'ustitia
473 1059 603 1095 agere,
644 1048 783 1086 *merito
822 1048 867 1086 ab
903 1048 1013 1095 aliis,
1036 1057 1078 1086 ut
1102 1061 1227 1087 secum

120 1111 244 1154 eadem
260 1124 367 1164 agant
391 1116 556 1162 ratione,
581 1118 874 1166 exspectabunt:
904 1119 1006 1166 quod
1022 1120 1053 1157 si
1069 1131 1156 1157 vero
1171 1121 1231 1162 alii

120 1196 201 1224 non
222 1184 490 1233 faciant,quin
514 1196 644 1224 contra
668 1187 813 1235 omnia,
829 1199 849 1226 a
873 1188 1011 1235 quibus
1039 1187 1134 1227 alius
1159 1201 1228 1238 po-

121 1253 200 1304 puli
229 1255 330 1295 salus
366 1255 530 1304 pendet,
557 1257 777 1305 destruantg,
819 1257 950 1305 quidni
981 1269 1070 1306 gens
1084 1263 1106 1306 ,’
1137 1270 1229 1307 quae

121 1324 322 1364 socialibus
357 1325 483 1374 juncta
517 1322 703 1373 vinculis,
727 1337 833 1363 unam
863 1327 969 1374 quasi
1002 1327 1114 1366 refert
1148 1340 1232 1377 per·

120 1405 279 1440 sonam,
325 1395 387 1431 cui
420 1394 693 1443 substantiam,
741 1396 973 1444 libertatem,
1020 1397 1229 1445 honorem,

121 1464 379 1514 possessiones
419 1473 455 1503 et
489 1466 655 1513 reliqua,
693 1465 831 1513 quibus
865 1468 964 1504 salus
1005 1467 1128 1516 augeri
1162 1480 1230 1517 po-

123 1543 226 1583 test,
261 1535 502 1573 conservandi
545 1544 582 1573 et
613 1535 741 1573 tuendi
778 1547 901 1578 curam
943 1537 1097 1575 Ethices
1133 1538 1228 1576 Chr.

124 1604 290 1646 doctrina
317 1606 486 1654 mandat,
517 1606 635 1660 multo
658 1605 765 1642 etiam
792 1606 904 1654 magis
927 1618 1075 1655 operam
1106 1607 1232 1654 dabit,

125 1683 169 1712 ut
198 1675 290 1712 alios
325 1674 363 1712 vi
393 1683 501 1723 cogat
531 1675 613 1723 jura
648 1675 783 1713 violata
812 1675 1032 1723 restituere,
1067 1677 1234 1726 justitiae

123 1753 162 1781 et
193 1743 386 1791 aequitatis
410 1745 508 1792 leges
539 1744 767 1783 observare?
795 1743 909 1793 Quod
947 1754 984 1784 et
1013 1755 1090 1784 tum
1125 1748 1235 1785 Ethi-

127 1824 189 1852 ces
231 1813 465 1851 Christianae
507 1814 672 1852 doctrina
722 1815 899 1852 concedat
952 1826 1104 1854 necesse
1152 1827 1232 1863 est,

126 1883 193 1935 ubi
223 1885 387 1936 populus
423 1884 525 1933 prior
557 1885 710 1922 alterum
729 1912 740 1932 ‚
769 1885 908 1934 injuste
941 1895 1105 1936 agentem
1123 1914 1135 1932 2
1172 1899 1234 1934 ag—

1156 1954 1254 2006 gre?

168 2075 407 2117 <1)Fichte‚
443 2079 557 2114 System
589 2078 644 2104 der
676 2077 888 2113 Sittenlclzre,
928 2087 993 2114 pag.
1024 2086 1078 2114 373
1106 2087 1137 2107 et
1165 2089 1234 2114 410.

131 2134 326 2170 ueringa,
348 2136 474 2163 Tiemal
499 2134 710 2162 Leerredenen
737 2141 784 2163 tot
809 2137 1012 2172 aanprijzing
1040 2146 1099 2166 van
1119 2137 1238 2165 Christ.

136 2191 286 2227 deugden,
307 2200 338 2227 p.
361 2199 427 2228 192.

176 2245 227 2285 (a)
247 2247 462 2283 Mosheim‚
484 2248 523 2278 Τ.
546 2249 615 2278 vn.
637 2257 704 2285 pag.
728 2258 794 2286 254.
817 2257 882 2284 sqq.
