1523 2745
428 190 1004 257 LITERARIA.¹
1200 206 1245 245 17

121 306 261 348 parteS.
318 299 373 337 At
397 299 524 348 aequis
549 300 669 339 oculis
689 302 881 350 popularis
905 302 1092 352 regiminis
1118 300 1244 344 fautor

119 367 243 406 videre
281 377 359 406 non
399 377 544 417 poterat
586 370 793 418 Spartanos
834 371 1028 420 imperium
1068 373 1243 414 Boeotiae

119 436 313 476 Thebanis
339 439 547 483 ,restituere
589 441 781 478 studentes
810 449 922 488 atque
953 442 992 480 in
1028 453 1068 481 ea
1092 443 1241 492 regione

113 507 363 546 subsistentes
391 506 475 556 (1).
504 508 763 556 Praeterquam
786 510 903 557 enim,
922 512 1028 559 quod
1057 513 1105 551 ita
1131 513 1237 553 The·

109 575 289 616 banorum
326 577 619 617 Atheniensibus
653 577 876 618 infestorum
936 581 1034 619 vires
1079 584 1234 623 nimium

107 656 315 685 crescerent
331 675 345 695 ,
386 656 462 686 erat
486 648 681 697 suspicio,
708 649 911 698 Spartanos
933 651 1018 689 illos
1049 651 1094 690 ab
1135 654 1234 702 opti-

106 716 269 755 matibus
309 718 447 756 Atticis
476 719 670 757 sollicitari
703 721 748 758 ad
784 722 1015 760 evertendam
1043 723 1231 763 democra-

106 785 219 834 tiam,
236 788 587 836 >restituendamque
629 796 787 826 veterem
815 789 926 838 Reip.
952 789 1122 829 formam.
1149 792 1229 830 Ob·

101 854 199 893 viam
225 855 301 894 illis
325 856 394 896 ivit
429 858 715 896 Atheniensium
748 861 932 898 exercitus
963 869 998 898 et
1025 860 1225 911 prosperae

99 937 218 974 prope
256 926 501 991 Oenophytas
539 940 687 977 pugnae
714 930 919 983 praecessit
952 931 1074 986 clades
1101 931 1225 971 Tana-

94 996 216 1045 graica
241 997 327 1046 (2).
379 999 422 1036 In
448 998 590 1037 infelici
622 1000 693 1037 hoc
709 1001 856 1048 proelio
882 1001 989 1039 amici
1018 1002 1220 1051 Cimonis,

93 1066 174 1113 ejus
207 1067 358 1106 hortatu
395 1067 544 1107 fortiter
570 1069 811 1117 dimicantes,
851 1072 896 1109 ad
936 1082 1052 1110 unum
1088 1083 1218 1112 omnes

90 1136 317 1175 ceciderunt.
387 1139 508 1177 Nemo
545 1150 634 1177 vero
680 1139 818 1178 fortius
858 1151 934 1178 rem
977 1142 1092 1190 gessit
1130 1144 1217 1192 ipso

89 1205 258 1255 Pericle,
296 1206 363 1255 qui
401 1207 540 1247 virtute
576 1219 614 1247 et
645 1209 793 1248 audacia
819 1212 889 1263 sua
924 1223 1010 1259 prae
1039 1211 1215 1253 omnibus

86 1276 255 1315 emicuit.
291 1277 540 1317 Athenienses
562 1280 601 1316 in
636 1279 729 1328 ipsis
754 1280 919 1329 regionis
943 1293 1031 1320 suae
1052 1283 1217 1321 confini.>

84 1346 157 1384 bus
173 1347 294 1385 victos
309 1348 506 1386 vehemens
519 1348 619 1397 cepit
630 1348 800 1388 Cimonis
814 1350 1050 1399 desiderium,
1064 1353 1127 1399 qui
1141 1354 1210 1402 ,li-

82 1423 142 1454 cet
159 1417 269 1466 J'ussu
291 1426 439 1456 senatus
466 1418 752 1471 quingentorum
763 1419 835 1470 (3)
858 1431 935 1458 non
959 1421 1143 1461 admissus
1165 1423 1205 1462 in

79 1486 157 1525 acie
168 1495 298 1526 contra
313 1488 607 1537 Peloponnesios
623 1516 636 1536 ,
656 1489 745 1526 satis
759 1497 880 1527 tamen
901 1489 1144 1540 probaverat,
1162 1503 1205 1531 se

78 1568 157 1596 non
186 1557 238 1595 ita
264 1557 418 1605 Spartae
445 1558 629 1596 addictum
655 1570 758 1607 esse,
792 1569 835 1597 ut
872 1559 1035 1608 ingratae
1063 1564 1202 1611 patriae

79 1639 227 1676 operam
250 1640 353 1667 suam
374 1628 583 1678 denegaret.
612 1629 699 1666 Huc
725 1641 841 1677 quum
867 1632 1052 1669 accederet
1068 1632 1197 1680 ,illum

77 1709 191 1737 unum
214 1707 342 1748 aptum
370 1699 511 1746 videri,
541 1699 606 1747 qui
629 1711 755 1748 pacem
772 1700 868 1737 inter
881 1702 1063 1752 populum
1089 1703 1195 1741 resti-

75 1776 195 1806 tueret
216 1776 418 1817 utrumque
434 1797 446 1816 ‚
473 1769 613 1808 civium
635 1770 734 1808 votis
760 1770 930 1808 resistere
954 1772 1076 1810 noluit
1093 1773 1194 1811 Peri·

73 1840 178 1887 cles,
208 1839 274 1877 sed
309 1847 446 1888 sponte
472 1838 658 1879 decretum
684 1840 886 1890 proposuit
910 1841 956 1879 de
980 1845 1189 1882 revocando

1122 1912 1188 1952 Ci.

1180 1953 1204 1968 μ,

111 2047 167 2084 (ι)
190 2047 288 2076 Thuc.
313 2056 376 2083 107.
397 2051 428 2078 8.
449 2047 500 2077 cf.
523 2048 658 2077 Boeckh.
679 2048 716 2076 ad
732 2045 820 2076 Pind.
842 2047 946 2076 Isthm.
965 2047 1018 2077 vl.
1032 2054 1065 2083 p.
1083 2055 1159 2083 ⁴532·

105 2105 161 2143 (α)
181 2105 262 2134 Plut.
283 2104 395 2134 Pericl.
409 2112 454 2134 ιο.
467 2112 498 2133 et
514 2104 592 2134 Cim.
613 2113 660 2140 17.
683 2106 780 2133 Thuc.
803 2105 828 2133 1.
854 2108 920 2134 108.
942 2105 1025 2134 Plato
1046 2106 1179 2142 Menex,

69 2161 326 2199 p.242.Diversas
343 2169 390 2190 res
407 2161 668 2191 confunditDiod.
688 2162 750 2191 Sic.
761 2163 813 2192 xl.
831 2165 943 2195 80—83
967 2162 1016 2191 Cf.
1028 2163 1178 2200 Boeckha,

67 2218 121 2255 qui
141 2218 302 2253 diligenter
316 2218 430 2253 singula
449 2218 601 2255 disposuit
619 2218 650 2248 in
673 2220 761 2255 Expi.
781 2218 868 2251 vind.
881 2226 918 2255 p.
937 2227 1005 2255 532.
1023 2229 1052 2255 8·

103 2275 155 2314 (3)
173 2277 253 2306 Plut.
275 2275 352 2305 Cim.
375 2283 420 2310 ιγ.

114 2345 219 2371 ΒοοΤ
592 2332 621 2369 Β
