1502 2767
481 149 1081 195 THEOLOGICA.
1179 159 1185 164 “
1280 161 1328 203 83

258 256 406 306 Quodsi
438 266 560 298 autem
597 260 796 309 singularia
821 263 981 302 Divinae
1015 276 1123 304 curae
1145 265 1183 303 in
1223 266 1322 305 bello

208 327 372 375 exempla
407 339 559 375 quaeras
580 356 593 376 ,
629 332 831 378 perlustres
860 343 1009 372 nostrae
1037 336 1176 383 patriae
1202 337 1322 374 histo·
1368 324 1374 330 ⁸

206 394 325 444 riam3
354 397 567 445 saepissime
603 400 669 438 Illa
698 402 786 440 mari
823 415 863 441 ac
903 404 1122 443 fluminibus
1159 417 1229 445 nos
1262 407 1322 446 lu-

201 465 452 505 culentissime
478 468 724 519 circumtegit.
754 473 835 510 Nec
862 485 952 512 vero
977 474 1100 512 minus
1135 477 1317 515 recentis-

200 535 291 573 sima
317 545 435 576 aetate
455 539 610 577 maxime
647 543 900 581 memorandae
926 553 1013 582 sunt
1040 545 1200 584 Russiae
1225 545 1314 584 soli-

197 604 372 652 tudines,
405 606 472 645 ubi
508 619 584 647 non
630 610 794 649 hostium
833 624 956 661 arma,
995 614 1246 663 sedvpruinae
1278 623 1316 654 et

196 674 301 713 nives
317 704 328 722 ,
353 676 543 726 Francos,
570 666 772 729 postquam
797 690 856 720 tot
875 683 970 721 bella
994 683 1130 733 injusta
1155 697 1196 723 ac
1228 697 1314 724 cru-

193 743 287 783 delia
318 745 357 783 in
381 746 575 800 Europam
597 759 814 801 gesserant,
837 754 950 802 jussu
983 753 1112 792 divino
1146 763 1315 804 prostra-

191 813 292 853 visse
318 816 507 856 videntur.

239 884 274 923 O
292 888 487 934 providam
505 888 685 927 bellorum
711 901 837 937 curam
852 919 865 938 ,
882 892 1082 940 sapientem
1109 901 1145 931 et
1178 893 1308 943 benig-

189 947 272 992 nam
290 983 303 1002 ,
323 956 458 994 utinam
475 960 587 996 semel
601 958 670 996 rite
685 968 721 1004 te
744 971 1014 1009 cognoscamus
1028 990 1042 1009 ‚
1068 974 1110 1000 ac
1127 963 1303 1002 laudibus

188 1023 311 1072 dignis
343 1026 568 1065 celebremus
594 1029 714 1067 Deum
730 1056 743 1078 ,
775 1031 941 1070 omnium
964 1031 1148 1071 bellorum
1175 1042 1303 1071 aucto-

185 1104 261 1132 rem
288 1106 330 1132 ac
363 1096 653 1137 moderatorem!
682 1100 766 1149 (1).

222 1222 277 1260 (ι)
297 1225 356 1261 Qui
380 1226 440 1255 hoc
467 1227 505 1256 de
529 1235 705 1263 argumento
728 1230 815 1265 plura
840 1231 942 1265 legere
975 1229 1094 1267 velint,
1124 1230 1305 1263 emiserant:

182 1281 294 1319 Bn'efe
316 1292 348 1312 u,
365 1283 397 1312 cl.
411 1285 453 1314 K.
462 1285 501 1320 'p.
518 1290 763 1323 5-11‚46—58.
784 1288 1010 1323 Jerusalem
1022 1289 1156 1323 ,Voorm
1169 1289 1301 1320 Waarh.

180 1339 235 1367 VI·
254 1339 406 1370 Verhand.
430 1342 456 1370 I.
484 1349 517 1376 p.
544 1352 614 1374 201·
640 1351 708 1379 sqq.
738 1345 760 1372 E
773 1346 896 1379 wald,
926 1346 950 1374 1.
967 1347 988 1375 1.
1005 1355 1039 1381 p.
1063 1350 1183 1382 18-22.
1203 1348 1299 1391 1)ζεῖ-

181 1395 298 1430 seke,
325 1397 429 1425 Det-de
451 1399 617 1442 Leerrcae,
655 1402 705 1430 M.
727 1402 914 1437 Kemper,
935 1403 1050 1433 Proeve
1079 1413 1149 1434 over
1167 1405 1224 1433 den
1246 1407 1303 1434 in-

177 1453 267 1483 vloed
283 1453 338 1481 der
353 1455 572 1491 staatkundn'ge
588 1458 858 1495 gibeurtem'ssen,
875 1460 983 1494 seclert
1003 1460 1085 1488 rus'm'
1105 1462 1300 1498 vijfentwin-

180 1510 227 1545 tfg
258 1511 351 1544 jann
377 1517 436 1541 m.
465 1510 555 1547 (Vid.
589 1501 669 1552 opp.
706 1515 816 1543 Theol.
851 1517 968 1546 societ.
1004 1518 1127 1552 Teyier.
1169 1511 1298 1559 xv'111.)

176 1567 200 1594 B
214 1574 351 1602 orger,
383 1568 496 1596 Oratio
514 1569 549 1596 de
567 1554 731 1599 Historiae
751 1572 872 1600 doctore
884 1592 894 1607 ,
912 1574 1132 1609 providentiae
1153 1576 1294 1606 Divinae

175 1623 382 1660 administro,
411 1626 676 1663 Tzschirner‚
713 1637 744 1658 u.
785 1629 816 1658 d.
847 1630 887 1658 K.
921 1638 954 1665 p.
993 1637 1165 1669 eol-2297,
1202 1634 1241 1662 Η.
1269 1634 1298 1670 J.

176 1680 347 1716 Nassall,
370 1683 564 1710 Historische
583 1691 697 1720 praeve
716 1695 787 1715 over
805 1687 860 1714 den
877 1692 1040 1724 guustigvu
1060 1690 1202 1727 invlocd,
1221 1691 1293 1719 allen

174 1737 210 1766 de
235 1739 414 1774 opvolgende
431 1742 568 1776 oorlogcn
590 1742 644 1768 cler
674 1743 748 1770 oude
771 1743 985 1773 Geschtedenis
1003 1753 1036 1782 op
1056 1747 1112 1774 aen
1132 1749 1292 1784 trapswt'j-

178 1780 420 1833 zeh'voortgang
439 1807 474 1824 en
493 1798 527 1825 de
539 1799 737 1838 uitbreiding
755 1801 810 1828 der
826 1802 1009 1839 heschaving
1028 1804 1141 1833 hebben
1159 1806 1295 1842 αἰτιαθε-

174 1853 271 1890 send,
291 1852 480 1891 (Groningae
499 1856 579 1892 apud
600 1850 845 1896 Ro‘mmelingh.)
863 1858 1013 1896 aliosque.

690 2294 720 2332 F
746 2309 769 2334 2
1149 2301 1291 2344 PARS
