1502 2767
279 222 350 247 222
516 209 1179 249 COMMENTATIO

270 327 312 356 ret
339 319 433 356 bella
466 319 514 355 ob
546 318 757 367 religionem
794 318 1070 365 Christianam,
1100 330 1214 368 eaque
1240 319 1382 368 ingenti

273 388 488 426 crudelitate
503 396 603 437 gesta
619 415 632 435 ‚
647 399 851 437 provocare
875 390 998 427 solent
1012 416 1025 435 ,
1041 389 1132 437 quin
1149 401 1193 427 eo
1211 389 1382 429 audaciae

272 459 492 507 procedere,
523 467 564 494 ut
581 486 593 504 ,
620 457 750 495 melius
777 470 862 496 cum
901 469 1032 506 genere
1065 459 1228 496 humano
1254 469 1378 498 actum

273 528 427 575 fuisse,›
446 530 478 566 si
501 528 670 565 homines
693 529 785 565 hanc
807 539 997 577 nunquam
1010 529 1194 578 cognitam
1230 530 1382 569 habuis·

272 609 376 646 sent,
403 599 588 637 clamitare
615 599 770 636 audeant
797 598 889 649 (1)!
933 600 996 638 vix
1025 600 1101 650 (sic
1125 609 1381 649 argumentan-

272 667 358 716 tur)
392 669 522 717 religio
557 668 768 707 Christiana
805 679 871 716 per
904 668 1048 716 aliquot
1079 670 1202 708 secula
1230 671 1380 708 exstite-

272 748 351 785 rat,
380 739 470 786 quin
500 740 583 776 lites
616 747 654 776 et
684 739 779 777 bella
811 739 955 777 interna
982 739 1086 776 omni
1122 751 1188 777 sua
1225 740 1263 778 vi
1289 752 1382 779 exo-

269 810 455 857 rirentur3
498 809 682 857 Episcopi
725 821 816 847 suos
858 809 996 858 singuli
1031 800 1310 848 inflammabant
1345 819 1382 849 et

272 881 373 916 omni
415 880 630 917 crudelitate
670 880 708 916 in
747 890 787 916 se
821 879 978 917 invicem
1024 879 1238 918 saeviebant
1284 878 1380 927 (2);

273 949 405 997 probet
439 949 475 987 id
507 949 642 987 seditio
678 959 698 985 a
730 950 889 987 Damaso
927 957 964 987 et
998 948 1169 988 Urfieino
1216 959 1383 986 commo·

272 1028 307 1056 ta
334 1020 427 1069 (3);
455 1040 508 1050 —
534 1029 576 1056 ut
595 1030 640 1056 ex
666 1018 766 1057 mille
790 1019 966 1067 exemplis
992 1030 1107 1057 unum
1126 1018 1384 1058 afferatur.—

272 1088 368 1126 Mox
408 1087 605 1126 Primarius
642 1088 785 1125 Romae
818 1088 1059 1136 Episcopus,
1114 1099 1229 1136 quum
1262 1087 1384 1125 omnia

272 1169 388 1206 paene
414 1159 655 1207 subegisset,
697 1157 854 1196 fulmine
881 1158 1067 1196 Vaticano
1091 1158 1263 1204 caedem,
1290 1157 1387 1195 sedi-

273 1229 438 1273 tionem,
468 1228 597 1266 turbas
630 1227 861 1266 concitavit!
902 1228 994 1265 Non
1028 1236 1170 1265 tantum
1197 1226 1387 1265 Ecclesiae

273 1298 432 1336 ministri
466 1298 562 1335 bella
595 1299 826 1344 excitarunt,
855 1306 897 1335 ut
928 1297 1124 1346 imperium
1151 1297 1388 1335 Ecclesiasti-

272 1380 357 1406 cum
393 1368 628 1415 stabilirent3
664 1369 730 1406 sed
761 1376 798 1405 et
819 1367 893 1415 ipsi
929 1366 1120 1415 principes
1154 1365 1204 1404 ob
1238 1365 1386 1415 religio-

271 1449 354 1474 nem
393 1438 642 1476 Christianam
677 1437 872 1479 innumeta
906 1437 1001 1476 bella
1048 1445 1265 1486 gesserunt:
1316 1437 1390 1476 Ca·

273 1511 378 1546 rolus
410 1509 572 1557 Magnus
608 1519 682 1546 uno
721 1509 780 1546 die
817 1517 980 1555 quatuor
1013 1508 1202 1546 Saxonum
1245 1506 1385 1554 millia,

276 1580 362 1627 quia
386 1579 568 1627 baptizari
593 1579 762 1625 nollent,
792 1578 968 1616 trucidari
987 1577 1127 1626 jussit!
1158 1577 1255 1626 Quis
1281 1576 1389 1625 igno-

277 1659 330 1687 rat
365 1649 519 1687 ottonis
557 1650 595 1687 in
636 1651 763 1688 Danos
801 1649 939 1697 agendi
959 1647 1164 1695 rationem,
1201 1646 1386 1695 Equitum

1288 1716 1393 1755 Teu·

318 1848 369 1885 (ι)
390 1850 474 1893 Haec
494 1849 642 1878 calumnia
667 1849 698 1877 in
722 1850 799 1878 haud
825 1848 928 1885 paucis
951 1848 1121 1877 Deistarum
1145 1848 1265 1884 scriptis
1282 1856 1390 1877 occur-

278 1905 327 1932 rit.
350 1905 432 1934 Cfrr.
455 1914 575 1941 praeter
593 1906 688 1942 alios,
710 1907 788 1935 liber
811 1906 869 1935 iste
893 1905 1102 1941 turpissimus,
1121 1906 1171 1934 cui
1193 1904 1298 1934 titulus
1325 1912 1388 1934 est:

279 1961 326 1989 Ist
352 1972 380 1989 es
396 1962 446 1989 vim
475 1963 679 1991 aclzrzehneen
705 1963 940 2000 Jahrhundertn
966 1971 1007 1990 zu
1025 1962 1121 1998 frah,
1143 1962 1208 1989 sich
1233 1970 1293 1989 zm·
1314 1962 1392 1989 Ver·

279 2019 538 2055 tumst-religion
565 2029 603 2047 zu
631 2021 801 2054 hekekrerq
848 2027 878 2048 et
906 2021 1108 2055 Paalzow,
1144 2019 1175 2048 in
1210 2019 1388 2047 Geschichre

279 2075 334 2103 der
353 2078 496 2113 religib‘se
528 2078 807 2112 Grausamkeinn,
826 2076 941 2110 Mainz.
965 2081 1050 2107 1800.

318 2134 372 2168 (2)
390 2134 455 2162 Cfr.
484 2136 675 2170 Venema,
713 2136 838 2163 Hister.
871 2134 989 2163 Eccles.
1007 2154 1017 2170 ,
1038 2135 1131 2163 Tom.
1153 2135 1208 2164 lv.
1231 2141 1299 2169 pag.
1322 2136 1390 2170 264.

281 2188 316 2226 ᾗ.
339 2200 407 2228 247.

319 2247 371 2285 (3)
401 2250 629 2277 Ammianus
665 2247 953 2283 Marcellinus,
981 2249 1101 2277 XXVII.
1132 2250 1166 2278 B.
1199 2250 1387 2282 Bouwer‚

282 2309 422 2338 historie
449 2308 504 2334 der
535 2308 676 2342 Pausen,
700 2307 789 2336 Tom.
813 2308 837 2337 Ῑ.
862 2316 927 2342 pag.
951 2311 1115 2341 ’σός-270.
