1523 2745
277 211 351 264 238
422 206 681 254 COQMM.
735 205 1247 247 LITERARIA.

282 314 405 352 biades
446 314 619 353 Periclem
651 313 779 352 ¹debita
799 313 1030 353 observantia
1049 323 1272 364 prosecutus
1292 315 1390 356 fuis-

280 397 335 424 se.
389 384 470 423 Nec
501 384 659 422 Pericles
706 383 832 422 omisit
869 384 1082 433 ingenium,
1129 396 1204 432 quo
1242 386 1384 425 adoles·

275 465 363 493 cens
391 454 589 492 excellebat
606 482 618 500 ,
646 464 717 491 suo
743 452 863 502 pretio
893 453 1107 502 aestimare3
1136 453 1185 492 ita
1210 461 1253 493 ut
1276 455 1380 494 Alci-

277 524 420 562 biadem
456 523 592 571 quovis
619 531 786 570 tempore
816 523 862 560 ad
897 534 938 561 se
960 522 1194 570 admitteret,
1228 522 1384 572 ejusque

276 593 446 633 consiliis
472 593 512 630 in
537 592 726 630 nonnullis
752 600 929 630 uteretur.
979 593 1174 641 Namque,
1213 592 1282 630 etsi
1316 593 1381 631 vix

273 663 445 702 audiendi
479 671 595 708 sunt,
634 662 699 710 qui
719 662 949 700 contendunt
974 662 998 712 <
1006 663 1074 710 1),
1110 662 1283 701 Periclem
1313 648 1384 702 Al·

274 731 430 770 cibiadis
473 743 612 778 suasu,
671 742 718 769 ne
754 731 988 779 pecuniarum
1035 731 1105 770 sibi
1157 732 1375 772 creditarum

274 801 437 839 rationes
475 801 623 840 reddere
659 811 882 849 cogeretur,
905 802 1041 840 bellum
1064 802 1376 851 Peloponnesium

274 871 551 920 commovisse3
589 881 707 910 tamen
731 871 816 909 inde
855 872 980 921 colligi
1012 873 1177 920 poterit,
1204 873 1378 912 Periclem

275 943 357 991 eJ'us
398 942 613 980 sententiam
651 941 773 991 magni
814 941 962 980 fecisse.
1026 942 1081 981 Ita
1112 952 1149 980 et
1189 942 1381 991 vidimus,

274 1010 503 1049 Alcibiadem
516 1011 646 1049 Pericli
663 1020 776 1059 ,post
800 1011 959 1050 filiorum
973 1021 1128 1050 mortem
1146 1038 1161 1061 ,
1181 1013 1383 1060 persuasis-

276 1090 346 1128 se,
372 1089 414 1118 ut
438 1081 560 1119 denuo
593 1080 629 1118 in
654 1080 846 1129 publicum
869 1081 1046 1129 prodiret.

330 1194 418 1233 Obs.
444 1193 585 1232 XLIV,
627 1193 713 1242 Qua
737 1192 931 1230 occasione
954 1192 1041 1230 haec
1066 1191 1127 1229 lex
1151 1192 1222 1229 lata
1243 1190 1381 1239 fuerit,

276 1263 518 1302 indicavimus
545 1263 631 1301 Obs.
664 1262 806 1300 XXIV.
841 1261 1016 1310 Ejusdem
1053 1273 1141 1298 vero
1177 1262 1249 1298 hoc
1291 1267 1386 1298 tem·

277 1345 371 1384 pore
395 1343 581 1372 auctorem
605 1334 799 1383 poenituit.
840 1331 959 1381 Quam
986 1330 1034 1367 ob
1069 1342 1143 1367 rem
1176 1330 1383 1367 Athenien-

279 1415 338 1443 ses
356 1431 369 1450 ,
397 1402 672 1448 existimantes,
705 1413 786 1439 eum
810 1402 882 1450 Jarn
911 1400 998 1438 satis
1031 1410 1231 1448 poenarum
1248 1428 1262 1447 ,
1284 1399 1386 1448 quod

280 1482 368 1511 tunc
409 1473 499 1510 adeo
551 1480 760 1519 arroganter
795 1470 953 1518 egisset,
992 1469 1162 1517 dedisse,
1201 1469 1383 1509 Deorum·

280 1555 352 1590 que
379 1543 520 1580 ultione
544 1540 660 1579 fuisse
692 1552 946 1589 oppressum3
983 1539 1059 1587 ipsi
1091 1548 1385 1588 concesserunt,

282 1622 323 1650 ut
348 1613 488 1651 nothus
508 1613 575 1660 (2)
598 1611 694 1649 inter
720 1610 905 1659 legitimos
929 1609 1028 1647 cives
1052 1608 1305 1658 reciperetur,
1345 1621 1389 1649 ac

279 1681 428 1720 nomine
465 1690 615 1729 paterno
648 1681 684 1717 in
711 1691 778 1717 sua
816 1679 917 1718 curia
947 1688 1156 1716 censeretur
1181 1680 1264 1728 (3).
1315 1680 1391 1719 Hic

281 1752 440 1790 Pericles
468 1760 542 1788 erat
575 1751 672 1789 filius
711 1750 887 1798 Aspasiae
923 1749 1016 1798 (4),
1044 1757 1079 1786 et
1112 1758 1239 1798 postea
1270 1752 1392 1788 nomi-

281 1823 340 1860 nis
368 1822 613 1858 celebritatem
661 1821 816 1868 adeptus
859 1827 915 1857 est
959 1819 1118 1857 victoria
1157 1820 1202 1857 ad
1227 1819 1388 1868 Arginu-

283 1903 341 1928 sas
373 1891 512 1928 insulas
554 1899 766 1939 reportata3
794 1890 860 1928 sed
899 1901 1015 1937 quum
1047 1889 1208 1937 procella
1236 1889 1388 1938 impedi-

1360 1959 1389 1997 ti

324 2049 371 2087 (ι)
395 2051 485 2079 cons.
506 2050 575 2076 om.
593 2046 717 2076 XXXI.
736 2047 765 2076 in
785 2047 857 2077 fine.
876 2022 878 2024 ‚

324 2107 375 2146 (α)
398 2107 488 2135 Conf.
508 2106 601 2134 Arist.
621 2105 725 2135 Politt.
747 2106 799 2134 111.
828 2113 897 2139 cap.
915 2115 944 2139 5.
961 2115 993 2141 p.
1010 2113 1079 2144 344.
1104 2102 1142 2136 C.

323 2165 375 2201 (5)
397 2165 472 2192 Plut.
489 2163 517 2190 in
537 2164 601 2191 Per.
619 2169 685 2196 cap.
705 2171 752 2197 37.
770 2171 800 2196 p.
829 2169 890 2197 172.
909 2163 942 2190 E.
972 2177 1009 2184 -·
1037 2162 1155 2193 Aelim,
1176 2163 1227 2191 Vl.
1256 2171 1300 2192 10.
1316 2163 1395 2193 xm.

287 2230 387 2255 212.—
408 2221 511 2249 Liban.
534 2222 590 2255 Ep.
618 2224 685 2249 608.
711 2231 756 2240 ·—
777 2220 859 2249 Suid.
882 2219 912 2248 in
937 2228 1014 2249 voce
1036 2219 1282 2260 Δημοποίητος.

327 2286 380 2321 (4)
402 2286 548 2317 llarpocr.
570 2283 599 2311 in
622 2276 798 2313 ’Λσπαια-ῖαι
818 2280 919 2317 ibique
943 2285 1044 2312 vales·
1064 2300 1106 2309 --
1124 2283 1207 2312 suid.
1231 2286 1250 2312 1.
1272 2284 1294 2313 l·.
