1507 2876
375 243 967 294 THEOLOGICA.
1185 266 1230 307 17·

115 359 171 390 est
193 354 392 401 momenti,
419 367 528 402 quam
550 356 627 395 vita
650 358 920 408 impugnatoris
947 362 1032 412 (1).
1075 365 1230 415 Cuique

112 434 202 461 vero
223 424 296 462 civi
326 425 544 464 Christiano
571 426 658 466 licet
680 430 881 477 perniciem
912 443 932 469 a
967 444 1051 472 sese
1069 436 1229 484 depelle-

110 503 178 541 re,
206 494 444 544 magistratus
479 508 550 545 ope
583 498 777 546 implorata
803 502 893 550 (2),
920 502 982 540 cui
1005 515 1225 545 concessum

108 572 167 601 est
199 565 402 605 maleficum
440 567 593 616 punire,
621 579 688 607 nec
720 580 826 618 non,
855 582 1008 620 urgente
1027 576 1226 615 necessita-

109 643 170 682 te,
200 636 367 674 occidere
392 638 475 686 (3).
527 638 594 676 Ille
614 638 792 678 innocens
814 649 934 680 autem
955 643 994 681 in
1012 644 1074 682 illa
1099 656 1223 685 rerum

105 706 322 745 conditione
340 707 385 745 ad
399 708 651 756 magistratum
675 721 756 748 sese
779 710 950 752 conferre
971 715 1101 764 nequit
1120 716 1225 755 ideo·

97 788 182 824 »lque
196 776 239 815 fit
257 777 315 815 sui
333 777 427 827 Juris
456 777 553 836 (4),
582 787 693 827 atque
720 780 752 817 ei
772 781 1001 833 idem-licet,
1021 787 1123 834 quod
1150 799 1225 826 ma-

105 845 291 894 gistratui.
317 846 380 884 Ne
407 856 529 885 autem
558 849 643 896 quis
671 850 767 888 dicat
798 851 889 890 hanc
914 865 990 892 rem
1017 867 1224 905 repugnare

105 924 327 964 praecepto:
357 944 389 964 „
415 929 512 956 ames
536 919 688 957 alterum
705 949 717 968 ‚
735 930 776 959 ut
799 925 1101 975 temetipsum3’'
1121 939 1224 967 nam·

105 996 179 1032 que
208 986 371 1024 alterum
397 989 540 1037 magis,
571 1001 684 1037 quam
722 996 976 1044 semetipsum,
1012 1008 1143 1035 amare
1174 1010 1220 1037 eo

102 1065 179 1093 non
209 1055 436 1104 praecipitur
455 1085 468 1104 ‚
493 1059 596 1105 quod
630 1058 692 1097 ille
725 1072 813 1100 sane
847 1062 1012 1113 faceret,
1040 1067 1105 1114 qui
1131 1068 1221 1106 hos-

100 1125 161 1172 ti,
188 1137 276 1164 suae
306 1126 403 1164 vitae
434 1128 628 1176 periculo,
665 1141 844 1178 parceret.
909 1134 1024 1174 Istius
1063 1138 1219 1177 salutem

100 1204 188 1234 suae
219 1195 447 1243 praeferendi
482 1208 721 1248 praeceptum
753 1213 942 1251 nunquam
979 1217 999 1244 a
1031 1208 1122 1258 Jesu
1153 1217 1218 1247 aut

1105 1280 1216 1328 Apo-

135 1362 187 1400 (1)
207 1363 299 1399 Sunt,
320 1363 373 1399 qui
398 1363 564 1403 objiciant,
590 1369 757 1403 aggressori
781 1377 941 1408 tempore,
961 1381 1022 1408 quo
1039 1375 1218 1413 resipiscat,

97 1426 176 1454 opus
193 1427 279 1455 esse,
296 1419 429 1456 ideoque
446 1422 475 1450 ei
495 1423 588 1452 vitam
607 1426 739 1461 relinqui
767 1430 923 1463 oportere.
956 1431 1011 1459 His
1028 1440 1127 1461 autem
1152 1442 1216 1464 res-

95 1477 242 1511 pondeo,
276 1484 316 1504 ne
341 1477 398 1506 alia
433 1478 571 1515 afferam,
608 1483 732 1511 omnino
775 1491 981 1520 oppugnatum
1015 1496 1138 1524 quoque
1168 1500 1217 1520 se-

92 1540 126 1561 se
164 1534 256 1562 talem
293 1534 467 1564 existimare
513 1545 624 1572 posse,
662 1539 714 1574 qui
748 1549 876 1576 repente
908 1544 1001 1573 vitam
1038 1547 1214 1582 relinquere

95 1597 200 1625 posset
223 1598 291 1619 cum
317 1599 372 1627 spe
400 1592 507 1622 salutis
533 1601 694 1629 aeternam
734 1605 921 1634 quapropter
945 1609 1050 1630 eorum
1075 1604 1212 1638 objectio

94 1645 170 1675 nihil
195 1649 287 1677 valet.
315 1649 373 1678 eff.
395 1650 586 1686 Grotius,
608 1652 643 1681 de
670 1655 707 1691 J.
737 1656 776 1682 B*
798 1663 831 1683 et
855 1658 918 1692 P.,
945 1659 1013 1688 Lib.
1043 1661 1068 1689 1.
1099 1669 1128 1690 c.
1158 1664 1210 1692 ΠΙ.

91 1700 121 1741 §.
142 1713 173 1739 3.
194 1713 226 1740 p.
250 1714 279 1740 3.
308 1707 521 1743 Bohmeri,
541 1710 603 1746 Jus
631 1711 820 1741 Ecclesiast.
835 1733 844 1747 ,
863 1714 950 1744 Tom.
971 1717 1008 1744 V.
1031 1716 1101 1747 Lib.
1122 1720 1162 1747 V.
1184 1728 1212 1749 c.

102 1770 132 1797 3.
159 1764 182 1797 ξ.
204 1770 252 1797 23.
276 1769 307 1790 et
326 1763 558 1800 Reinhard,
578 1767 700 1798 Moral.
721 1769 758 1796 11.
779 1777 811 1804 p.
835 1779 901 1807 374.

129 1818 183 1856 (2)
205 1820 287 1848 Pauli
303 1823 466 1857 exemplo,
487 1823 563 1851 Acta
583 1824 694 1853 XXIII.
716 1835 771 1860 23,
790 1835 822 1861 31
836 1847 845 1862 ,
864 1835 910 1860 32.
931 1843 967 1850 -
987 1830 1210 1865 Apostolorum
1258 1836 1260 1838 ’

91 1877 251 1912 nonnulli,
273 1878 393 1906 Christo
419 1887 481 1907 non
501 1879 675 1915 ignorante,
695 1884 748 1910 sed
773 1884 817 1911 rei
844 1885 988 1922 conscio,
1017 1887 1075 1914 iter
1097 1888 1207 1918 fecisse

90 1934 234 1962 videntur
257 1933 346 1969 (Luc.
368 1917 463 1965 'xxm
485 1945 541 1970 35,
563 1939 612 1971 36.
641 1939 675 1966 ad
696 1947 786 1973 quem
814 1941 915 1968 locum
939 1942 1004 1971 vid.
1038 1945 1207 1974 Grotius

90 1997 122 2019 et
144 1989 337 2027 Kuinoel)
356 1992 462 2026 gladiis
488 1994 613 2028 armati,
636 1997 717 2029 qnod
735 2003 765 2023 et
784 1995 859 2025 alios
888 1999 1041 2027 Galilacos
1056 2019 1065 2035 ‚
1080 2009 1095 2027 e
1112 2003 1208 2036 patria

89 2047 335 2083 Hierosolymam
346 2049 576 2083 proficiscentes
587 2071 597 2086 ‚
617 2052 656 2079 ob
673 2052 736 2081 vias
749 2072 760 2088 ,
777 2054 940 2083 latronibus
958 2055 1086 2085 infectas
1102 2061 1209 2093 ,facti-

87 2110 186 2141 tasse‚
213 2113 229 2133 a
256 2105 402 2134 Flavio
429 2107 630 2143 Josepho,
658 2107 791 2146 (Antiq.
821 2112 973 2147 Judaeor.
1005 2113 1060 2142 XI.
1085 2122 1113 2142 c.
1140 2117 1206 2153 ιε.)

90 2161 255 2190 memoriae
273 2162 414 2190 traditum
429 2166 489 2193 est.

125 2218 178 2256 (3)
199 2220 289 2250 Rom.
310 2220 389 2249 XIII.
411 2230 441 2257 4.
463 2221 506 2250 cf.
529 2222 722 2258 Grotius,
744 2225 780 2252 ad
798 2226 903 2254 Marth.
927 2228 964 2255 V.
986 2235 1036 2264 40.
1059 2235 1201 2264 pag.190.

89 2280 120 2303 et
136 2275 363 2312 Reinhard,
384 2279 503 2307 Moral.
526 2278 567 2307 11.
590 2287 621 2313 p.
645 2288 712 2314 372.

130 2331 185 2369 (4)
207 2333 298 2362 conf.
319 2335 564 2370 Peste-l,l.1.
589 2337 612 2365 Ι.
639 2345 672 2371 p.
698 2337 763 2366 286.

141 2399 271 2428 nom).
627 2393 655 2430 B
