1538 2689
326 464 602 503 CAPUT
655 464 1075 506 TERTIUM.

283 625 556 665 DIJUDICA'HO
608 629 838 658 VARIARUM
888 631 1108 659 Anrnmmt

393 697 612 726 LIGANDAE
659 699 978 729 METRODORUM.

477 867 887 896 φ

621 995 658 1042 §.
702 1008 763 1044 17.

334 1139 393 1177 De
419 1139 641 1189 operationis
667 1151 816 1182 nostrae
838 1146 1050 1192 postulatis.

185 1253 519 1328 Quandoquidem
554 1275 808 1320 indagavimus
825 1304 838 1323 ‚
876 1277 967 1324 quid
992 1286 1027 1315 et
1052 1289 1180 1318 natura
1205 1292 1244 1320 et

134 1357 192 1384 ars
229 1346 371 1384 valeant
408 1346 446 1383 in
473 1345 647 1383 sistendis
672 1354 708 1383 et
733 1345 902 1384 sanandis
929 1347 1241 1398 haemorrhagiis‚

134 1426 309 1465 quaenam
342 1415 564 1453 mutationes
591 1415 849 1463 pathologicae
884 1417 1024 1455 arteriis
1065 1429 1132 1466 per
1159 1420 1240 1458 illas

132 1487 377 1534 inducantur,
400 1529 404 1532 >
424 1485 535 1524 nobis
571 1486 773 1524 secundum
810 1486 975 1525 ordinem
1010 1489 1236 1538 propositam

133 1566 301 1607 superest
337 1556 548 1604 inquirere,
577 1566 754 1603 quaenam
783 1556 923 1604 optima
944 1557 1110 1598 habenda
1133 1560 1197 1599 sit.

181 1628 369 1665 Postulata
404 1625 629 1675 operationis
665 1626 843 1674 ligaturae
879 1637 993 1666 sunt:
1029 1649 1083 1659 —
1124 1630 1162 1667 1⁰
1195 1640 1237 1668 ut

132 1697 360 1745 producatur
395 1704 571 1744 perpetua
602 1695 811 1734 obliteratio
829 1725 841 1743 ‚
867 1696 1063 1737 formando
1101 1711 1239 1749 coagu-

128 1769 166 1805 lo
193 1767 395 1815 sanguinis
440 1766 609 1805 interno:
665 1767 706 1804 20
745 1777 786 1805 ut
835 1766 1000 1805 faveatur
1043 1769 1236 1809 sufficienti
1290 1768 1292 1770 ’

128 1837 362 1877 exsudationi
394 1837 568 1885 lymphae
605 1837 808 1886 plasticae,
863 1849 956 1884 quae
985 1839 1089 1887 J‘uvat
1123 1839 1236 1878 inter-

127 1907 353 1954 clusionem,
400 1915 436 1944 et
470 1906 509 1954 3⁰
545 1916 590 1943 ne
628 1906 737 1943 nimis
774 1906 1007 1955 organismus
1041 1908 1231 1956 laedatur,

129 1987 221 2015 neve
254 1985 423 2016 nascatur
453 1976 728 2025 haemorrhagia
757 1977 985 2015 secundaria.

175 2047 333 2086 Primum
361 2048 431 2085 tria
457 2047 681 2095 operationis
705 2055 853 2085 nostrae
881 2059 1011 2095 genera
1035 2051 1227 2097 separatim

124 2105 434 2165 perscrutabimur
466 2127 503 2156 et
536 2117 813 2164 indagabimus,
866 2118 957 2165 quid
994 2117 1032 2155 in
1071 2118 1229 2168 singulis

124 2188 289 2225 videatur
321 2187 514 2226 laudabile.
592 2187 735 2226 Deinde
772 2188 1067 2235 comparabimus
1102 2191 1222 2229 eadem

1168 2261 1224 2298 m..
