1502 2767
243 194 292 230 66
464 189 1116 230 COMMENTATIO

245 311 303 338 me
337 299 512 349 (Essenis
551 298 710 337 fortasse
736 300 946 350 exceptis),
982 307 1064 339 ante
1095 300 1341 340 introductam

244 369 455 418 religionem
496 367 770 418 Christianam,
815 381 969 418 usquam
1004 371 1153 419 legere,
1178 371 1348 410 homines

246 440 386 487 fuisse,
416 438 481 488 qui
503 439 722 476 contrariam
742 437 915 476 foverent
943 437 1170 488 opinionem.
1217 439 1347 489 Jesum

247 510 440 548 Christum
474 508 673 555 nonnulli,
698 508 825 546 nescio
856 520 964 556 quam
991 519 1198 557 perversam
1234 509 1349 547 inter-

243 579 486 628 pretationem
517 579 661 624 secuti,
689 577 776 616 huic
811 586 958 616 naturae
990 578 1061 627 legi
1090 579 1249 628 obsequi
1285 590 1350 617 ve·

245 649 364 688 tuisse
399 647 539 697 opinati
569 656 672 686 sunt.
728 647 843 698 Quod
868 648 1037 695 equidem
1060 659 1137 686 non
1160 660 1348 698 auguror,

245 729 313 756 nec
338 717 444 755 facile
467 717 594 755 credo.
647 717 774 767 Quum
803 728 892 756 vero
921 725 1000 755 tota
1036 718 1232 766 quaestio,
1258 730 1349 758 num

248 787 391 826 homini
406 787 621 827 Christiano
646 787 782 825 bellum
807 798 931 836 gerere
947 786 1055 825 liceat
1076 798 1143 826 nec
1166 798 1237 835 ne,
1265 787 1351 826 inde

248 858 404 897 maxime
442 858 598 905 pendeat
613 885 627 905 ,
672 867 760 895 num
802 857 956 896 Ethices
995 856 1227 896 Christianae
1262 857 1351 895 doc-

247 928 342 966 trina
369 927 512 966 homini
543 927 617 965 vim
649 926 688 965 vi
718 927 894 976 repellere
918 928 1097 966 concedat
1122 927 1219 978 (ι),
1245 938 1353 965 accu-

247 998 362 1037 ratius
395 997 505 1035 nobis
543 997 616 1034 hoc
653 1005 910 1045 argumentum
942 997 1172 1035 tractandum
1208 995 1353 1034 incum-

249 1067 332 1116 bit;
373 1088 428 1098 —
467 1077 608 1115 quare,
650 1067 741 1114 quid
775 1067 842 1106 hac
866 1068 911 1106 de
938 1078 977 1105 re
1000 1067 1157 1114 doceat,
1193 1065 1353 1105 breviter

248 1138 452 1176 videamus,

299 1208 427 1257 Quum
441 1206 516 1245 vita
530 1207 579 1244 sit
593 1206 795 1256 pretiosum
808 1206 899 1245 illud
913 1207 1051 1245 donum
1064 1206 1231 1245 divinum
1243 1233 1257 1254 ,
1274 1217 1352 1254 quo

252 1286 398 1317 servato
420 1277 542 1315 omnia
556 1285 740 1326 praestare
762 1277 924 1314 valemus
940 1304 953 1324 ,
979 1287 1071 1325 quae
1091 1277 1280 1315 Creatoris
1300 1277 1352 1315 ho

252 1348 336 1385 nori
357 1347 611 1396 promovendo
636 1346 814 1384 inservire
834 1354 1019 1395 possunt,
1047 1348 1354 1386 moralesnostras

250 1416 442 1455 facultates
481 1416 688 1465 explicare,
716 1424 864 1455 nostrae
888 1417 1118 1464 aliorumque
1140 1417 1250 1456 saluti
1268 1429 1357 1466 pro·

253 1488 396 1537 spicere
432 1486 631 1535 discimus,
661 1495 698 1525 et
731 1486 769 1524 id
799 1477 931 1535 agere,
962 1494 1004 1523 ut
1029 1485 1227 1534 aliquando
1260 1487 1355 1525 bene

1275 1567 1356 1595 mo-

251 1687 297 1709 tae
323 1688 429 1716 erant,
463 1679 612 1715 sanguinis
635 1679 768 1708 vindicta
790 1679 868 1713 apud
891 1679 1022 1713 populos
1049 1678 1186 1708 rudiores
1204 1687 1235 1708 et
1253 1680 1357 1709 etimn-

252 1746 321 1766 num
341 1738 420 1773 apud
445 1738 557 1766 Arabes
580 1739 681 1765 locum
701 1736 830 1766 obtinet.
858 1745 900 1756 —·
934 1735 1053 1764 Nullam
1078 1738 1176 1771 legem
1204 1744 1264 1766 tam
1289 1738 1359 1766 uni-

251 1795 398 1823 versalem
414 1800 497 1828 esse,
517 1792 653 1828 pluribus
671 1792 814 1827 probavit
833 1793 976 1828 nezel,
997 1793 1276 1830 Schriftsbrsclzer,
1296 1794 1357 1825 Th,

251 1852 276 1880 1.
298 1859 328 1885 p.
353 1859 416 1884 151.
438 1858 506 1885 sqq.
541 1850 613 1878 icem
639 1849 787 1884 Iselin,
821 1850 1034 1877 Geschiedonis
1059 1850 1114 1877 der
1139 1850 1356 1886 ΜιηςσΙιΙιείᾰ,

251 1909 311 1936 lile
338 1908 422 1936 Boelt
447 1908 509 1935 Vle
530 1907 672 1935 Hoofdst.
702 1905 769 1934 Fuit
796 1906 869 1934 haec
886 1908 938 1935 lex
955 1914 1077 1941 quoque
1101 1908 1179 1941 apud
1196 1907 1358 1937 Israelitas.

251 1966 296 1992 De
314 1964 460 1992 Arabibus
484 1963 555 1991 vide
574 1963 683 1991 librum
701 1963 812 1998 docte,
831 1971 967 1992 accurate
982 1971 1013 1991 et
1030 1965 1183 1998 eleganter
1202 1965 1362 2000 conscrip—

251 2028 313 2048 tum
338 2029 354 2048 a
377 2019 619 2053 D’Arvieux,
646 2019 695 2047 cui
721 2019 846 2047 titulus:
881 2021 979 2048 Reize
1004 2030 1084 2048 naar
1105 2020 1141 2049 de
1168 2022 1356 2057 leger-plaut:

250 2087 309 2106 ‘ran
345 2077 400 2104 den
435 2083 561 2112 grooten
595 2075 706 2111 Emir,
740 2084 773 2111 p.
812 2082 878 2111 ποῖ.
917 2077 1021 2112 ibique
1053 2077 1271 2113 Kuipersii
1309 2086 1359 2107 an-

250 2141 347 2164 notat.

289 2191 341 2226 (r)
361 2190 419 2226 Qui
439 2190 549 2218 bellum
569 2196 674 2223 gerere
700 2197 738 2217 ex
764 2189 884 2219 Ethices
902 2191 972 2221 Chr.
993 2189 1128 2221 doctrina
1145 2192 1221 2220 haud
1238 2190 1356 2221 licitum

251 2248 442 2282 existimant,
465 2245 588 2282 quaevis
610 2246 671 2282 pati
688 2254 791 2276 notum
810 2254 866 2276 est.
