1502 2767
206 182 327 219 .108
482 173 1150 223 COMMENTATIO

253 290 336 328 dem
360 297 429 336 spe
460 295 634 325 tenentur
657 286 754 324 vitae
773 297 940 325 aeternae
965 297 1007 325 ac
1031 285 1070 324 in
1095 284 1272 325 societate
1299 284 1368 335 Je-

249 372 296 399 su
316 371 357 398 ac
381 359 573 396 beatorum
606 357 730 395 beatae
745 385 758 404 ‚
781 356 819 393 in
843 357 1022 395 honorem
1048 356 1192 396 Christi
1214 355 1364 406 Deique
1392 371 1393 375 ¹

247 430 361 469 semel
393 427 647 477 percipiendae
673 426 759 475 (ι).
814 426 885 465 His
922 427 1120 465 momentis
1148 437 1238 465 sane
1261 428 1363 466 nulla

245 508 335 538 sunt
375 498 541 548 graviora
565 496 610 534 ad
635 505 807 534 mutuum
840 507 1002 534 amorem
1037 497 1207 535 alendum
1249 496 1363 535 maxi-

245 580 386 617 meque
402 567 636 616 augendum,
677 575 714 604 et
756 566 841 615 ipso
875 577 998 605 amore
1026 567 1122 605 nihil
1147 578 1235 605 sane
1269 567 1363 606 vali-

244 640 328 677 dius
354 646 409 675 est
434 639 478 675 ad
502 636 672 674 homines
695 636 914 674 arctissimis
949 635 1109 674 vinculis
1127 638 1364 686 conjungen·

199 743 203 747 Α
242 711 330 748 dos.
378 709 446 747 lllo
472 708 590 744 oritur
606 707 895 754 sententiarum,
923 707 1159 754 studiorum,
1187 709 1360 746 volunta-

239 790 319 819 tum
352 789 586 824 consensus,
624 777 853 824 concordia,
882 776 1194 825 conspiratio‚et
1229 787 1360 816 omnes

235 848 325 888 belli
355 859 513 896 causae,
543 859 638 896 quae
666 857 711 884 ex
744 846 878 885 amoris
911 855 1062 886 mutuae
1100 845 1249 886 defectu
1275 857 1360 886 nas·

237 929 400 967 cuntur,
429 920 538 968 plane
561 928 780 956 evanescere
805 916 957 955 debent.

286 990 389 1028 Haec
427 988 577 1033 omnia,
605 998 652 1025 ne
677 986 745 1024 alia
774 986 944 1034 dogmata
968 997 1010 1025 ac
1043 995 1240 1037 praecepta
1267 986 1358 1026 affe·

234 1071 311 1099 ram
333 1088 345 1106 ‚
388 1058 477 1096 satis
501 1056 614 1095 nobis
653 1053 899 1105 persuadent,
938 1055 1128 1106 religionis
1172 1056 1354 1096 Christia-

234 1141 303 1169 nae
326 1128 532 1167 doctrinam
560 1137 713 1173 omneS‚
731 1127 797 1174 qui
834 1128 876 1165 ea
904 1127 1153 1174 imbuuntur,
1197 1128 1243 1165 de
1268 1127 1356 1165 belli

235 1199 392 1250 gerundi
424 1197 574 1243 causis,
627 1197 778 1235 meliora
817 1196 976 1244 docere,
1020 1208 1129 1244 quam
1169 1207 1231 1235 eas
1271 1207 1357 1235 sen·

232 1270 396 1316 tentias‚
447 1278 543 1316 quae
581 1266 677 1304 inter
705 1275 860 1315 gentes,
897 1267 1064 1304 nondum
1093 1266 1235 1305 Christi
1284 1277 1354 1305 no-

233 1351 317 1380 men
359 1336 570 1388 professas,
614 1336 830 1384 viguerunt.
898 1336 1023 1374 Nemo
1065 1344 1184 1374 tamen
1220 1335 1354 1385 opine·

231 1420 294 1450 tur-
329 1421 373 1447 ex
410 1407 518 1446 dictis
551 1406 676 1454 colligi
706 1416 842 1454 posse:
886 1404 1015 1444 bellari
1068 1417 1257 1453 nunquam
1288 1417 1348 1445 es·

233 1494 275 1520 se
309 1479 471 1518 licitum.
529 1477 609 1526 Jam
647 1487 787 1523 supra,
840 1476 878 1513 in
914 1475 1032 1524 prima
1080 1475 1346 1523 disputationis

229 1560 333 1601 parte
358 1577 371 1596 ,
433 1546 616 1585 contraria
669 1545 849 1583 sententia
897 1557 917 1582 e
969 1544 1199 1584 Christianae
1261 1546 1346 1585 reli-

230 1621 353 1670 gionis
388 1617 556 1656 doctrina
591 1625 648 1658 est
684 1617 806 1654 allata.
872 1615 964 1653 Non
995 1615 1055 1653 illa
1081 1624 1179 1653 vetat
1208 1615 1345 1654 bellum

229 1702 354 1741 gerere
395 1689 562 1736 idcirco,
617 1686 720 1735 quod
759 1696 836 1723 non
875 1685 1029 1722 aliorum
1063 1686 1218 1723 salutem
1256 1696 1345 1723 nos·
1395 1719 1400 1724 .

226 1771 304 1801 trae
341 1759 509 1800 felicitati
548 1757 729 1806 praeferre
764 1755 990 1801 debeamus,
1046 1755 1150 1802 quod
1187 1756 1341 1793 salutem

225 1842 382 1877 eorum,
424 1829 648 1877 quibuscum
687 1825 909 1864 arctioribus
950 1825 1112 1863 vinculis
1147 1826 1340 1874 conjuncti

227 1914 300 1940 nos
329 1911 487 1946 sumus,
523 1898 646 1936 minus
685 1907 818 1945 augere
849 1906 890 1933 ac
926 1904 1135 1933 sustentare
1174 1906 1251 1934 non
1276 1897 1339 1935 de-

224 1972 405 2016 beamus,
444 1979 554 2016 quam
597 1969 751 2005 salutem
788 1949 944 2012 eorum,
983 1965 1048 2013 qui
1090 1964 1163 2003 illis
1198 1966 1340 2015 injusta

224 2042 365 2080 ratione
394 2038 524 2077 afferre
554 2034 978 2083 incommoda‚'eosque
1010 2035 1122 2074 bonis
1151 2035 1198 2074 ad
1225 2035 1338 2074 vitam

1276 2116 1341 2144 ne·

261 2202 314 2239 (1)
334 2199 426 2236 (Mal.
440 2199 481 2226 ll.
506 2197 573 2230 ιο.)
595 2206 608 2227 1
628 2197 702 2224 Cor.
725 2193 811 2223 vm.
835 2196 864 2224 6.
888 2193 922 2223 X.
946 2200 990 2228 17.
1010 2194 1197 2232 X11-4-27·
1219 2195 1332 2230 Ephes,

224 2260 249 2288 1.
269 2266 326 2294 22,
350 2265 398 2292 :3-
427 2255 482 2284 1V.
504 2255 596 2290 1—6,
619 2261 665 2288 ις.
685 2259 715 2281 et
739 2251 796 2280 alia
813 2251 894 2280 loca.
