1502 2767
400 158 991 206 THEOLOGICA.
1207 173 1252 207 29

152 274 196 305 ut
221 267 319 316 hoc,
351 268 480 306 arbitri
506 277 627 317 partes
664 280 804 318 agens,
830 269 993 309 diversas
1029 269 1257 318 populorum

151 335 234 374 lites
273 337 472 377 dirimeret.

203 417 240 454 3.
270 406 344 445 Vel
378 407 564 456 denique,
590 409 622 447 si
661 421 789 448 omnes
815 409 949 459 populi
974 410 1100 448 eadem
1127 410 1261 458 gaude·

148 482 230 512 rent
257 477 453 526 potentia;
495 479 578 526 vel,
607 479 639 516 si
668 479 881 517 universum
911 490 1029 528 genus
1056 481 1258 518 humanum

147 546 195 584 ad
219 557 295 584 eam
334 548 567 596 pervenisset
603 550 870 598 perfectionem
908 552 1106 599 moralem,
1144 559 1186 589 ut
1215 552 1260 590 acl

149 625 266 653 unum
304 628 433 656 omnes
472 619 579 657 unice
608 620 774 670 justitiae
814 630 850 660 et
887 621 1083 670 aequitatis
1113 621 1258 670 legibus

145 685 273 735 ducti,
299 688 401 736 pacis
436 690 562 728 studio
598 698 838 739 tenerentur3
877 700 943 740 et,
1000 691 1032 729 si
1073 690 1172 729 forte
1203 701 1261 729 es-

150 764 260 804 sent,
312 757 377 805 qui
418 758 483 797 has
529 760 638 807 aequi
678 760 848 809 J'ustique
888 761 988 809 leges
1030 760 1255 808 migrarent,

148 825 238 863 laesi
263 825 431 875 injuriam
464 828 535 867 sibi
570 821 705 868 illatam
754 829 874 878 ferre,
918 842 1028 878 quam
1064 831 1162 869 bello
1196 832 1260 882 J‘us

149 893 223 932 sibi
254 896 441 935 vindicare
477 899 641 937 mallent.

195 964 304 1012 Has,
334 978 424 1013 quas
465 967 685 1015 Philosophi
717 975 754 1005 et
788 968 936 1007 Politici
973 972 1258 1019 excogitarunt,

145 1044 271 1080 pacem
318 1044 534 1084 perpetuam
583 1036 835 1076 constituendi
887 1038 968 1077 vias
1013 1038 1134 1078 irritas
1175 1049 1257 1077 esse

123 1109 182 1147 'et
221 1101 364 1152 ineptas
404 1116 585 1153 quoque,
611 1106 685 1155 J'am
716 1107 972 1156 probabimus.

195 1183 230 1210 1.
257 1173 373 1223 Quod
384 1175 430 1212 ad
442 1174 595 1223 primam
621 1177 782 1225 attinet,
820 1179 854 1216 si
881 1180 968 1227 quis
1001 1188 1162 1219 cunctos
1185 1191 1255 1229 po-

142 1243 254 1291 pulos
282 1243 320 1281 in
347 1255 460 1282 unum
494 1247 699 1285 coalescere
730 1247 887 1296 cupiat,
914 1257 1067 1287 naturae
1100 1248 1252 1298 ipsique

141 1314 370 1362 populorum
405 1314 522 1352 indoli
556 1316 630 1354 vim
664 1316 820 1364 inferat,
854 1329 1078 1368 magnopere
1107 1331 1252 1358 vereor.

141 1383 222 1422 Hac
269 1383 366 1422 enirn
415 1385 556 1423 ratione
604 1386 697 1424 nulli
739 1399 895 1436 prorsus
946 1398 1071 1427 essent
1118 1390 1256 1429 diversi

89 1463 93 1465 ·
139 1454 295 1503 populi,
326 1467 442 1503 quum
473 1456 593 1494 cuivis
625 1466 799 1505 appareat
831 1470 906 1496 earn
937 1460 1140 1498 naturalem
1169 1471 1253 1499 esse

140 1523 243 1562 orbis
271 1535 447 1562 terrarum
476 1526 752 1574 conditionem,
779 1536 821 1565 ut
847 1528 959 1567 variis
987 1529 1109 1578 iisque
1133 1530 1254 1569 diver·

139 1604 203 1631 sae
235 1593 373 1631 indolis
407 1603 555 1632 constet
592 1596 781 1644 gentibus.
861 1599 1047 1637 Praeterea
1082 1611 1122 1637 ea
1162 1612 1251 1650 gen-

137 1662 233 1702 tium
259 1672 316 1701 est
336 1663 478 1709 indoles
496 1694 510 1713 ,
538 1674 579 1703 ut
613 1666 779 1715 singulae
818 1668 936 1706 satius
974 1669 1133 1717 ducant,
1173 1671 1249 1719 pri·

138 1746 203 1772 vas
237 1743 363 1782 gentes
397 1735 654 1783 constituere,
708 1749 818 1785 quam
859 1750 930 1776 una
968 1750 1052 1777 curn
1093 1739 1174 1778 aliis
1209 1741 1247 1779 in

141 1816 255 1842 unum
277 1805 458 1852 populum
484 1807 715 1861 coalescere,
745 1807 887 1856 quippe
923 1808 1104 1858 (historia
1137 1809 1247 1849 nobis
1279 1856 1281 1859 ¹

138 1874 405 1923 adstipulatur)
435 1875 503 1913 hac
539 1876 682 1914 ratione
713 1905 726 1925 ‚
751 1878 959 1916 libertatem
993 1889 1028 1917 et
1061 1881 1248 1920 carissima

141 1956 307 1992 quaeque
342 1943 417 1982 sibi
446 1944 578 1984 amissa
610 1946 709 1986 haud
744 1955 879 1986 temere
913 1949 1178 1990 existimantes.

188 2015 302 2064 Quod
336 2014 366 2052 si
394 2014 480 2063 quis
518 2025 646 2054 contra
669 2028 734 2055 eos
757 2017 808 2056 ita
830 2030 999 2067 separare
1035 2021 1150 2069 velit,
1201 2032 1244 2062 ut

139 2085 281 2122 nullum
318 2084 435 2124 varias
473 2085 569 2124 inter
610 2097 737 2135 gentes
781 2087 915 2127 existat
961 2091 1244 2131 necessitudinis

138 2153 352 2201 vinculum,
384 2155 446 2192 hic
479 2166 556 2194 non
593 2165 734 2196 tanturn
767 2166 919 2196 naturae
950 2160 1095 2208 legibus
1134 2162 1244 2200 resis-

140 2231 219 2270 tet,
245 2235 370 2263 verum
406 2224 510 2263 ‘etiam
549 2227 714 2265 culturae
748 2236 785 2266 et
816 2228 1061 2277 perfectioni,
1107 2241 1148 2269 ut
1181 2243 1243 2280 ge·
1263 2228 1276 2234 ’

1181 2313 1242 2338 ΠΕ·
