1502 2767
447 175 1047 234 THEOLOGICA·
1226 211 1295 253 131

181 292 245 324 tus
278 283 328 324 sit
361 285 497 327 incola.
562 290 649 339 Illi,
675 293 771 334 duce
797 297 1055 342 Genseric
1071 316 1093 344 o
1109 334 1124 355 ,
1151 311 1294 361 trajecti

175 353 365 404 Romam,
390 357 517 396 urbem
548 373 617 410 per
652 370 930 412 quatuordecim
968 373 1046 413 dies
1081 388 1291 432 noctesque

175 424 328 473 spoliati
365 437 454 465 sunt
479 429 565 478 (1).

221 494 323 546 Quid
360 497 534 549 deinceps
573 513 729 551 egerunt
758 508 922 551 Saxones
950 514 1120 564 aliique?
1146 519 1185 558 in
1216 531 1290 561 ter-

168 563 252 614 ris,
305 578 397 614 quas
441 572 642 622 petebant,
684 579 833 626 saepius
871 593 999 622 omnes
1030 587 1107 627 sere
1140 591 1285 633 incolae

163 635 275 674 armis
307 639 533 682 ceciderunt.
588 645 722 695 Unde,
750 650 853 689 verbi
886 665 997 694 causa
1014 684 1027 704 ‚
1055 658 1091 696 in
1111 660 1281 713 Anglia,

162 706 314 745 nonnisi
342 709 381 746 in
419 711 556 769 Wal(is
581 715 732 765 regione
756 731 956 773 montosa,
983 729 1200 775 paucissimi
1220 734 1279 773 in·

161 778 325 817 colatum
347 781 521 821 saevitiae
538 784 728 826 Saxonum
761 791 1000 841 aufugerunt.
1033 798 1195 840 Tantum
1222 814 1277 842 at·

157 849 286 886 tendas
314 861 378 887 eos
401 854 567 901 populos
582 855 619 892 in
634 856 731 896 bello
750 871 828 899 non
851 871 994 904 tanturn
1011 870 1182 916 captivos
1209 885 1273 913 aut

156 917 352 968 devictos,
377 923 442 960 sed
463 927 763 983 consanguineos
783 932 889 971 etiarn
905 962 918 980 ,
941 936 1020 973 suis
1043 939 1125 977 Diis
1160 944 1273 981 sacr-i·

152 986 297 1028 ficasse.
327 991 461 1030 Hunni
485 993 641 1035 heroiim
670 997 949 1041 interfectorum
978 1009 1150 1048 manibus
1182 1012 1271 1051 hoss

151 1066 208 1098 tes
233 1058 441 1110 obtulisse,
467 1074 504 1102 et
527 1066 644 1105 Russi
667 1071 811 1119 antiqui
834 1074 1006 1123 captivos
1035 1077 1116 1117 Diis
1137 1080 1270 1121 immo-

145 1129 240 1168 lasse
279 1143 560 1184 memorantur3
588 1149 717 1177 verum
746 1140 785 1178 in
818 1146 1103 1195 septentrionali
1137 1151 1266 1193 Euro·

137 1209 194 1250 pa
216 1199 328 1248 Rex,
354 1202 415 1242 cui
446 1215 584 1245 nomen
615 1208 714 1258 Dag
746 1215 844 1259 (sec.
874 1215 978 1265 V.),
1006 1216 1125 1258 filium
1151 1234 1261 1264 suum

144 1269 229 1308 Diis
274 1274 472 1322 mactavit,
525 1287 565 1315 ut
598 1278 749 1327 gbenum
789 1295 969 1334 prospere
1015 1300 1152 1337 ageret.
1208 1295 1261 1334 Et

143 1349 297 1388 postea,
324 1346 474 1382 saeculo
494 1346 733 1399 insequenti,
757 1353 937 1404 Upsaliae
953 1370 1017 1397 rex
1037 1361 1104 1399 An
1118 1374 1137 1399 e
1161 1364 1260 1403 haud

140 1409 350 1459 dubitavit,
391 1415 483 1461 quin
516 1429 625 1457 suum
660 1424 818 1462 traderet
853 1423 1006 1477 filium3
1032 1430 1108 1469 imo
1136 1435 1256 1484 (saec.

139 1478 215 1527 X.)
241 1492 306 1519 rex
345 1483 508 1524 Erich
548 1489 794 1539 Sagersol
831 1495 922 1535 fecit
968 1498 1143 1540 Odino
1190 1517 1259 1544 vo-

137 1557 241 1597 tum,
281 1563 362 1590 sese
397 1554 515 1594 fliium
553 1570 693 1608 suum,
731 1564 762 1601 si
800 1565 1022 1606 Stirbionem
1061 1572 1253 1624 vinceret,

132 1617 215 1657 fore
269 1621 563 1685 immolaturum.
644 1632 821 1673 Profecto
869 1636 954 1677 hine
1003 1638 1110 1681 facile
1158 1647 1253 1685 effici

133 1699 287 1740 potest,
343 1697 468 1742 quales
510 1698 572 1737 isti
615 1713 697 1751 erga
741 1706 869 1745 hostes
927 1721 1009 1749 sese
1059 1717 1251 1761 praestite-

131 1759 206 1799 rint
243 1763 326 1811 (2).
389 1766 421 1804 E
475 1770 611 1809 talibus
663 1775 835 1822 gentibus
852 1807 865 1825 ‚
910 1784 1122 1830 conjunctis
1162 1799 1246 1827 cum

131 1830 295 1880 antiquis
334 1835 522 1887 Graecis,
557 1841 763 1890 Romanis,
805 1848 978 1899 Scythis,
1018 1854 1246 1906 Germanis,

204 1906 206 1909 ’
1139 1929 1246 1978 aliis,

163 2010 220 2052 (ι)
241 2014 293 2045 Cf.
314 2018 564 2058 Procopius,
586 2026 673 2056 Hist.
694 2030 825 2066 Afric„
848 2040 874 2061 c.
895 2038 942 2064 18.
966 2035 1053 2066 Vidd.
1070 2038 1243 2066 nobem·-

125 2075 221 2106 που,
239 2072 284 2102 ΙΙ.
304 2082 334 2109 p.
357 2084 440 2114 7—9.
481 2079 656 2119 Becker,
677 2085 714 2114 V.
737 2095 765 2122 p.
789 2097 857 2124 270.
882 2091 1162 2129 Herder,lde÷·n
1185 2096 1240 2125 lv.

132 2131 166 2159 Ρ.
187 2134 257 2158 120.

163 2183 216 2222 (2)
239 2185 298 2216 Cff.
329 2189 585 2231 Robertson‚
616 2198 653 2226 Π.
680 2207 712 2233 p.-
744 2209 772 2234 5.
810 2204 986 2240 Becker.
1015 2208 1050 2236 V.
1074 2216 1150 2243 εει,
1172 2220 1240 2245 2530*

125 2239 192 2268 VH.
212 2249 245 2277 p.
268 2251 316 2277 ⁵0·
339 2246 425 2276 vm.
447 2257 480 2284 pa
502 2261 551 2288 44..

649 2337 715 2375 12
