1502 2767
397 178 998 221 THEOLOGICA.
1194 192 1264 228 ¹93

150 295 276 342 plures
304 301 413 339 qnam
437 291 537 338 apud
559 300 701 328 veteres
717 318 728 337 ‚
743 302 762 328 a
777 302 817 328 se
840 291 1031 339 sejunctos
1052 287 1154 336 fere,
1183 289 1266 337 qui-

150 363 223 402 bus
251 362 345 399 bella
371 361 498 399 evitari
524 369 729 407 nequeunt.

204 432 276 471 Sed
301 442 418 480 ponas
451 441 603 478 quoque
639 431 765 480 (quod
789 439 910 468 tamen
935 430 1012 467 dari
1038 427 1192 476 nequit)
1224 424 1263 465 in

147 502 303 549 Europa
336 500 550 539 Christiana
582 500 676 538 belia
711 511 865 538 numero
897 510 975 538 nou
1000 511 1081 539 esse
1113 499 1267 548 paucio-

147 582 213 619 ra;
239 569 484 608 nihilominus
521 571 721 608 sententias
760 569 953 608 hominum
980 569 1026 607 de
1050 569 1150 607 bello
1179 580 1266 608 sus-

146 639 319 689 cipiendo
348 641 555 681 emendatas
583 651 666 678 esse
698 639 803 677 fateri
831 651 982 678 necesse
1018 647 1101 686 est,
1152 639 1263 677 modo

145 710 216 748 tria
251 711 417 757 reliqua,
454 710 494 748 in
531 710 669 757 quibus
695 709 886 747 hominum
924 710 969 746 de
1008 698 1107 747 bello
1146 708 1265 747 susci·

147 780 284 828 piendo
318 780 584 818 sententiarum
617 779 906 818 emendationem
934 779 1035 817 cerni
1069 778 1265 826 diximus,-

150 860 228 888 non
264 850 425 898 cadant;
456 862 614 898 quorum
647 850 807 899 primum
833 850 906 888 hoc
936 859 1021 898 est,
1047 852 1150 897 quod

350 962 439 1000 Non
464 962 537 1001 levi
559 961 604 1000 da
627 973 743 999 causa
768 960 1048 1010 suscipiantur,

148 1070 323 1117 quoniam
367 1069 540 1113 nimirum
581 1068 774 1117 religionis
817 1068 1051 1107 Christianae
1097 1064 1267 1104 doctrina

146 1138 316 1176 homines
347 1138 441 1188 justi
475 1146 512 1176 et
547 1139 657 1187 aequi
690 1138 895 1176 tenaciores
931 1136 1152 1184 reddiderit3
1188 1144 1265 1173 no'n

147 1215 289 1246 tantum
332 1207 559 1256 singularum
613 1207 777 1255 gentium
828 1208 912 1257 jura
954 1205 1105 1245 definita
1149 1215 1262 1251 sunt,-

150 1289 276 1316 verum
304 1280 438 1325 etiam,
474 1290 567 1327 quae
604 1278 761 1326 singulis
791 1286 1038 1326 competunt,
1064 1276 1266 1314 observan-

146 1357 224 1387 tur.
278 1348 468 1396 Principes
502 1357 538 1386 et
561 1349 693 1396 populi
728 1348 936 1386 Christiani
965 1359 1040 1386 non
1069 1347 1262 1394 quamvis,

148 1418 372 1456 levissimam
408 1430 586 1466 quoque,
611 1418 691 1456 aliis
719 1419 855 1455 bellum
881 1417 1090 1464 inferendi,
1118 1428 1264 1454 causam

147 1488 333 1536 arripere,
362 1499 428 1526 nec
461 1498 590 1526 contra
622 1490 685 1538 jus
718 1497 754 1526 et
785 1487 840 1526 fas
876 1488 998 1527 omnia
1027 1487 1199 1537 subigere
1229 1496 1266 1525 et

149 1557 243 1595 fines
276 1559 456 1605 dilatare,
508 1569 577 1597 nec
612 1568 717 1608 pacta
758 1559 896 1597 sancita
930 1559 1034 1597 nulia
1070 1559 1115 1596 de
1156 1569 1266 1596 causa

149 1627 318 1676 frangere
350 1629 501 1667 audent.

202 1699 243 1736 Si
268 1698 369 1745 sint,
399 1699 464 1746 qui
498 1700 568 1737 tale
604 1699 694 1746 quid
725 1699 930 1738 sustineant
948 1727 960 1745 ,
986 1699 1150 1736 omnium
1179 1697 1269 1736 aiio·

151 1780 232 1807 rum
271 1770 497 1818 populorum
529 1770 723 1817 indignans
761 1780 796 1807 et
831 1770 1047 1818 improbans
1074 1780 1148 1806 vox
1174 1768 1265 1806 satis

152 1849 340 1887 superque
362 1839 499 1886 docet,
524 1849 759 1888 quantopere
790 1841 861 1877 hoc
899 1840 1049 1877 nomine
1076 1832 1268 1877 hominurn
1302 1851 1305 1853 ’

150 1909 196 1947 de
238 1909 335 1947 beilo
370 1911 535 1957 gerundo
569 1910 771 1948 sententiae
796 1911 1005 1948 emendatae
1030 1910 1120 1948 sint.
1174 1908 1271 1946 Gra-

152 1979 325 2018 vissimae
371 1992 529 2027 causae,
580 1981 629 2018 ob
682 1993 773 2028 quas
824 1981 961 2018 beilum
1011 1979 1269 2027 suscipiatur,

153 2058 295 2088 exstare
321 2050 483 2097 debent,
521 2061 680 2098 eaeque,
712 2062 805 2098 quae
833 2050 954 2088 cuivis
984 2050 1077 2099 justi
1103 2059 1138 2086 et
1163 2049 1270 2096 aequi

153 2120 287 2157 amanti
322 2120 556 2168 probantur,
584 2120 690 2167 nisi,
720 2121 786 2168 qui
815 2121 1055 2168 suscipiunt,
1083 2121 1269 2167 vitupera-

155 2188 184 2226 ri
222 2196 258 2225 et
295 2190 458 2227 damnari
492 2190 623 2228 velint.
679 2191 746 2229 Uti
780 2192 854 2228 hoc
891 2190 991 2228 omni
1019 2200 1184 2237 tempore
1210 2190 1276 2227 aii·

156 2267 338 2306 quatenus
374 2259 568 2307 cernitur,
598 2260 648 2298 ita
684 2260 854 2308 inprimis
890 2260 1033 2299 nostris
1071 2259 1202 2298 diebus
1239 2271 1274 2298 et

198 2327 296 2375 JuN.
631 2340 636 2346 ·
685 2330 732 2368 Ν
1237 2331 1272 2367 in
