<?xml version="1.0" encoding="UTF-8"?>
<!DOCTYPE html PUBLIC "-//W3C//DTD XHTML 1.0 Transitional//EN"
    "http://www.w3.org/TR/xhtml1/DTD/xhtml1-transitional.dtd">
<html xmlns="http://www.w3.org/1999/xhtml" xml:lang="en" lang="en">
 <head>
  <title>
</title>
<meta http-equiv="Content-Type" content="text/html;charset=utf-8" />
  <meta name='ocr-system' content='tesseract 3.04.00' />
  <meta name='ocr-capabilities' content='ocr_page ocr_carea ocr_par ocr_line ocrx_word'/>
</head>
<body>
  <div class='ocr_page' id='page_1' title='image "annalesacademiae33rhen_0503.png"; bbox 0 0 1502 2767; ppageno 0'>
   <div class='ocr_carea' id='block_1_1' title="bbox 341 189 1190 238">
    <p class='ocr_par' dir='ltr' id='par_1_1' title="bbox 341 189 1190 238">
     <span class='ocr_line' id='line_1_1' title="bbox 341 189 1190 238; baseline -0.001 -9"><span class='ocrx_word' id='word_1_1' title='bbox 341 189 935 229; x_wconf 79' lang='lat' dir='ltr'>THEOLOGlCA.</span> <span class='ocrx_word' id='word_1_2' title='bbox 1118 202 1190 238; x_wconf 77' lang='lat'><strong>219</strong></span> 
     </span>
    </p>
   </div>
   <div class='ocr_carea' id='block_1_2' title="bbox 89 298 1275 1687">
    <p class='ocr_par' dir='ltr' id='par_1_2' title="bbox 89 298 1202 702">
     <span class='ocr_line' id='line_1_2' title="bbox 89 298 1192 349; baseline -0.005 -8"><span class='ocrx_word' id='word_1_3' title='bbox 89 301 230 349; x_wconf 82' lang='lat' dir='ltr'><strong>suerit,</strong></span> <span class='ocrx_word' id='word_1_4' title='bbox 269 299 398 338; x_wconf 82' lang='lat' dir='ltr'><strong>leniter</strong></span> <span class='ocrx_word' id='word_1_5' title='bbox 430 312 512 339; x_wconf 91' lang='lat' dir='ltr'><strong>eum</strong></span> <span class='ocrx_word' id='word_1_6' title='bbox 546 308 724 346; x_wconf 77' lang='lat' dir='ltr'><strong>tractare,</strong></span> <span class='ocrx_word' id='word_1_7' title='bbox 750 298 963 338; x_wconf 87' lang='lat' dir='ltr'><strong>necessariis</strong></span> <span class='ocrx_word' id='word_1_8' title='bbox 985 299 1192 346; x_wconf 88' lang='lat' dir='ltr'><strong>instruere,</strong></span> 
     </span>
     <span class='ocr_line' id='line_1_3' title="bbox 89 368 1194 420; baseline -0.005 -9"><span class='ocrx_word' id='word_1_9' title='bbox 89 372 189 411; x_wconf 78' lang='lat' dir='ltr'><strong>nuila</strong></span> <span class='ocrx_word' id='word_1_10' title='bbox 223 370 368 409; x_wconf 87' lang='lat' dir='ltr'><strong>ratione</strong></span> <span class='ocrx_word' id='word_1_11' title='bbox 395 372 533 408; x_wconf 86' lang='lat' dir='ltr'><strong>laedere</strong></span> <span class='ocrx_word' id='word_1_12' title='bbox 567 371 629 407; x_wconf 89' lang='lat' dir='ltr'><strong>vel</strong></span> <span class='ocrx_word' id='word_1_13' title='bbox 658 381 787 407; x_wconf 83' lang='lat' dir='ltr'><strong>vexare</strong></span> <span class='ocrx_word' id='word_1_14' title='bbox 814 368 901 420; x_wconf 79' lang='grc' dir='ltr'>(ι).</span> <span class='ocrx_word' id='word_1_15' title='bbox 955 368 1194 417; x_wconf 86' lang='lat' dir='ltr'><strong>Scipionem,</strong></span> 
     </span>
     <span class='ocr_line' id='line_1_4' title="bbox 89 438 1194 491; baseline -0.005 -11"><span class='ocrx_word' id='word_1_16' title='bbox 89 442 193 491; x_wconf 89' lang='lat' dir='ltr'><strong>quod</strong></span> <span class='ocrx_word' id='word_1_17' title='bbox 236 440 417 490; x_wconf 85' lang='lat' dir='ltr'><strong>virginem</strong></span> <span class='ocrx_word' id='word_1_18' title='bbox 444 440 670 479; x_wconf 83' lang='lat' dir='ltr'>Celtiberam</span> <span class='ocrx_word' id='word_1_19' title='bbox 695 439 857 487; x_wconf 84' lang='lat' dir='ltr'><strong>gratuito</strong></span> <span class='ocrx_word' id='word_1_20' title='bbox 891 438 1194 484; x_wconf 81' lang='lat' dir='ltr'><strong>manumitteret,</strong></span> 
     </span>
     <span class='ocr_line' id='line_1_5' title="bbox 92 509 1200 559; baseline -0.005 -9"><span class='ocrx_word' id='word_1_21' title='bbox 92 513 195 551; x_wconf 89' lang='lat' dir='ltr'>Deos</span> <span class='ocrx_word' id='word_1_22' title='bbox 226 511 454 549; x_wconf 84' lang='lat' dir='ltr'><strong>immortales</strong></span> <span class='ocrx_word' id='word_1_23' title='bbox 475 511 711 559; x_wconf 80' lang='lat' dir='ltr'><strong>aequiparare</strong></span> <span class='ocrx_word' id='word_1_24' title='bbox 729 511 967 559; x_wconf 75' lang='lat' dir='ltr'><strong>judicabant3</strong></span> <span class='ocrx_word' id='word_1_25' title='bbox 997 509 1108 547; x_wconf 88' lang='lat' dir='ltr'><strong>hodie</strong></span> <span class='ocrx_word' id='word_1_26' title='bbox 1127 509 1200 546; x_wconf 89' lang='lat' dir='ltr'><strong>hoe</strong></span> 
     </span>
     <span class='ocr_line' id='line_1_6' title="bbox 95 580 1202 630; baseline -0.003 -10"><span class='ocrx_word' id='word_1_27' title='bbox 95 590 132 620; x_wconf 93' lang='lat' dir='ltr'><strong>et</strong></span> <span class='ocrx_word' id='word_1_28' title='bbox 151 581 285 620; x_wconf 81' lang='lat' dir='ltr'><strong>similia</strong></span> <span class='ocrx_word' id='word_1_29' title='bbox 304 580 401 619; x_wconf 85' lang='lat' dir='ltr'><strong>facta</strong></span> <span class='ocrx_word' id='word_1_30' title='bbox 426 581 687 630; x_wconf 85' lang='lat' dir='ltr'><strong>unusquisque</strong></span> <span class='ocrx_word' id='word_1_31' title='bbox 711 582 786 619; x_wconf 79' lang='lat' dir='ltr'><strong>dux</strong></span> <span class='ocrx_word' id='word_1_32' title='bbox 810 581 1066 630; x_wconf 86' lang='lat' dir='ltr'><strong>gravissimum</strong></span> <span class='ocrx_word' id='word_1_33' title='bbox 1092 591 1202 618; x_wconf 89' lang='lat' dir='ltr'><strong>suum</strong></span> 
     </span>
     <span class='ocr_line' id='line_1_7' title="bbox 97 652 599 702; baseline -0.004 -11"><span class='ocrx_word' id='word_1_34' title='bbox 97 652 257 691; x_wconf 87' lang='lat' dir='ltr'><strong>officium</strong></span> <span class='ocrx_word' id='word_1_35' title='bbox 295 664 376 691; x_wconf 90' lang='lat' dir='ltr'><strong>esse</strong></span> <span class='ocrx_word' id='word_1_36' title='bbox 401 652 599 702; x_wconf 65' lang='lat' dir='ltr'><strong>iudicabit.</strong></span> 
     </span>
    </p>

    <p class='ocr_par' dir='ltr' id='par_1_3' title="bbox 99 721 1275 1687">
     <span class='ocr_line' id='line_1_8' title="bbox 147 721 1208 772; baseline -0.003 -11"><span class='ocrx_word' id='word_1_37' title='bbox 147 723 334 772; x_wconf 87' lang='lat' dir='ltr'><strong>Quamdiu</strong></span> <span class='ocrx_word' id='word_1_38' title='bbox 354 723 497 761; x_wconf 84' lang='lat' dir='ltr'><strong>bellum</strong></span> <span class='ocrx_word' id='word_1_39' title='bbox 533 733 611 760; x_wconf 90' lang='lat' dir='ltr'><strong>non</strong></span> <span class='ocrx_word' id='word_1_40' title='bbox 649 722 694 759; x_wconf 85' lang='lat' dir='ltr'><strong>ad</strong></span> <span class='ocrx_word' id='word_1_41' title='bbox 728 721 835 759; x_wconf 88' lang='lat' dir='ltr'><strong>finem</strong></span> <span class='ocrx_word' id='word_1_42' title='bbox 868 721 1092 769; x_wconf 67' lang='lat' dir='ltr'><strong>⁴perductum</strong></span> <span class='ocrx_word' id='word_1_43' title='bbox 1126 728 1208 766; x_wconf 88' lang='lat' dir='ltr'><strong>est,</strong></span> 
     </span>
     <span class='ocr_line' id='line_1_9' title="bbox 99 791 1212 842; baseline -0.004 -11"><span class='ocrx_word' id='word_1_44' title='bbox 99 793 237 842; x_wconf 83' lang='lat' dir='ltr'><strong>captivi</strong></span> <span class='ocrx_word' id='word_1_45' title='bbox 268 793 307 830; x_wconf 90' lang='lat' dir='ltr'><strong>in</strong></span> <span class='ocrx_word' id='word_1_46' title='bbox 338 805 437 831; x_wconf 83' lang='lat' dir='ltr'><strong>arces</strong></span> <span class='ocrx_word' id='word_1_47' title='bbox 473 794 681 840; x_wconf 86' lang='lat' dir='ltr'><strong>ducuntur,</strong></span> <span class='ocrx_word' id='word_1_48' title='bbox 713 794 771 830; x_wconf 81' lang='lat' dir='ltr'><strong>vel</strong></span> <span class='ocrx_word' id='word_1_49' title='bbox 795 799 894 829; x_wconf 88' lang='lat' dir='ltr'><strong>totae</strong></span> <span class='ocrx_word' id='word_1_50' title='bbox 920 791 1030 828; x_wconf 88' lang='lat' dir='ltr'><strong>urbes</strong></span> <span class='ocrx_word' id='word_1_51' title='bbox 1054 791 1099 828; x_wconf 85' lang='lat' dir='ltr'><strong>iis</strong></span> <span class='ocrx_word' id='word_1_52' title='bbox 1127 801 1212 827; x_wconf 89' lang='lat' dir='ltr'><strong>cus-</strong></span> 
     </span>
     <span class='ocr_line' id='line_1_10' title="bbox 99 861 1214 911; baseline -0.003 -11"><span class='ocrx_word' id='word_1_53' title='bbox 99 864 223 901; x_wconf 87' lang='lat' dir='ltr'><strong>todiae</strong></span> <span class='ocrx_word' id='word_1_54' title='bbox 259 864 419 911; x_wconf 86' lang='lat' dir='ltr'><strong>dantur,</strong></span> <span class='ocrx_word' id='word_1_55' title='bbox 458 862 496 900; x_wconf 88' lang='lat' dir='ltr'><strong>in</strong></span> <span class='ocrx_word' id='word_1_56' title='bbox 528 863 667 911; x_wconf 89' lang='lat' dir='ltr'><strong>quibus</strong></span> <span class='ocrx_word' id='word_1_57' title='bbox 704 864 840 901; x_wconf 82' lang='lat' dir='ltr'><strong>nullam</strong></span> <span class='ocrx_word' id='word_1_58' title='bbox 864 861 1034 911; x_wconf 81' lang='lat' dir='ltr'><strong>injuriam</strong></span> <span class='ocrx_word' id='word_1_59' title='bbox 1066 861 1214 910; x_wconf 86' lang='lat' dir='ltr'><strong>patiun-</strong></span> 
     </span>
     <span class='ocr_line' id='line_1_11' title="bbox 101 930 1212 980; baseline -0.003 -10"><span class='ocrx_word' id='word_1_60' title='bbox 101 940 192 980; x_wconf 85' lang='lat' dir='ltr'><strong>tur;</strong></span> <span class='ocrx_word' id='word_1_61' title='bbox 232 932 369 980; x_wconf 86' lang='lat' dir='ltr'><strong>quodsi</strong></span> <span class='ocrx_word' id='word_1_62' title='bbox 412 944 462 971; x_wconf 74' lang='lat' dir='ltr'><strong>ex</strong></span> <span class='ocrx_word' id='word_1_63' title='bbox 497 933 605 980; x_wconf 83' lang='lat' dir='ltr'><strong>plebe</strong></span> <span class='ocrx_word' id='word_1_64' title='bbox 644 933 767 970; x_wconf 88' lang='lat' dir='ltr'><strong>infima</strong></span> <span class='ocrx_word' id='word_1_65' title='bbox 800 932 899 978; x_wconf 87' lang='lat' dir='ltr'><strong>sint,</strong></span> <span class='ocrx_word' id='word_1_66' title='bbox 943 930 1009 979; x_wconf 88' lang='lat' dir='ltr'><strong>qui</strong></span> <span class='ocrx_word' id='word_1_67' title='bbox 1044 931 1090 968; x_wconf 88' lang='lat' dir='ltr'><strong>iis</strong></span> <span class='ocrx_word' id='word_1_68' title='bbox 1117 930 1212 979; x_wconf 85' lang='lat' dir='ltr'><strong>inju-</strong></span> 
     </span>
     <span class='ocr_line' id='line_1_12' title="bbox 101 1000 1214 1049; baseline -0.004 -10"><span class='ocrx_word' id='word_1_69' title='bbox 101 1003 190 1040; x_wconf 86' lang='lat' dir='ltr'><strong>riam</strong></span> <span class='ocrx_word' id='word_1_70' title='bbox 245 1002 366 1040; x_wconf 83' lang='lat' dir='ltr'><strong>facere</strong></span> <span class='ocrx_word' id='word_1_71' title='bbox 413 1010 581 1049; x_wconf 84' lang='lat' dir='ltr'><strong>tentant,</strong></span> <span class='ocrx_word' id='word_1_72' title='bbox 618 1001 691 1049; x_wconf 85' lang='lat' dir='ltr'><strong>ipsi</strong></span> <span class='ocrx_word' id='word_1_73' title='bbox 733 1001 997 1048; x_wconf 81' lang='lat' dir='ltr'><strong>magistratus,</strong></span> <span class='ocrx_word' id='word_1_74' title='bbox 1048 1010 1095 1036; x_wconf 89' lang='lat' dir='ltr'><strong>ne</strong></span> <span class='ocrx_word' id='word_1_75' title='bbox 1142 1000 1214 1037; x_wconf 88' lang='lat' dir='ltr'><strong>tale</strong></span> 
     </span>
     <span class='ocr_line' id='line_1_13' title="bbox 102 1068 1215 1119; baseline -0.004 -10"><span class='ocrx_word' id='word_1_76' title='bbox 102 1071 193 1119; x_wconf 90' lang='lat' dir='ltr'><strong>quid</strong></span> <span class='ocrx_word' id='word_1_77' title='bbox 232 1072 397 1118; x_wconf 89' lang='lat' dir='ltr'><strong>accidat,</strong></span> <span class='ocrx_word' id='word_1_78' title='bbox 449 1072 580 1109; x_wconf 86' lang='lat' dir='ltr'><strong>sedulo</strong></span> <span class='ocrx_word' id='word_1_79' title='bbox 630 1078 798 1118; x_wconf 68' lang='lat' dir='ltr'><strong>cavent,</strong></span> <span class='ocrx_word' id='word_1_80' title='bbox 849 1070 956 1107; x_wconf 86' lang='lat' dir='ltr'><strong>finito</strong></span> <span class='ocrx_word' id='word_1_81' title='bbox 1001 1068 1127 1116; x_wconf 83' lang='lat' dir='ltr'><strong>bello,</strong></span> <span class='ocrx_word' id='word_1_82' title='bbox 1156 1069 1215 1105; x_wconf 83' lang='lat' dir='ltr'><strong>vel</strong></span> 
     </span>
     <span class='ocr_line' id='line_1_14' title="bbox 101 1139 1220 1189; baseline -0.001 -12"><span class='ocrx_word' id='word_1_83' title='bbox 101 1140 208 1178; x_wconf 88' lang='lat' dir='ltr'><strong>etiam</strong></span> <span class='ocrx_word' id='word_1_84' title='bbox 259 1141 422 1179; x_wconf 90' lang='lat' dir='ltr'><strong>induciis</strong></span> <span class='ocrx_word' id='word_1_85' title='bbox 458 1140 595 1188; x_wconf 85' lang='lat' dir='ltr'><strong>factis,</strong></span> <span class='ocrx_word' id='word_1_86' title='bbox 650 1148 905 1189; x_wconf 81' lang='lat' dir='ltr'><strong>permutantur</strong></span> <span class='ocrx_word' id='word_1_87' title='bbox 949 1147 985 1177; x_wconf 88' lang='lat' dir='ltr'><strong>et</strong></span> <span class='ocrx_word' id='word_1_88' title='bbox 1025 1139 1103 1177; x_wconf 89' lang='lat' dir='ltr'><strong>suis</strong></span> <span class='ocrx_word' id='word_1_89' title='bbox 1142 1140 1220 1177; x_wconf 87' lang='lat' dir='ltr'><strong>sin-</strong></span> 
     </span>
     <span class='ocr_line' id='line_1_15' title="bbox 102 1209 1216 1257; baseline -0.001 -10"><span class='ocrx_word' id='word_1_90' title='bbox 102 1210 180 1257; x_wconf 85' lang='lat' dir='ltr'><strong>guli</strong></span> <span class='ocrx_word' id='word_1_91' title='bbox 206 1209 323 1250; x_wconf 78' lang='lat' dir='ltr'><strong>illaesi</strong></span> <span class='ocrx_word' id='word_1_92' title='bbox 349 1211 615 1249; x_wconf 85' lang='lat' dir='ltr'><strong>restituuntur.</strong></span> <span class='ocrx_word' id='word_1_93' title='bbox 651 1231 706 1241; x_wconf 91' lang='lat'><strong>-—</strong></span> <span class='ocrx_word' id='word_1_94' title='bbox 739 1211 812 1249; x_wconf 88' lang='lat' dir='ltr'><strong>His</strong></span> <span class='ocrx_word' id='word_1_95' title='bbox 838 1209 929 1257; x_wconf 85' lang='lat' dir='ltr'><strong>alia,</strong></span> <span class='ocrx_word' id='word_1_96' title='bbox 968 1221 1062 1257; x_wconf 88' lang='lat' dir='ltr'><strong>quae</strong></span> <span class='ocrx_word' id='word_1_97' title='bbox 1095 1219 1216 1247; x_wconf 82' lang='lat' dir='ltr'><strong>tamen</strong></span> 
     </span>
     <span class='ocr_line' id='line_1_16' title="bbox 103 1278 1220 1328; baseline -0.002 -10"><span class='ocrx_word' id='word_1_98' title='bbox 103 1280 226 1318; x_wconf 90' lang='lat' dir='ltr'><strong>minus</strong></span> <span class='ocrx_word' id='word_1_99' title='bbox 257 1282 303 1320; x_wconf 88' lang='lat' dir='ltr'><strong>ad</strong></span> <span class='ocrx_word' id='word_1_100' title='bbox 323 1290 488 1320; x_wconf 84' lang='lat' dir='ltr'><strong>nostram</strong></span> <span class='ocrx_word' id='word_1_101' title='bbox 514 1292 589 1318; x_wconf 89' lang='lat' dir='ltr'><strong>rem</strong></span> <span class='ocrx_word' id='word_1_102' title='bbox 606 1280 915 1328; x_wconf 87' lang='lat' dir='ltr'><strong>pertinent,addi</strong></span> <span class='ocrx_word' id='word_1_103' title='bbox 943 1279 1107 1328; x_wconf 86' lang='lat' dir='ltr'><strong>possint.</strong></span> <span class='ocrx_word' id='word_1_104' title='bbox 1146 1278 1220 1317; x_wconf 85' lang='lat' dir='ltr'><strong>Ni-</strong></span> 
     </span>
     <span class='ocr_line' id='line_1_17' title="bbox 104 1349 1275 1398; baseline 0 -12"><span class='ocrx_word' id='word_1_105' title='bbox 104 1349 466 1398; x_wconf 85' lang='lat' dir='ltr'><strong>mirum,Principes</strong></span> <span class='ocrx_word' id='word_1_106' title='bbox 483 1379 496 1396; x_wconf 92' lang='lat'><strong>,</strong></span> <span class='ocrx_word' id='word_1_107' title='bbox 511 1350 577 1388; x_wconf 87' lang='lat' dir='ltr'><strong>ubi</strong></span> <span class='ocrx_word' id='word_1_108' title='bbox 602 1350 703 1398; x_wconf 85' lang='lat' dir='ltr'><strong>pacis</strong></span> <span class='ocrx_word' id='word_1_109' title='bbox 728 1350 962 1388; x_wconf 83' lang='lat' dir='ltr'><strong>conditiones</strong></span> <span class='ocrx_word' id='word_1_110' title='bbox 990 1350 1222 1387; x_wconf 85' lang='lat' dir='ltr'><strong>constituen-</strong></span> <span class='ocrx_word' id='word_1_111' title='bbox 1273 1354 1275 1357; x_wconf 87' lang='grc'><strong>’</strong></span> 
     </span>
     <span class='ocr_line' id='line_1_18' title="bbox 105 1419 1221 1468; baseline -0.001 -11"><span class='ocrx_word' id='word_1_112' title='bbox 105 1419 171 1457; x_wconf 89' lang='lat' dir='ltr'><strong>dae</strong></span> <span class='ocrx_word' id='word_1_113' title='bbox 214 1420 316 1467; x_wconf 88' lang='lat' dir='ltr'><strong>sint,</strong></span> <span class='ocrx_word' id='word_1_114' title='bbox 367 1419 443 1458; x_wconf 89' lang='lat' dir='ltr'><strong>nisi</strong></span> <span class='ocrx_word' id='word_1_115' title='bbox 482 1420 528 1458; x_wconf 87' lang='lat' dir='ltr'><strong>ab</strong></span> <span class='ocrx_word' id='word_1_116' title='bbox 580 1420 754 1465; x_wconf 82' lang='lat' dir='ltr'><strong>omnibus</strong></span> <span class='ocrx_word' id='word_1_117' title='bbox 800 1420 954 1468; x_wconf 88' lang='lat' dir='ltr'><strong>populis</strong></span> <span class='ocrx_word' id='word_1_118' title='bbox 997 1419 1221 1458; x_wconf 87' lang='lat' dir='ltr'><strong>Christianis</strong></span> 
     </span>
     <span class='ocr_line' id='line_1_19' title="bbox 105 1490 1222 1538; baseline 0.001 -12"><span class='ocrx_word' id='word_1_119' title='bbox 105 1491 293 1528; x_wconf 89' lang='lat' dir='ltr'><strong>contemni</strong></span> <span class='ocrx_word' id='word_1_120' title='bbox 319 1490 462 1537; x_wconf 88' lang='lat' dir='ltr'><strong>velint,</strong></span> <span class='ocrx_word' id='word_1_121' title='bbox 511 1490 550 1529; x_wconf 88' lang='lat' dir='ltr'><strong>id</strong></span> <span class='ocrx_word' id='word_1_122' title='bbox 581 1498 714 1538; x_wconf 86' lang='lat' dir='ltr'><strong>agent,</strong></span> <span class='ocrx_word' id='word_1_123' title='bbox 767 1499 809 1528; x_wconf 90' lang='lat' dir='ltr'><strong>ut</strong></span> <span class='ocrx_word' id='word_1_124' title='bbox 837 1501 912 1527; x_wconf 86' lang='lat' dir='ltr'><strong>non</strong></span> <span class='ocrx_word' id='word_1_125' title='bbox 948 1499 1114 1537; x_wconf 80' lang='lat' dir='ltr'><strong>temere,</strong></span> <span class='ocrx_word' id='word_1_126' title='bbox 1155 1501 1222 1527; x_wconf 88' lang='lat' dir='ltr'><strong>nec</strong></span> 
     </span>
     <span class='ocr_line' id='line_1_20' title="bbox 106 1559 1224 1608; baseline 0 -11"><span class='ocrx_word' id='word_1_127' title='bbox 106 1559 404 1608; x_wconf 82' lang='lat' dir='ltr'><strong>inconsiderate,</strong></span> <span class='ocrx_word' id='word_1_128' title='bbox 455 1571 523 1598; x_wconf 87' lang='lat' dir='ltr'><strong>nec</strong></span> <span class='ocrx_word' id='word_1_129' title='bbox 560 1561 718 1608; x_wconf 86' lang='lat' dir='ltr'><strong>dolose,</strong></span> <span class='ocrx_word' id='word_1_130' title='bbox 769 1572 837 1597; x_wconf 87' lang='lat' dir='ltr'><strong>nec</strong></span> <span class='ocrx_word' id='word_1_131' title='bbox 876 1560 915 1597; x_wconf 90' lang='lat' dir='ltr'><strong>in</strong></span> <span class='ocrx_word' id='word_1_132' title='bbox 944 1560 1083 1608; x_wconf 81' lang='lat' dir='ltr'><strong>patriae</strong></span> <span class='ocrx_word' id='word_1_133' title='bbox 1115 1561 1224 1599; x_wconf 87' lang='lat' dir='ltr'><strong>dede-</strong></span> 
     </span>
     <span class='ocr_line' id='line_1_21' title="bbox 109 1629 1224 1687; baseline 0.001 -20"><span class='ocrx_word' id='word_1_134' title='bbox 109 1640 177 1668; x_wconf 90' lang='lat' dir='ltr'><strong>cus</strong></span> <span class='ocrx_word' id='word_1_135' title='bbox 191 1658 205 1677; x_wconf 93' lang='lat'><strong>,</strong></span> <span class='ocrx_word' id='word_1_136' title='bbox 233 1630 298 1687; x_wconf 78' lang='lat' dir='ltr'><strong>sed</strong></span> <span class='ocrx_word' id='word_1_137' title='bbox 319 1638 450 1678; x_wconf 86' lang='lat' dir='ltr'><strong>aperte</strong></span> <span class='ocrx_word' id='word_1_138' title='bbox 464 1658 478 1677; x_wconf 87' lang='lat'><strong>,</strong></span> <span class='ocrx_word' id='word_1_139' title='bbox 506 1630 673 1677; x_wconf 83' lang='lat' dir='ltr'><strong>sincere,</strong></span> <span class='ocrx_word' id='word_1_140' title='bbox 693 1629 829 1668; x_wconf 88' lang='lat' dir='ltr'><strong>civium</strong></span> <span class='ocrx_word' id='word_1_141' title='bbox 854 1639 890 1667; x_wconf 90' lang='lat' dir='ltr'><strong>et</strong></span> <span class='ocrx_word' id='word_1_142' title='bbox 913 1631 1146 1668; x_wconf 85' lang='lat' dir='ltr'><strong>devictorum</strong></span> <span class='ocrx_word' id='word_1_143' title='bbox 1167 1642 1224 1668; x_wconf 90' lang='lat' dir='ltr'><strong>sa-</strong></span> 
     </span>
    </p>
   </div>
   <div class='ocr_carea' id='block_1_3' title="bbox 110 1700 1287 1750">
    <p class='ocr_par' dir='ltr' id='par_1_4' title="bbox 110 1700 1287 1750">
     <span class='ocr_line' id='line_1_22' title="bbox 110 1700 1287 1750; baseline -0.001 -13"><span class='ocrx_word' id='word_1_144' title='bbox 110 1701 222 1738; x_wconf 89' lang='lat' dir='ltr'><strong>lutem</strong></span> <span class='ocrx_word' id='word_1_145' title='bbox 263 1708 502 1749; x_wconf 86' lang='lat' dir='ltr'><strong>spectantes,</strong></span> <span class='ocrx_word' id='word_1_146' title='bbox 527 1702 646 1750; x_wconf 86' lang='lat' dir='ltr'><strong>justas</strong></span> <span class='ocrx_word' id='word_1_147' title='bbox 685 1709 722 1738; x_wconf 88' lang='lat' dir='ltr'><strong>et</strong></span> <span class='ocrx_word' id='word_1_148' title='bbox 756 1712 892 1748; x_wconf 86' lang='lat' dir='ltr'><strong>aequas</strong></span> <span class='ocrx_word' id='word_1_149' title='bbox 917 1700 1020 1748; x_wconf 81' lang='lat' dir='ltr'><strong>pacis</strong></span> <span class='ocrx_word' id='word_1_150' title='bbox 1044 1701 1226 1738; x_wconf 88' lang='lat' dir='ltr'><strong>conditio·</strong></span> <span class='ocrx_word' id='word_1_151' title='bbox 1284 1720 1287 1723; x_wconf 90' lang='lat'><em>-</em></span> 
     </span>
    </p>
   </div>
   <div class='ocr_carea' id='block_1_4' title="bbox 111 1770 1226 1889">
    <p class='ocr_par' dir='ltr' id='par_1_5' title="bbox 111 1770 1226 1889">
     <span class='ocr_line' id='line_1_23' title="bbox 111 1770 1226 1819; baseline 0.001 -12"><span class='ocrx_word' id='word_1_152' title='bbox 111 1781 178 1808; x_wconf 90' lang='lat' dir='ltr'><strong>nes</strong></span> <span class='ocrx_word' id='word_1_153' title='bbox 212 1778 453 1819; x_wconf 85' lang='lat' dir='ltr'><strong>proponant,</strong></span> <span class='ocrx_word' id='word_1_154' title='bbox 494 1771 750 1817; x_wconf 79' lang='lat' dir='ltr'><strong>constituant,</strong></span> <span class='ocrx_word' id='word_1_155' title='bbox 779 1770 959 1808; x_wconf 85' lang='lat' dir='ltr'><strong>sanciant.</strong></span> <span class='ocrx_word' id='word_1_156' title='bbox 1015 1770 1114 1807; x_wconf 87' lang='lat' dir='ltr'><strong>Hinc</strong></span> <span class='ocrx_word' id='word_1_157' title='bbox 1140 1770 1226 1808; x_wconf 79' lang='lat' dir='ltr'><strong>talia</strong></span> 
     </span>
     <span class='ocr_line' id='line_1_24' title="bbox 112 1840 1224 1889; baseline -0.001 -10"><span class='ocrx_word' id='word_1_158' title='bbox 112 1842 229 1888; x_wconf 86' lang='lat' dir='ltr'><strong>vulgo</strong></span> <span class='ocrx_word' id='word_1_159' title='bbox 253 1840 562 1888; x_wconf 86' lang='lat' dir='ltr'><strong>constituuntur,</strong></span> <span class='ocrx_word' id='word_1_160' title='bbox 591 1840 727 1889; x_wconf 90' lang='lat' dir='ltr'><strong>quibus</strong></span> <span class='ocrx_word' id='word_1_161' title='bbox 752 1840 812 1878; x_wconf 84' lang='lat' dir='ltr'><strong>alii</strong></span> <span class='ocrx_word' id='word_1_162' title='bbox 835 1851 963 1878; x_wconf 87' lang='lat' dir='ltr'><strong>omnes</strong></span> <span class='ocrx_word' id='word_1_163' title='bbox 985 1851 1062 1878; x_wconf 91' lang='lat' dir='ltr'><strong>non</strong></span> <span class='ocrx_word' id='word_1_164' title='bbox 1086 1840 1224 1879; x_wconf 88' lang='lat' dir='ltr'><strong>civium</strong></span> 
     </span>
    </p>
   </div>
   <div class='ocr_carea' id='block_1_5' title="bbox 1151 1921 1228 1950">
    <p class='ocr_par' dir='ltr' id='par_1_6' title="bbox 1151 1921 1228 1950">
     <span class='ocr_line' id='line_1_25' title="bbox 1151 1921 1228 1950; baseline 0 -1"><span class='ocrx_word' id='word_1_165' title='bbox 1151 1921 1228 1950; x_wconf 66' lang='lat' dir='ltr'>tan-</span> 
     </span>
    </p>
   </div>
   <div class='ocr_carea' id='block_1_6' title="bbox 116 1990 1228 2202">
    <p class='ocr_par' dir='ltr' id='par_1_7' title="bbox 116 1990 1228 2202">
     <span class='ocr_line' id='line_1_26' title="bbox 153 1990 1228 2030; baseline 0.003 -10"><span class='ocrx_word' id='word_1_166' title='bbox 153 1990 258 2030; x_wconf 84' lang='lat' dir='ltr'><strong>(1)1n</strong></span> <span class='ocrx_word' id='word_1_167' title='bbox 285 1992 481 2028; x_wconf 83' lang='lat' dir='ltr'><strong>regionibus,</strong></span> <span class='ocrx_word' id='word_1_168' title='bbox 509 1993 561 2021; x_wconf 89' lang='lat' dir='ltr'><strong>ubi</strong></span> <span class='ocrx_word' id='word_1_169' title='bbox 594 1993 752 2028; x_wconf 84' lang='lat' dir='ltr'><strong>religionis</strong></span> <span class='ocrx_word' id='word_1_170' title='bbox 783 1995 970 2023; x_wconf 86' lang='lat' dir='ltr'><strong>Christianae</strong></span> <span class='ocrx_word' id='word_1_171' title='bbox 1008 1995 1144 2023; x_wconf 84' lang='lat' dir='ltr'><strong>doctrina</strong></span> <span class='ocrx_word' id='word_1_172' title='bbox 1175 2003 1228 2023; x_wconf 82' lang='lat' dir='ltr'><strong>ex-</strong></span> 
     </span>
     <span class='ocr_line' id='line_1_27' title="bbox 116 2049 1226 2087; baseline 0.004 -10"><span class='ocrx_word' id='word_1_173' title='bbox 116 2050 214 2078; x_wconf 82' lang='lat' dir='ltr'><strong>sulare</strong></span> <span class='ocrx_word' id='word_1_174' title='bbox 241 2049 302 2078; x_wconf 85' lang='lat' dir='ltr'><strong>dici</strong></span> <span class='ocrx_word' id='word_1_175' title='bbox 327 2050 438 2086; x_wconf 86' lang='lat' dir='ltr'><strong>debet,</strong></span> <span class='ocrx_word' id='word_1_176' title='bbox 465 2052 502 2078; x_wconf 80' lang='lat' dir='ltr'><strong>ad</strong></span> <span class='ocrx_word' id='word_1_177' title='bbox 521 2057 659 2079; x_wconf 85' lang='lat' dir='ltr'><strong>veterum</strong></span> <span class='ocrx_word' id='word_1_178' title='bbox 684 2059 801 2079; x_wconf 88' lang='lat' dir='ltr'><strong>morem</strong></span> <span class='ocrx_word' id='word_1_179' title='bbox 828 2052 929 2080; x_wconf 84' lang='lat' dir='ltr'><strong>redire</strong></span> <span class='ocrx_word' id='word_1_180' title='bbox 957 2060 988 2080; x_wconf 89' lang='lat' dir='ltr'><strong>et</strong></span> <span class='ocrx_word' id='word_1_181' title='bbox 1011 2052 1148 2087; x_wconf 83' lang='lat' dir='ltr'><strong>captivos</strong></span> <span class='ocrx_word' id='word_1_182' title='bbox 1174 2061 1226 2081; x_wconf 88' lang='lat' dir='ltr'><strong>ne-</strong></span> 
     </span>
     <span class='ocr_line' id='line_1_28' title="bbox 117 2107 1227 2142; baseline 0.003 -8"><span class='ocrx_word' id='word_1_183' title='bbox 117 2107 226 2135; x_wconf 83' lang='lat' dir='ltr'><strong>candos</strong></span> <span class='ocrx_word' id='word_1_184' title='bbox 255 2108 420 2136; x_wconf 80' lang='lat' dir='ltr'><strong>decernere</strong></span> <span class='ocrx_word' id='word_1_185' title='bbox 444 2115 583 2142; x_wconf 87' lang='lat' dir='ltr'><strong>possunt.</strong></span> <span class='ocrx_word' id='word_1_186' title='bbox 627 2108 770 2137; x_wconf 78' lang='lat' dir='ltr'><strong>Testetur</strong></span> <span class='ocrx_word' id='word_1_187' title='bbox 802 2109 954 2138; x_wconf 84' lang='lat' dir='ltr'><strong>Gallia.</strong></span> <span class='ocrx_word' id='word_1_188' title='bbox 996 2110 1074 2139; x_wconf 88' lang='lat' dir='ltr'><strong>Cfrr.</strong></span> <span class='ocrx_word' id='word_1_189' title='bbox 1108 2111 1227 2138; x_wconf 84' lang='lat' dir='ltr'><strong>decreta</strong></span> 
     </span>
     <span class='ocr_line' id='line_1_29' title="bbox 118 2162 1228 2202; baseline 0.004 -12"><span class='ocrx_word' id='word_1_190' title='bbox 118 2162 167 2190; x_wconf 86' lang='lat' dir='ltr'><strong>die</strong></span> <span class='ocrx_word' id='word_1_191' title='bbox 191 2171 265 2192; x_wconf 77' lang='lat' dir='ltr'><strong>xxvr</strong></span> <span class='ocrx_word' id='word_1_192' title='bbox 290 2164 367 2197; x_wconf 75' lang='lat' dir='ltr'><strong>Maji</strong></span> <span class='ocrx_word' id='word_1_193' title='bbox 398 2172 488 2202; x_wconf 83' lang='lat'><strong>1794,</strong></span> <span class='ocrx_word' id='word_1_194' title='bbox 513 2172 543 2193; x_wconf 90' lang='lat' dir='ltr'><strong>et</strong></span> <span class='ocrx_word' id='word_1_195' title='bbox 566 2173 599 2193; x_wconf 78' lang='grc' dir='ltr'><strong>Χι</strong></span> <span class='ocrx_word' id='word_1_196' title='bbox 627 2166 756 2200; x_wconf 84' lang='lat' dir='ltr'><strong>Augusti</strong></span> <span class='ocrx_word' id='word_1_197' title='bbox 785 2166 922 2199; x_wconf 82' lang='lat' dir='ltr'><strong>ejusdem</strong></span> <span class='ocrx_word' id='word_1_198' title='bbox 950 2166 1036 2201; x_wconf 85' lang='lat' dir='ltr'><strong>anni,</strong></span> <span class='ocrx_word' id='word_1_199' title='bbox 1069 2167 1151 2202; x_wconf 89' lang='lat' dir='ltr'><strong>quod</strong></span> <span class='ocrx_word' id='word_1_200' title='bbox 1175 2167 1228 2194; x_wconf 84' lang='lat' dir='ltr'><strong>de-</strong></span> 
     </span>
    </p>
   </div>
   <div class='ocr_carea' id='block_1_7' title="bbox 119 2223 1228 2314">
    <p class='ocr_par' dir='ltr' id='par_1_8' title="bbox 119 2223 1228 2314">
     <span class='ocr_line' id='line_1_30' title="bbox 120 2223 1228 2258; baseline 0.002 -10"><span class='ocrx_word' id='word_1_201' title='bbox 120 2227 235 2248; x_wconf 82' lang='lat' dir='ltr'><strong>cretum</strong></span> <span class='ocrx_word' id='word_1_202' title='bbox 259 2229 357 2250; x_wconf 76' lang='lat' dir='ltr'><strong>tamen</strong></span> <span class='ocrx_word' id='word_1_203' title='bbox 377 2230 439 2250; x_wconf 87' lang='lat' dir='ltr'><strong>non</strong></span> <span class='ocrx_word' id='word_1_204' title='bbox 464 2223 635 2258; x_wconf 86' lang='lat' dir='ltr'><strong>perfectum</strong></span> <span class='ocrx_word' id='word_1_205' title='bbox 655 2229 713 2251; x_wconf 82' lang='lat' dir='ltr'><strong>est.</strong></span> <span class='ocrx_word' id='word_1_206' title='bbox 737 2224 802 2252; x_wconf 80' lang='lat' dir='ltr'><strong>(fr.</strong></span> <span class='ocrx_word' id='word_1_207' title='bbox 830 2224 1074 2258; x_wconf 81' lang='lat' dir='ltr'><strong>deMartens,</strong></span> <span class='ocrx_word' id='word_1_208' title='bbox 1098 2224 1228 2250; x_wconf 71' lang='lat' dir='ltr'><strong>Recuen&#39;l</strong></span> 
     </span>
     <span class='ocr_line' id='line_1_31' title="bbox 119 2276 746 2314; baseline 0.006 -10"><span class='ocrx_word' id='word_1_209' title='bbox 119 2276 152 2305; x_wconf 76' lang='lat' dir='ltr'><strong>de</strong></span> <span class='ocrx_word' id='word_1_210' title='bbox 180 2277 309 2314; x_wconf 62' lang='lat' dir='ltr'><strong>Traia,</strong></span> <span class='ocrx_word' id='word_1_211' title='bbox 329 2279 420 2307; x_wconf 87' lang='lat' dir='ltr'><strong>Tom.</strong></span> <span class='ocrx_word' id='word_1_212' title='bbox 445 2279 497 2308; x_wconf 85' lang='lat' dir='ltr'><strong>VI.</strong></span> <span class='ocrx_word' id='word_1_213' title='bbox 522 2287 590 2314; x_wconf 81' lang='lat' dir='ltr'><strong>pag.</strong></span> <span class='ocrx_word' id='word_1_214' title='bbox 612 2288 678 2313; x_wconf 70' lang='lat'><strong>750.</strong></span> <span class='ocrx_word' id='word_1_215' title='bbox 701 2288 746 2314; x_wconf 84' lang='lat' dir='ltr'><strong>sq.</strong></span> 
     </span>
    </p>
   </div>
  </div>
 </body>
</html>
