2912 4368
399 2949 471 2966 ...n-5

1012 1013 1613 1057 THEOLOGICA.
1829 1032 1873 1069 39

756 1137 823 1166 eos
847 1125 954 1164 beare
986 1125 1127 1171 debet,
1155 1125 1257 1172 quod
1282 1125 1340 1163 his
1364 1126 1475 1164 vitam
1502 1126 1638 1173 adimi,
1676 1128 1871 1177 abrumpi,

752 1195 857 1235 vario
888 1195 1056 1234 cruciatu
1089 1193 1229 1233 auferri
1270 1196 1379 1235 sinat.
1450 1197 1584 1236 Carior·
1621 1208 1677 1235 est
1712 1200 1872 1247 principi

752 1267 972 1307 Christiano
1006 1268 1108 1306 salus
1144 1267 1204 1304 sui
1237 1268 1399 1315 populi,
1448 1279 1556 1314 quam
1597 1268 1746 1306 aliarum
1784 1281 1871 1317 gen-

747 1337 872 1386 tium,
900 1338 1020 1376 carior
1054 1336 1219 1374 fidelium
1249 1348 1289 1373 ac
1319 1337 1503 1374 bonorum
1531 1336 1717 1383 felicitas,
1758 1350 1868 1384 quam

749 1407 1019 1457 flagitiosorum
1059 1419 1101 1445 ac
1133 1406 1387 1456 injustorum,
1440 1407 1559 1444 carior
1597 1407 1758 1455 denique
1793 1409 1869 1447 vita

747 1478 921 1526 civium,
956 1490 1066 1526 quarn
1100 1477 1282 1516 hostium.
1338 1477 1545 1515 Conamina
1580 1477 1695 1525 igitur
1729 1478 1869 1526 princi·

745 1549 806 1599 pis
835 1549 936 1587 illius
958 1549 1214 1603 demonstrent
1240 1547 1306 1594 id,
1335 1549 1440 1595 quod
1470 1547 1601 1585 intimo
1634 1549 1771 1586 sentire
1791 1553 1869 1588 ani·

745 1630 810 1657 mo
844 1631 928 1658 eum
970 1628 1136 1668 oportet.
1212 1619 1343 1665 Itaque
1375 1619 1463 1655 dum
1499 1630 1608 1656 casus
1642 1619 1789 1666 oritur,
1826 1630 1867 1658 ut

742 1688 896 1728 aliarum
931 1690 1097 1739 gentium
1134 1690 1295 1727 conatus
1327 1688 1514 1735 hostiles,
1559 1691 1710 1727 nonnisi
1745 1691 1866 1739 copiis

742 1769 781 1799 et
824 1760 962 1808 armis,
994 1771 1116 1798 arcere
1150 1760 1303 1807 possit3
1342 1758 1387 1796 ad
1426 1760 1514 1796 haec
1552 1759 1755 1808 confugere
1789 1773 1866 1799 non

739 1830 787 1870 ab
823 1831 902 1881 ejus
948 1829 1077 1868 officiis
1121 1830 1279 1867 alienum
1318 1837 1389 1867 est.

740 1911 928 1940 armorum
962 1900 1000 1938 vi
1038 1899 1217 1938 hostibus
1254 1899 1427 1947 resistat,
1468 1912 1539 1937 suo
1579 1901 1701 1938 officio
1738 1902 1862 1948 dee'st3

742 1971 918 2020 quoniam
946 1978 1025 2008 tum
1049 1971 1178 2009 hostes
1205 1970 1392 2009 maleficos
1426 1982 1541 2017 aeque
1573 1983 1612 2009 ac
1640 1983 1730 2009 suos
1763 1973 1862 2012 cives

739 2042 987 2088 innocentes,
1023 2053 1070 2079 ne
1108 2041 1223 2078 dicam
1257 2053 1342 2089 prae
1374 2040 1447 2087 iis,
1474 2040 1616 2089 diligat.

788 2113 902 2151 Forte
926 2112 1011 2161 quis
1027 2112 1124 2149 dicat
1140 2123 1244 2159 ‚non
1261 2123 1365 2159 esse,
1395 2112 1498 2158 quod
1520 2123 1609 2148 suos
1626 2112 1726 2149 cives
1753 2113 1860 2150 armis

741 2182 915 2230 munire,
950 2194 991 2221 ac
1018 2193 1082 2220 eos
1107 2192 1262 2220 mortem
1286 2191 1489 2230 oppetere‚
1515 2182 1647 2231 jubere
1673 2183 1704 2219 ei
1739 2183 1859 2221 liceat.

739 2252 971 2302 Respondeo
1009 2263 1152 2290 tamen:
1194 2252 1366 2301 princeps
1410 2251 1651 2291 Christianus
1688 2253 1861 2301 profecto

738 2332 818 2362 non
839 2331 899 2362 tot
923 2323 1061 2361 civium
1092 2323 1189 2360 vitae
1214 2323 1419 2371 periculum
1443 2323 1539 2360 adire
1568 2323 1737 2372 jubebit,
1767 2332 1862 2371 quot

735 2393 777 2433 in
804 2393 1018 2433 discrimine
1049 2394 1183 2432 versati
1210 2392 1397 2442 fuissent3
1427 2404 1503 2430 non
1540 2402 1639 2431 tanta
1663 2396 1755 2431 mala
1782 2395 1860 2432 suis

736 2464 886 2504 civibus
931 2464 1011 2513 ipse
1049 2462 1205 2511 afferet,
1262 2473 1397 2511 quanta
1435 2464 1542 2502 allata
1587 2464 1772 2511 fuissent,
1827 2466 1859 2503 si

735 2535 868 2573 hostes
893 2534 955 2573 isti
987 2534 1101 2573 libere
1140 2535 1319 2583 egissent.
1373 2536 1438 2573 lne
1477 2544 1513 2572 et
1550 2547 1640 2572 suos
1676 2536 1719 2572 ad
1752 2548 1857 2583 rem,

736 2606 797 2644 his
829 2605 923 2655 ipsis
960 2605 1126 2653 licitam,
1150 2615 1372 2655 permovet,
1401 2607 1446 2644 ad
1479 2617 1552 2643 rem
1580 2607 1771 2643 honestam
1802 2607 1858 2643 in-

734 2675 847 2723 citat,
875 2675 1018 2715 scilicet
1057 2678 1101 2715 ad
1140 2676 1250 2714 vitam
1294 2677 1500 2724 ponendam
1539 2688 1608 2724 pro
1650 2675 1854 2723 fratribus,

734 2758 805 2796 pro
831 2746 934 2794 illis,
962 2747 1186 2794 quibuscum
1216 2748 1355 2785 arctius
1392 2741 1583 2797 conjuncti
1613 2748 1715 2794 sint,
1746 2759 1855 2794 quam

733 2828 820 2855 cum
853 2817 1028 2855 hostibus
1065 2816 1147 2854 istis
1191 2818 1341 2868 injustis
1373 2819 1459 2868 (1).

1459 1831 1602 1867 Contra
1643 1843 1760 1877 vero,
1795 1833 1866 1869 nisi

1530 2821 1562 2858 A
1598 2819 1745 2856 civibus
1782 2831 1856 2857 ma-

731 2888 814 2938 jora
837 2890 929 2926 mala
959 2888 1165 2936 depellere,
1205 2900 1269 2926 eos
1297 2890 1343 2926 ad
1381 2901 1453 2927 rein
1488 2890 1679 2927 honestam
1709 2901 1855 2937 permo-

732 2970 821 2998 vere
861 2958 1015 2997 omnino
1059 2959 1163 2997 decet
1202 2959 1439 3008 principem,
1493 2961 1579 2997 haec
1617 2972 1637 2997 a
1674 2959 1853 3007 religione

736 3029 953 3068 Christiana
986 3030 1149 3079 jussum.

773 3114 827 3151 (ι)
848 3118 994 3148 conferas
1020 3126 1073 3153 ca,
1095 3126 1170 3152 quae
1199 3109 1307 3155 supra,
1330 3115 1360 3158 ξ.
1389 3130 1408 3157 4
1430 3127 1462 3149 or
1488 3128 1516 3154 5,
1546 3120 1625 3150 dicta
1651 3130 1733 3150 sunt„
1766 3116 1769 3119 ⁴

1697 3182 1699 3186 ’
1723 3172 1852 3213 CON-
