1538 2689
235 99 283 136 14
446 92 1114 149 COMMENTATIO

226 196 284 235 vis
333 200 543 242 medicatrix
588 215 739 247 naturae
778 222 996 259 processum
1039 221 1251 269 organicum
1293 226 1337 267 in-

222 268 373 308 arteriae
398 271 471 310 fine
501 275 668 322 proferre
700 281 840 328 possit.
901 284 963 323 Sic
995 287 1110 337 igitur
1132 296 1328 343 coagulum

221 336 405 379 internum
443 351 480 380 et
512 353 703 386 externum
734 350 980 404 absorbetur,
1017 366 1056 397 et
1089 362 1234 402 tandem
1266 376 1331 405 us-

220 418 294 454 que
325 410 370 448 ad
402 411 559 459 primum
587 428 727 457 ramum
761 421 943 463 lateralem
979 430 1130 469 arteriae
1162 445 1248 482 pars
1285 435 1329 476 in

214 476 319 516 filum
362 480 647 529 ligamentosum
687 500 879 542 mutatur,
919 500 1022 544 quod
1060 502 1119 539 vel
1148 503 1327 547 absorbe-

214 553 304 595 tur,
329 551 389 588 vel
412 551 451 590 in
470 565 626 595 massam
647 559 803 600 similem
828 565 990 612 partium
1015 569 1322 616 circumdantium

211 617 405 667 redigitur.
457 622 561 664 Finis
595 627 809 670 obliteratae
843 637 993 676 arteriae
1018 639 1321 689 impedimentum

210 694 267 723 est
296 687 335 726 in
375 693 591 740 sanguinem
626 698 889 752 circulantem‚
919 718 1032 755 quare
1065 713 1216 762 sanguis
1251 725 1320 764 per

209 767 328 796 ramos
353 766 644 806 anastomoticos
670 780 822 811 cursum
848 785 960 815 suum
985 780 1147 826 perficit.

708 923 748 970 ς.
788 935 832 973 4.

275 1069 526 1117 symptomata
540 1099 554 1119 ‚
577 1076 784 1124 partialem
819 1083 988 1121 arteriae
1010 1082 1234 1128 dimisionem

625 1147 874 1197 insequentia.

243 1286 387 1327 Natura
414 1291 628 1332 medicatrix
650 1297 807 1346 majores
831 1300 972 1339 invenit
1005 1303 1237 1347 difficultates
1264 1309 1303 1348 in

191 1357 333 1406 arteriis
345 1361 542 1411 curandis,
568 1375 662 1412 quae
687 1368 923 1409 solummodo
951 1374 1083 1421 partim
1124 1386 1213 1416 sunt
1243 1380 1307 1418 de-

189 1426 320 1467 cissae.
347 1429 376 1468 P
391 1430 490 1469 etit
512 1433 578 1482 (1)
610 1436 759 1483 quidem
784 1440 829 1477 de
853 1439 910 1479 his
935 1453 1012 1480 non
1041 1457 1156 1493 pauca
1181 1447 1306 1487 inves-

191 1494 334 1543 tigavit.
376 1499 529 1548 Jones
565 1503 663 1553 (2),
702 1517 792 1545 vero
817 1509 994 1560 integram
1032 1517 1303 1564 experimento-

187 1577 269 1604 rum
305 1568 436 1607 seriem
467 1572 658 1623 instituit,
697 1577 835 1624 quibus
878 1581 986 1620 etiam
1025 1585 1092 1623 hae
1119 1586 1157 1624 in
1189 1600 1300 1628 causa

186 1646 336 1676 naturae
367 1640 464 1679 viam
503 1645 648 1693 egregie
673 1648 850 1688 ostendit.
878 1675 935 1684 —
963 1653 1183 1695 Denudabat
1203 1668 1298 1698 arte-

183 1705 271 1743 riam
316 1717 351 1745 et
395 1722 460 1758 per
500 1713 768 1763 longitudinem
813 1730 976 1767 quatuor
1018 1726 1078 1763 vel
1129 1728 1297 1778 quinque

183 1774 359 1815 linearum
391 1791 466 1818 eam
508 1783 771 1837 inscindebat;
811 1792 961 1839 sanguis
994 1806 1062 1842 per
1085 1807 1293 1845 aperturam

183 1845 306 1883 statim
321 1851 657 1898 transgrediebatur
673 1867 708 1895 et
721 1858 997 1902 diffundebatur
1009 1864 1104 1903 inter
1125 1869 1294 1909 arteriam

1197 1940 1294 1988 eJ’us·

221 2039 272 2078 (ι)
294 2043 422 2080 Petit,
453 2047 548 2077 Mem.
577 2049 612 2077 de
651 2050 774 2081 t’Acad.
803 2056 917 2092 Royale
944 2058 996 2087 des
1031 2060 1182 2093 serentes.
1210 2063 1290 2093 Paris

182 2105 268 2132 ¹735·
288 2108 319 2134 P·
342 2108 409 2136 597-

217 2155 269 2195 (2)
288 2160 429 2195 jones,
450 2161 472 2190 1.
494 2162 517 2192 l.
539 2170 571 2198 p.
594 2166 658 2195 116.
677 2172 745 2201 sqq.
