1502 2767
255 169 324 215 136
474 148 1133 207 COMMENTATIO

252 274 467 312 fortitudine
505 276 572 312 sua
617 274 654 312 in
703 277 811 313 armis
852 277 1067 323 praestanda
1104 275 1183 315 suis
1224 278 1360 326 praesi-

251 345 339 391 dio,
392 344 472 382 aliis
520 346 652 382 terrori
688 355 770 382 esse
818 345 1020 393 reperiatur
1058 346 1142 395 (ι).
1183 360 1186 362 ·
1222 347 1361 385 Princi⁶

252 413 311 461 pia
341 412 416 450 fere
450 415 549 451 nulla
574 414 646 451 nisi
676 426 800 462 prava.
859 406 961 465 Juris⁷
993 426 1028 453 et
1057 415 1253 464 aequitatis
1291 422 1361 454 n0-'

252 483 371 520 tiones
415 482 580 532 diversae
631 493 731 521 erant
758 474 845 533 'pro
895 485 994 523 varia
1045 485 1207 534 politica·
1253 486 1363 524 ratio·

251 562 325 598 ne,
380 552 428 588 ita
459 561 528 599 ut,
583 555 686 601 quod
720 554 780 592 hic
808 556 962 607 J'ustum'
987 564 1084 594 esset
1116 565 1153 594 et
1179 567 1360 604 aequum5

252 620 340 659 alibi
374 621 550 672 injustum
588 631 624 660 et
660 622 827 670 iniquum
860 624 1070 663 haberetur.
1147 625 1231 673 Ipse
1263 628 1363 674 apud

253 701 394 730 veteres
424 691 472 729 ita
506 692 627 730 dictus
648 695 804 744 patriae
827 707 933 732 amor
954 685 1124 743 ³(rectius
1145 695 1263 745 furor
1291 705 1363 745 pro

250 763 383 809 patria
420 761 620 809 dicendus)
659 773 736 800 non
771 772 915 811 poterat
963 775 1039 801 non
1072 763 1167 801 bella
1203 763 1361 802 excitare

252 840 367 876 eaque
391 831 645 869 crudelissime
675 833 750 881 geri
785 833 915 882 jubere
943 833 1031 882 (2).

302 900 389 946 En,
406 912 499 948 quae
519 901 698 939 Veterum
726 902 904 940 Gentium
930 902 1148 949 religionum
1175 898 1364 940 doctrinae

252 969 420 1008 homines
454 970 686 1019 edocebant,
730 983 901 1019 quaeque
932 972 1168 1027 hodie'apud
1198 973 1362 1022 populos

254 1038 420 1076 rudiores
456 1041 674 1087 plerumque
707 1040 901 1078 obtinent!
1108 1037 1109 1040 ¹
1177 1037 1179 1039 ¹

303 1104 442 1144 Nonne
457 1116 583 1154 gentes
600 1137 612 1154 ‚
633 1108 769 1146 talibus
795 1110 985 1148 sententiis
998 1109 1158 1152 imbutae
1171 1112 1361 1160 ‚populo-

252 1187 330 1221 rum
353 1177 441 1214 odio
463 1178 684 1216 ducerentur
698 1189 848 1216 necesse
871 1176 970 1226 erat-⁸,
989 1180 1034 1217 ab
1059 1181 1159 1217 omni
1178 1192 1261 1218 cum
1280 1180 1362 1218 aliis

253 1246 405 1294 populis
417 1275 430 1294 ‚
444 1250 518 1295 qua
537 1248 674 1296 ingenii
693 1250 832 1287 cultum
847 1259 881 1286 et
903 1252 1078 1286 rationem
1095 1246 1264 1288 moralem
1279 1247 1365 1299 proi-

253 1324 468 1362 moverent,
496 1317 759 1365 conjunctione
783 1318 920 1355 alienae
947 1318 1047 1366 (3)?
1073 1318 1212 1357 Nonne
1244 1316 1362 1357 horni'-

251 1396 339 1433 nes,
355 1385 424 1423 diis
443 1397 482 1424 se
504 1394 581 1424 tum
606 1387 762 1425 maxime
782 1391 926 1436 placere
952 1387 1098 1434 edocti,
1125 1388 1157 1426 si
1168 1388 1290 1428 animo
1304 1402 1362 1429 es-

249 1463 332 1492 sent
360 1454 532 1502 militari,
569 1465 725 1495 mortem
754 1467 1059 1513 contemnerent,
1092 1459 1181 1496 iram
1213 1459 1360 1508 sangui-

1025 1520 1027 1522 *
1316 1540 1361 1596 ¹¹2³

286 1654 337 1692 (ι)
359 1655 422 1684 CFr.
453 1658 504 1685 W.
529 1656 567 1691 Α.
598 1663 670 1689 van
700 1657 873 1691 nerigel,
909 1657 939 1685 in
974 1658 1026 1686 Or.
1057 1657 1130 1691 cit.,
1166 1662 1234 1690 pag.
1257 1663 1283 1689 3.
1314 1663 1360 1694 sq.

248 1712 441 1749 Koppen,
474 1712 711 1748 Amnerkungen
747 1714 821 1741 iiber
862 1714 1028 1742 Homer-s
1058 1712 1173 1747 Iliade,
1211 1705 1237 1741 l.
1262 1713 1297 1740 Β.
1327 1699 1363 1740 :id

250 1777 294 1797 vs.
318 1773 382 1804 189.
1112 1760 1115 1761 ⁷
1335 1760 1339 1764 ⁴

286 1826 339 1861 (αδ
367 1826 430 1855 Cfr.
461 1833 534 1854 vau
570 1826 755 1861 Kampen,
786 1828 808 1854 1.
838 1835 889 1861 α,
918 1834 987 1861 pag.
1017 1833 1087 1861 :303-
1115 1834 1182 1862 sqq.
1226 1827 1357 1861 Ypey,

247 1883 300 1910 Or.
320 1880 383 1909 Cit.
1336 1875 1339 1877 ’

285 1938 339 1974 (3)
359 1938 435 1967 Hinc
453 1939 547 1967 hostis
566 1946 597 1968 et
614 1940 791 1974 peregrinus
820 1939 900 1967 idem
929 1945 1047 1966 sonant.
1089 1939 1199 1966 Virtus
1218 1939 1362 1974 habetur,

247 1994 271 2023 si
300 1994 367 2029 quis
391 1994 463 2022 odio
491 1994 520 2022 in
545 1995 723 2030 peregrinos
741 1996 843 2033 flagret
869 1993 1075 2031 interneciuo.
1099 1994 1163 2022 Csr.
1186 1996 1222 2023 C.
1242 1998 1292 2024 W.
1314 1997 1359 2024 de

249 2052 402 2085 Rhoer‚
431 2052 476 2077 De
498 2051 561 2085 fide
588 2052 740 2079 historica
774 2051 998 2086 Herodoti,
1029 2059 1060 2086 p.
1092 2059 1148 2086 54,
1179 2060 1225 2085 55.
1256 2053 1363 2080 Mun·

246 2108 408 2144 tinghe.
441 2107 546 2136 Gesch.
571 2107 626 2135 der
652 2108 836 2142 *Menschhq
867 2107 959 2136 Tom.
982 2108 1038 2136 111.
1061 2116 1132 2136 ann.
1157 2111 1220 2144 134.
1254 2106 1359 2143 ibique

243 2165 364 2192 laudati.
405 2166 499 2192 Amor
515 2172 582 2198 erga
606 2165 702 2199 alios,
722 2171 756 2192 ut
778 2165 938 2200 homines,
958 2165 1077 2199 ignotus
1101 2171 1176 2204 erat.
1221 2163 1357 2201 Philosop

243 2222 350 2256 phema
375 2221 591 2250 rarissimorum
618 2221 884 2257 philosophorum!
