1564 2750
79 208 179 239 sectio
188 208 240 239 111.
254 203 282 243 §.
294 216 320 238 1.

344 157 413 184 112
540 141 1207 185 COMMENTATIO

337 262 493 292 conatus
531 252 779 291 verisimiliter
806 251 881 300 ipsi
916 251 1207 300 successissent,
1233 252 1307 292 nisi
1341 252 1450 292 Thu-

336 323 510 372 cydides,
541 321 606 370 qui
643 321 851 369 optimates
879 323 952 371 jam
992 320 1094 368 plebi
1127 322 1264 360 mixtos
1289 333 1451 370 cumque

336 405 378 432 ea
415 393 595 431 confusos
623 391 768 429 videbat
785 420 797 438 ‚
825 401 953 429 omnes
985 390 1086 429 vires
1132 402 1176 428 eo
1204 391 1451 440 intendisset,

336 473 378 502 ut
393 476 457 502 eos
483 470 687 501 secerneret
702 490 715 508 ,
730 472 933 508 eorumque
954 472 1045 509 opes
1069 461 1106 498 in
1120 472 1234 500 unum
1257 463 1452 502 contrahe-

335 543 406 574 ret.
460 535 549 584 Quo
572 531 713 570 factum
739 541 796 569 est
821 540 862 568 ut
892 530 937 568 ab
972 531 1044 569 hoc
1075 531 1221 569 demum
1257 540 1448 580 tempore,

337 608 429 645 duae
462 603 670 650 factiones,
705 600 897 650 Popularis
924 600 1122 648 nimirum,
1151 609 1188 638 et
1216 601 1450 650 Paucorum,

337 675 497 715 Athenis
535 671 773 711 invaluerint.
800 716 802 718 ,

386 745 588 783 Videamus
611 752 733 788 nunc,
762 740 985 789 quibusnam
1025 740 1332 779 concessionibus
1366 752 1449 780 sese

338 817 378 854 in
404 814 539 863 Populi
574 812 737 851 favorem
769 810 1024 850 insinuaverit.
1051 812 1182 852 Πολλοὶ
1218 816 1352 861 πρῶτον
1387 811 1451 853 ὑπ’

338 888 466 927 ἐκείνου
492 885 585 934 φασὶ
612 886 671 924 τὸν
694 885 799 930 δῆμον
813 882 870 921 ἐπὶ
899 882 1113 935 namq-uxiacas
1140 882 1199 921 καὶ
1215 882 1374 931 fiscum-accio
1387 882 1449 921 καὶ

338 959 465 1006 μισθῶν
489 956 656 1003 διανομὰς
681 954 898 1002 προαχθῆναι
916 952 937 999 <
946 952 1001 998 ι).
1038 950 1259 987 Plutarchus
1287 949 1451 998 respexit

340 1028 384 1065 ad
408 1027 532 1063 locum
559 1036 579 1061 e
605 1022 767 1061 Platonis
798 1020 941 1070 Gorgia
967 1019 1039 1069 (2)
1077 1019 1141 1057 ubi
1175 1019 1312 1057 dicitur
1347 1019 1454 1067 Ἀθη,

340 1100 468 1142 ναίους.
505 1126 516 1137 .
533 1125 543 1136 .
560 1126 571 1136 .
590 1121 600 1131 .
651 1096 700 1138 εἷς
750 1092 976 1141 μισθοφορίαν
1027 1093 1160 1139 πρῶτον
1213 1094 1452 1134 καταστῆναι.

340 1166 576 1217 Quibusnam
616 1171 738 1200 autem
785 1160 897 1198 rebus
936 1159 1025 1196 haec
1070 1160 1280 1208 μισθοφορίοι
1312 1157 1455 1197 consti·

342 1238 455 1283 terit,
504 1233 615 1272 nobis
648 1238 825 1269 memorat
868 1224 1088 1278 Plutarchus
1123 1229 1216 1276 (3):
1261 1229 1321 1267 ux)
1348 1230 1452 1278 ταχὺ

340 1311 506 1355 θεωρικοῖς
530 1303 590 1343 καὶ
627 1303 840 1342 δικαστικοῖς
871 1299 1085 1345 λήμμασιν,
1120 1296 1252 1340 ἄλλως
1274 1312 1316 1336 τε
1333 1298 1454 1345 μισθο-

338 1381 462 1426 φοραῖς
503 1374 561 1413 καὶ
591 1368 1032 1420 χορηγίαιςπυνδεκοέοταις
1072 1369 1113 1406 τὸ
1151 1368 1308 1414 πλῆθος,
1345 1368 1454 1416 ἐχρῆ-

339 1462 378 1486 το
399 1461 434 1485 κ.
460 1460 495 1484 τ.
521 1453 561 1482 λ.
614 1438 818 1477 Aduendus
856 1435 915 1473 hic
956 1435 1024 1472 erit
1059 1435 1166 1473 locus
1199 1446 1244 1472 ex
1266 1435 1455 1474 Aristote-

338 1518 374 1554 le
399 1513 471 1560 (4)
501 1511 663 1548 dicente:
704 1509 753 1547 m
787 1507 995 1554 δικαστήρια
1015 1505 1210 1554 pareclo-volax
1250 1507 1451 1553 κατέστησε

339 1587 512 1634 Περικλῆς
527 1593 539 1629 ;
556 1592 575 1616 e
596 1589 753 1627 quorum
767 1578 935 1614 locorum
946 1575 1222 1623 comparatione
1235 1575 1326 1612 mihi
1337 1587 1450 1626 appa-5

341 1665 421 1694 rere
448 1652 618 1697 videtur,
645 1649 706 1686 hic
734 1656 941 1685 sermonem
968 1656 1046 1682 non
1069 1655 1152 1683 esse
1174 1645 1221 1683 de
1257 1645 1450 1694 stipendiis

342 1722 564 1764 militaribus
579 1747 591 1768 ,
609 1720 677 1769 (de
700 1717 838 1766 quibus
850 1726 925 1755 vox
948 1716 1144 1766 μισθοφορά
1166 1715 1318 1767 proprie
1343 1726 1453 1755 usur-

1393 1797 1458 1835 pa·

378 1940 433 1976 (1)
454 1938 532 1965 Plut.
563 1933 594 1962 in
624 1933 693 1960 Per.
720 1938 787 1965 cap.
816 1938 846 1966 9.
878 1938 910 1966 p.
942 1930 1006 1963 156.
1037 1929 1075 1958 E.
1102 1941 1139 1950 —·
1159 1928 1252 1958 Conf.
1275 1928 1389 1958 Scholl.
1412 1931 1450 1959 ad

343 1998 430 2025 Dem.
451 1994 505 2021 Or.
527 1988 600 2029 περὶ
623 1981 816 2026 συντάξεως
835 1996 867 2023 p.
895 1995 944 2023 54.
975 1986 1024 2015 ed.
1052 1984 1145 2015 Basil.
1166 1999 1204 2007 —
1224 1985 1260 2014 ad
1287 1985 1446 2024 Aristoph.

344 2054 460 2087 Vespp.
480 2059 526 2079 vs.
546 2052 616 2079 682.

380 2109 434 2146 (α)
454 2109 529 2142 Cap.
553 2114 599 2141 71-
623 2113 656 2140 p.
680 2110 746 2136 515.
770 2103 809 2131 E.

378 2167 431 2202 (3)
452 2165 486 2193 ln
507 2167 575 2193 Per.
593 2164 616 2191 l.
639 2163 661 2190 1.
685 2169 717 2195 p.
742 2165 807 2193 157.
830 2160 869 2187 A.

381 2224 434 2258 (4)
453 2222 572 2252 Politic.
593 2220 630 2248 11.
653 2226 699 2247 ιε.
720 2226 752 2253 p.
775 2218 843 2251 326·
863 2215 900 2245 C.
