1523 2745
438 154 513 200 ω
543 153 639 194 Tr:
666 153 828 212 R-A-rz
854 154 948 208 LA.
985 182 990 187 .
1189 154 1234 199 39

128 267 266 312 docet,
291 264 537 302 venditionem
562 265 669 302 taleni
696 263 813 301 fuisse
847 260 1042 308 aliquando
1066 258 1241 308 proposi·

130 345 203 372 tam
239 334 277 370 in
321 346 410 381 eos,
466 334 529 381 qui
573 345 647 370 non
693 341 934 381 agnoscerent
982 330 1111 378 populi
1151 339 1240 366 con-

129 404 398 442 demnationem
438 412 473 440 et
495 415 551 440 me
571 404 714 451 quidem
741 401 913 448 inducit,
940 410 980 437 ut
1003 409 1128 448 putem
1155 400 1241 437 Plu-

126 473 291 510 tarchurn
320 473 357 509 in
387 483 516 519 genere
555 483 726 517 narrare,
765 471 866 518 quod
896 469 942 506 iis
983 469 1239 506 tantummodo

126 541 290 588 accidit,
316 541 380 588 qui
414 550 664 588 provocarunt
704 542 747 578 ad
770 540 911 589 judices
939 548 974 576 et
1012 541 1121 575 causa
1148 537 1242 574 ceci-

132 612 278 649 derunt.
335 611 474 659 Legem
510 611 602 647 enim
639 593 818 647 laudata'm
855 610 1034 647 diversam
1071 608 1189 645 fuisse
1221 618 1241 643 a

132 680 294 719 Periclea
319 689 356 718 et
379 691 476 718 nova
502 680 756 726 continuisse,
772 678 984 717 verosimile
1010 689 1084 715 non
1107 687 1242 714 est.—

131 751 266 798 Neque
283 759 336 787 est
352 780 365 798 ,
395 761 461 787 cur
483 751 551 787 hos
570 752 783 798 peregrinos
804 778 816 795 ‚
844 749 906 796 qui
925 750 961 785 in
976 749 1161 786 civitatem
1193 748 1241 785 ir·
1267 747 1269 752 '

130 828 318 868 repserant
336 848 348 866 ,
375 820 500 857 mitius
527 828 699 857 tractatos
735 819 851 857 fuisse
887 820 1102 862 credamus,
1133 829 1242 864 quam

129 890 360 937 inquilinos,
389 891 481 937 qui,
511 890 582 928 nisi
619 890 818 936 quotannis
847 889 1002 936 vectigal
1026 888 1239 934 solverent,

133 968 176 997 ut
209 961 306 997 servi
337 961 554 1008 prostabant
582 959 666 1009 (ι).
878 1007 880 1011 y
1028 951 1032 956 ¹

182 1031 374 1068 Postremo
404 1030 527 1077 quaeri
541 1038 665 1078 potest
689 1039 811 1066 utrum
838 1029 1003 1076 populus
1018 1028 1163 1066 Periclis
1185 1039 1243 1065 ca-

129 1099 309 1138 lamitates
326 1099 493 1145 cogitans
510 1125 524 1145 ,
552 1101 664 1146 legem
690 1099 783 1136 illam
797 1126 810 1143 ,
828 1098 1014 1134 'suadente
1035 1109 1078 1134 eo
1094 1125 1106 1142 ‚
1135 1097 1242 1133 abro-

131 1169 269 1218 gaverit
287 1197 300 1216 ‚
325 1179 370 1205 an
397 1179 487 1205 vero
520 1167 580 1204 illa
608 1167 743 1204 sensim
780 1167 817 1204 in
844 1168 1120 1213 desuetudinem
1147 1167 1242 1204 abie-

130 1238 191 1279 rit.
243 1237 461 1276 Plutarchus
484 1245 603 1274 narrat
631 1236 776 1281 quidem
805 1237 980 1274 Periclem
1012 1236 1241 1285 rogationem

133 1308 178 1344 de
202 1307 365 1351 tollenda
397 1307 478 1353 lege
511 1306 556 1342 ad
578 1305 757 1353 populum
787 1306 942 1352 tulisse,
972 1317 1092 1354 neque
1121 1315 1242 1344 tamen

131 1375 171 1412 in
215 1376 306 1412 hanc
354 1374 571 1413 sententiam
614 1375 820 1412 decrevisse
871 1376 1050 1423 populum
1090 1367 1238 1414 indicat.

130 1444 264 1482 Potius
299 1444 412 1493 igitur
438 1444 632 1481 dicendum
661 1445 842 1492 duplicem
872 1446 1115 1484 Athenienses
1143 1446 1241 1484 Peri-

132 1515 181 1552 cli
218 1515 366 1562 gratiam
403 1515 654 1552 concessisse:
684 1514 840 1562 primum
860 1543 873 1561 ,
911 1523 951 1552 ut
978 1515 1077 1554 filius
1110 1517 1148 1554 in
1176 1518 1242 1554 tri-

131 1583 220 1622 bum
253 1583 448 1622 referretur
469 1584 549 1621 sive
589 1587 816 1633 δημοποίητος
853 1584 920 1633 (2)
949 1596 1067 1633 esset,
1099 1595 1177 1624 tum
1199 1599 1240 1626 ut

135 1666 156 1695 a
192 1663 296 1702 patre
333 1654 531 1702 adoptatus
573 1653 611 1690 in
647 1654 844 1701 phratriam
884 1655 1106 1702 reciperetur
1142 1657 1239 1705 (3):

134 1734 212 1773 quo
257 1723 357 1762 facto
394 1724 513 1761 aditus
550 1723 583 1760 ei
620 1724 766 1771 patebat
801 1724 845 1761 ad
883 1735 1011 1763 omnes
1049 1725 1239 1774 honores,

131 1794 281 1844 plenum
320 1793 452 1841 adepto
477 1793 539 1841 jus
562 1792 714 1831 civium.

1143 1864 1181 1909 §-
1197 1880 1237 1917 9.
1282 1890 1285 1892 -

137 1960 268 1986 10—123
307 1951 405 1983 minus
437 1952 592 1988 probanda
621 1958 755 1986 cense0‚
791 1958 868 1986 quae
900 1951 1030 1987 disputat
1060 1953 1107 1983 vii·
1133 1956 1240 1985 doctus

124 2018 126 2020 ·
158 2029 168 2040 .
207 2019 223 2038 2
243 2018 274 2039 se
299 2029 308 2039 .
691 2026 694 2036 Χ
725 2026 735 2030 ,.

124 2018 155 2081 -P
171 2018 225 2098 (ἵ)
247 2018 406 2102 Βὲιῃοεὼ.
428 2069 456 2090 c.
479 2061 615 2096 Aristog.
636 2068 667 2095 p.
687 2039 756 2096 {870
778 2058 831 2088 fin.
854 2060 973 2089 Pollux.
997 2047 1084 2090 Vlllss
1107 2070 1156 2099 99.

162 2116 224 2157 ¹(2)
245 2121 313 2148 vid.
337 2117 441 2147 Suidas
460 2117 490 2145 in
505 2126 537 2147 v.
1080 2140 1082 2143 .

124 2196 127 2199 -
171 2177 225 2214 (3)
245 2178 322 2207 Plut.
345 2178 369 2206 1.
388 2178 412 2206 l.
432 2176 473 2206 cf.
491 2175 615 2205 omnino
635 2175 770 2210 Platner,
798 2174 946 2210 Beytriige
967 2175 1013 2215 Z⁸¹
1031 2177 1092 2208 Λα,
1122 2176 1238 2206 Recme

131 2236 169 2264 c.
192 2235 228 2263 v.
248 2233 277 2270 s.
298 2235 328 2263 6.
