1502 2767
204 162 276 190 120
428 150 1093 192 COMMENTATIO

207 259 277 298 niti
301 268 402 299 sunt.
470 260 611 299 Verum
656 262 829 300 universe
869 263 1164 311 contemplemur
1199 263 1321 301 homi-

209 340 290 369 nes.
345 330 397 367 Hi
423 331 636 380 religionem
661 331 909 371 Christianam
935 333 1119 382 professi,
1145 332 1316 380 feritate,

212 400 454 447 crudelitate,
481 399 746 439 inhumanitate
774 403 948 450 paulatim
976 404 1126 448 exutis,
1154 403 1324 441 meliores

216 481 258 509 ac
302 470 536 509 humaniores
573 471 774 509 induerunt
815 484 951 512 mores.
1004 473 1112 511 Vitae
1151 473 1328 510 domesti-

217 551 283 579 cae
326 552 367 579 ac
415 540 563 578 socialis
609 541 866 589 voluptatibus
911 554 951 580 ac
999 543 1207 582 commodis
1253 540 1327 580 ftui

219 622 334 658 eaque
367 609 561 648 aestimare
588 620 818 659 coeperuntg,
868 613 1004 651 sensim
1039 613 1189 659 omnia,
1235 623 1329 659 quae

220 681 304 730 paci
334 682 485 729 obsint,
527 693 659 730 magno
700 681 883 731 prosequi
917 683 1030 730 odio,
1067 694 1087 720 a
1131 683 1230 720 bello
1267 682 1332 719 ab·

223 752 399 800 horrere,
424 753 573 790 humani
609 753 800 801 sanguinis
827 751 1047 791 effusionem
1075 764 1334 801 armorumque

223 823 433 871 clangorem
459 822 615 871 timere,
654 833 776 870 neque
802 824 902 861 hunc
927 825 1113 871 deponere
1140 824 1335 870 timorem,

224 892 298 931 nisi
331 891 448 941 patria
484 893 564 941 ipsa
603 904 644 930 ac
676 893 853 942 princeps
878 893 917 931 in
944 893 1154 931 discrimine
1188 902 1338 930 versen-

225 970 316 1009 tur,
342 962 416 1001 nisi
449 964 550 1002 salus
575 972 611 1001 et
630 963 813 1001 cariorum
841 973 877 1001 et
902 975 968 1001 sua
989 963 1034 1001 ab
1057 963 1233 1002 hostibus
1255 974 1338 1011 pre·

228 1041 388 1071 mantur.
429 1033 500 1071 His
525 1034 671 1071 demum
712 1033 880 1080 incitati,
909 1034 1077 1081 quamvis
1097 1033 1230 1075 multi,
1261 1041 1339 1070 tan·

229 1110 310 1140 tum
338 1104 559 1140 necessitate
581 1102 700 1140 coacti
723 1112 930 1150 temporum
947 1132 960 1150 ‚
986 1103 1122 1140 bellum
1148 1113 1254 1150 agere
1279 1113 1341 1140 ve·

231 1172 324 1219 lint,
346 1183 428 1211 sese
455 1181 595 1210 armant
619 1173 656 1210 in
681 1173 811 1210 hostes
827 1200 840 1219 ‚
870 1181 906 1209 et
929 1183 1015 1220 spes
1044 1172 1131 1210 belli
1163 1171 1345 1210 citissime

235 1241 386 1281 finiendi
420 1253 546 1280 eorum
581 1242 725 1280 animos
764 1243 933 1282 delectat.
1014 1244 1135 1292 Quam
1174 1253 1346 1290 magnum

235 1312 382 1350 obtinet
420 1313 617 1350 discrimen
660 1313 755 1350 inter
777 1314 842 1350 has
874 1313 1074 1350 sententias
1111 1323 1152 1350 ac
1187 1323 1346 1361 proavo-

235 1394 317 1422 rum
335 1411 349 1430 ,
398 1382 653 1421 Romanorum
674 1410 688 1430 ‚
753 1382 1056 1429 Germanorum,
1112 1382 1314 1421 Gothorum
1331 1408 1346 1429 ‚

236 1453 462 1492 Hunnorum
479 1480 492 1500 ,
523 1451 700 1490 aliorum!

289 1523 390 1562 Haec
409 1523 605 1561 conversio
619 1524 718 1571 apud
731 1523 831 1560 viros
846 1522 978 1560 doctos
992 1550 1005 1569 ‚
1018 1523 1116 1572 apud
1137 1522 1347 1572 principes,

239 1594 339 1643 apud
367 1602 495 1642 gentes
516 1593 616 1641 ipsas
643 1593 872 1642 conspicua,
899 1604 1023 1631 annon
1049 1593 1239 1642 religionis
1263 1604 1353 1632 nos·

239 1673 316 1702 trae
351 1672 574 1712 propagatae
609 1662 762 1701 effectus
787 1671 844 1701 est
868 1663 1061 1703 habenda?
1082 1665 1162 1713 Jam
1188 1663 1351 1702 vidimus

242 1735 391 1772 meliora
403 1746 422 1772 a
435 1733 614 1782 religione
629 1733 841 1772 Christiana
856 1736 1020 1782 populos
1037 1735 1190 1772 edoctos
1204 1733 1348 1782 fuisse3

239 1805 312 1855 jam
333 1804 493 1843 vidimus
518 1796 583 1843 'hac
598 1805 777 1853 religione
794 1805 971 1853 Europae
991 1805 1242 1843 conditionem
1267 1816 1354 1845 esse

244 1883 419 1913 mutatam
447 1875 542 1924 (1),
570 1886 610 1912 ac
645 1875 825 1912 bellorum
858 1886 1076 1921 numerum,
1106 1875 1205 1913 haud
1222 1875 1357 1924 exigua

245 1945 325 1995 ejus
357 1957 458 1994 ope,
485 1945 592 1983 valde
619 1945 856 1983 decrevisse:
885 1945 975 1992 quid
1008 1945 1151 1993 igitur?
1181 1943 1355 1984 Profecto

245 2026 292 2053 ex
321 2024 458 2053 mutata
490 2016 556 2053 hac
596 2015 813 2054 conditione
851 2024 951 2052 ortae
983 2024 1071 2053 sunt
1113 2015 1282 2053 meliores
1313 2015 1358 2053 il-

243 2086 300 2124 lae
321 2086 523 2124 sententiae
538 2113 552 2134 ,
583 2097 677 2134 quae
704 2085 821 2133 magis
842 2084 1034 2133 magisque
1058 2085 1153 2124 inter
1174 2084 1359 2124 Christia-

1291 2164 1358 2194 nas

285 2239 336 2276 (1)
355 2239 405 2269 Cf.
428 2246 500 2268 van
522 2240 785 2275 H‚enge1,1.1.
812 2238 840 2268 1.
861 2246 894 2274 p.
916 2246 966 2276 4⁵·
989 2245 1074 2273 seqq.
