1502 2767
187 205 259 230 200
412 187 1076 229 COMMENTATIO

190 299 313 346 gionis
344 298 602 346 Christianae,
645 308 688 337 ut
719 311 830 348 supra
864 300 984 348 (Part.
1012 300 1041 338 Ι.
1074 300 1170 346 Cap.
1199 297 1230 336 1.
1259 297 1297 343 §-

191 370 252 415 3.)
302 369 452 406 uberius
500 368 767 417 explicuimus,
819 379 895 406 non
943 377 1103 416 possunt
1149 379 1225 405 non
1262 368 1300 405 id

189 438 350 484 efficere,
404 447 472 484 nt,
527 439 589 485 qui
628 450 697 485 pro
728 438 863 475 civium
901 438 1071 476 libertate
1116 445 1154 475 et
1184 439 1301 475 salute

189 507 408 545 vindicanda
444 519 540 544 arma
574 507 752 555 capiunt,
799 507 983 545 alacritate
1031 507 1188 554 quadam
1232 508 1303 544 hoc

191 577 353 622 faciant,
405 577 664 622 gravissimum
703 577 844 625 quippe
879 588 987 615 suum
1029 588 1110 614 esse
1140 575 1300 613 officium

190 655 383 683 censentes
401 674 414 693 ‚
442 647 486 683 ab
514 647 598 694 ipso
625 657 772 684 summo
795 646 961 684 Numine
977 646 1152 694 jussum3
1181 658 1302 694 neque

191 716 263 752 hoc
301 724 472 762 tantum,
499 727 627 754 verum
669 716 804 764 etiam,
838 725 881 754 ut
906 710 959 753 in
987 715 1073 764 ipso
1111 717 1209 754 bello
1244 728 1307 764 ge·

193 786 313 822 rundo
346 797 457 824 sensu
488 797 573 823 vere
599 786 776 832 heroico,
824 786 998 832 sincero,
1045 797 1113 824 nec
1148 786 1306 834 perfidi,

193 866 260 893 nec
302 854 428 893 tristes
455 857 514 893 vel
548 856 695 903 queruli
732 865 952 903 versentur,
993 857 1057 894 sed
1093 855 1192 894 viros
1225 868 1309 894 vere

195 925 312 963 fortes
349 937 431 963 sese
468 934 671 973 praestent.

250 996 333 1032 Hoc
360 995 512 1032 nornine
543 1007 725 1042 quoque,
754 1004 796 1033 ut
829 996 1034 1034 Christiani
1065 996 1196 1044 populi
1231 997 1313 1034 uni·

196 1066 321 1112 versi,
365 1065 414 1102 ita
450 1064 588 1112 singuli
626 1065 879 1113 belligerantes
911 1077 999 1114 prae
1025 1066 1213 1104 veteribus
1250 1077 1313 1105 ex-

197 1137 350 1173 cellunt.

251 1205 502 1243 Bohemorum
539 1215 574 1243 et
607 1205 902 1252 Germanorum,
946 1206 1186 1255 justissimam
1229 1218 1314 1244 cau-

201 1287 278 1312 sam
314 1275 425 1313 armis
470 1276 681 1324 tuentium,
723 1287 818 1324 quae
854 1285 977 1313 essent
1015 1277 1172 1314 virtutes
1212 1276 1317 1314 belli-

198 1356 287 1389 cae,
327 1355 436 1382 nemo
479 1345 638 1393 ignorat.
691 1345 854 1383 Helvetii
891 1355 926 1382 et
961 1345 1086 1383 Batavi
1121 1357 1206 1384 vera
1237 1346 1315 1384 for·

199 1415 357 1452 titudine
390 1414 558 1462 inprimis
595 1416 755 1452 elucent.
815 1416 998 1452 Miramur
1036 1415 1148 1461 illos,
1198 1428 1311 1463 quum

200 1483 380 1521 libertatis
417 1484 543 1521 studio
581 1485 712 1531 ducti,
740 1496 852 1522 sensu
880 1496 966 1522 vere
993 1485 1168 1534 heroico,
1199 1489 1310 1534 parvz‘i

201 1555 355 1593 omnino
387 1565 498 1592 manu
529 1555 705 1592 adversus
751 1554 977 1602 imbertum,
1017 1555 1239 1594 Geszlerum
1278 1565 1315 1594 et-

200 1624 523 1671 Landenbergium
553 1625 635 1674 jura
660 1636 732 1662 sua·
759 1624 1011 1671 vindicarent3
1061 1625 1161 1672 hos,
1203 1633 1240 1662 et
1268 1637 1313 1665 ex

200 1694 246 1730 iis
263 1693 471 1732 Hollandos
501 1694 655 1732 maxime
677 1701 713 1731 et
736 1695 940 1732 Zeelandos
955 1722 968 1740 ,
985 1695 1123 1732 Carolo
1140 1694 1284 1744 Quinto
1299 1723 1313 1742 ,

202 1763 377 1811 Philippo
415 1764 615 1811 Secundo,
657 1764 913 1812 Margarethae
944 1764 1154 1810 Parmensi,
1193 1764 1317 1803 Gran·

202 1834 311 1874 vellio
352 1843 388 1870 et
425 1834 542 1871 Albae
568 1833 798 1871 resistentes.
859 1833 1005 1882 jactent
1032 1834 1189 1871 Veteres
1225 1845 1312 1872 suas

201 1902 407 1950 victorias;
461 1914 538 1947 non
585 1903 629 1940 iis
677 1903 860 1940 secundae
911 1903 1171 1941 Helvetiorum
1216 1906 1316 1951 apud

203 1973 448 2020 Mox-garten,
478 1971 670 2018 Naeffels‚
698 1972 878 2020 Sempach
895 2001 907 2018 ‚
935 1973 1135 2020 Grans0n‚
1159 1972 1315 2011 Murten

205 2052 241 2080 et
277 2043 510 2090 MarIgnam3
549 2054 616 2080 nec
649 2043 691 2080 iis
727 2043 979 2090 postponendi
1007 2042 1146 2091 patriae
1170 2052 1317 2087 nostrae

205 2113 306 2151 cives
342 2114 379 2150 in
414 2113 512 2150 bello
549 2113 812 2160 octogenario,
842 2113 945 2159 quod
972 2113 1096 2160 plures
1121 2112 1318 2157 civitates,

206 2184 330 2230 plures
361 2183 487 2229 viros,
528 2184 603 2220 veri
639 2194 770 2221 sensus
802 2183 940 2220 heroici
983 2193 1063 2219 aere
1103 2182 1319 2230 perenniora

205 2263 444 2300 monumenta
483 2253 655 2301 protulit.
723 2253 826 2301 Quid
869 2263 1063 2290 memorem
1104 2261 1160 2290 tot
1197 2263 1324 2300 popu-

1256 2323 1313 2360 los
