1502 2767
404 184 1002 233 THEOLooch.
1193 194 1262 244 145·

147 291 362 351 eonstabit,
402 303 611 351 Religionis
641 304 875 343 Christianae
908 304 1112 343 doctrinam
1147 314 1259 348 esse,-

110 419 114 422 ,
150 385 246 423 quae
279 375 387 423 plane
418 375 671 422 contrarium,
700 387 811 422 quarn
848 386 979 412 omnes
1008 382 1093 412 ante
1126 373 1262 412 Chris-

151 451 227 482 tum
249 444 477 494 religiones,
511 445 649 492 faciat,
683 446 805 494 iisque
833 445 1037 493 omnibus,
1071 456 1166 492 quae
1198 447 1262 481 n'e-·

167 514 319 552 cesario
358 514 500 563 requiri
539 514 725 563 diximus,
754 515 987 564 respondeat.

199 584 330 632 Haec,
347 585 386 623 in
412 588 545 624 natura
569 586 763 624 hominum
788 584 1090 632 fundata,facile
1114 584 1159 622 ad
1185 590 1264 621 om*

149 654 254 694 nium
267 655 410 694 animos
433 661 601 704 penetrat
614 684 628 704 ,
644 657 845 695 humanum
861 662 978 705 genus
1002 656 1047 693 ad
1065 654 1265 704 pe1·fectio-‘

149 737 233 764 nem
262 728 436 765 moralem
451 728 584 766 ducere
606 726 678 765 sibi
705 726 913 775 proponit,
928 725 1152 773 omniaque,
1171 732 1266 772 quae

151 795 241 834 huie
259 795 325 834 fini
346 797 572 844 inserviant,
590 797 822 846 suppeditat.
850 796 952 834 Haec
974 805 1056 843 est,
1085 807 1180 844 quae
1199 796 1267 835 ho·-

151 866 270 904 mines
307 867 547 905 terrestribus
576 866 795 905 sublimiora
830 866 966 904 intueri
996 868 1155 914 doceat,
1190 867 1268 904 ani-

151 942 235 975 mos
255 937 301 974 ad
325 938 470 975 coelum
500 936 616 986 figat,
646 948 760 984 supra
786 936 980 975 sensibilia
1004 937 1144 985 e'rigat,
1171 937 1269 974 desi·

152 1006 295 1045 derium
332 1006 379 1044 iis
413 1006 544 1045 salutis
589 1015 754 1044 aeternae
799 1006 987 1053 instillet,
1039 1006 1177 1043 hancce
1215 1006 1270 1043 vi-

151 1081 224 1114 tam
273 1085 372 1113 arcte
404 1077 489 1114 cuin
530 1076 804 1114 immortalitate
837 1078 996 1126 jungat3
1039 1076 1270 1123 consilium,

152 1148 229 1193 quo
265 1155 383 1194 genus
411 1145 613 1184 humanum
639 1156 800 1185 creatum
836 1156 923 1194 est,
952 1158 1028 1184 non
1070 1148 1182 1196 hujus
1217 1149 1274 1185 vi·-

152 1224 210 1254 tae
243 1215 383 1254 finibus
422 1216 731 1265 circumscribat,
758 1218 824 1256 sed
851 1218 888 1256 id
920 1223 1002 1257 es'se
1034 1219 1190 1265 doceat,
1233 1227 1273 1256 ut

143 1288 283 1325 ³omnes
303 1287 469 1325 unanimi
491 1296 628 1336 agant,
656 1292 751 1336 quae
771 1289 817 1326 ad
840 1288 979 1337 ingenii
1005 1292 1148 1327 cultum
1185 1294 1272 1336 pro'-

152 1356 376 1395 movendum
419 1358 675 1406 rationemque
714 1361 888 1397 moralem
923 1360 1174 1406 explicandam
1218 1361 1272 1397 fa·-

152 1427 273 1475 cIant3
304 1426 431 1474 -haec,
473 1438 568 1475 quae
598 1436 749 1466 sensum
789 1429 894 1476 veri,
925 1430 1072 1478 pulchri
1105 1432 1142 1468 e't
1180 1430 1272 1469 boni

154 1497 317 1544 excitet,
354 1506 488 1536 novam
517 1498 630 1536 vitam
668 1498 824 1556 efficiat,
864 1502 905 1537 u't
944 1502 1072 1538 omnes
1116 1501 1270 1539 omnino

152 1577 268 1606 unum
284 1567 406 1606 Deum
423 1594 436 1614 ,
450 1575 565 1605 unum
588 1568 814 1607 Salvatorem
830 1596 844 1616 ,
873 1580 980 1608 unam
997 1569 1105 1608 fidem
1122 1599 1134 1618 ‚
1160 1575 1269 1610 unam

152 1649 280 1687 spem,
307 1645 423 1676 unum
461 1638 571 1676 finem
602 1639 805 1686 habentes,
833 1639 996 1678 fraterno
1032 1642 1154 1691 J'uncti
1190 1642 1272 1681 vin·

154 1708 271 1756 culo,
291 1708 337 1746 ad
363 1695 474 1747 unam
502 1710 656 1757 patriam
683 1711 849 1749 tendant.
904 1708 977 1749 Est
1011 1713 1133 1750 eadem
1169 1714 1272 1751 deni-

147 1766 253 1826 que,
281 1789 376 1827 quae
400 1779 489 1816 haec
513 1780 636 1818 omnia
656 1781 887 1829 gravissimis
911 1794 1039 1831 urgeat
1057 1783 1272 1822 incitamen-

154 1848 204 1886 tis
222 1875 235 1895 ,
263 1847 533 1897 subsidiaque,
576 1851 716 1898 quibus
754 1852 925 1891 ho‘m'incs
955 1865 999 1891 eo
1024 1857 1270 1904 perveniant,
1301 1852 1303 1854 ’

152 1919 368 1967 suppeditet
402 1919 612 1968 aptissima.
637 1943 692 1952 —
716 1922 789 1961 Sed
814 1923 931 1971 ipsam
959 1926 1163 1964 doctrinam
1200 1932 1272 1975 pro'

151 1988 416 2038 disputationis
439 1990 601 2030 consilio
621 1993 810 2042 paulisper
835 1995 1041 2035 audiamus.

204 2060 507 2108 Unusquisque,
546 2062 754 2110 Religionis
792 2064 1029 2104 Christianae
1063 2067 1271 2105 rudimenta

154 2136 294 2167 tantum
322 2131 506 2179 edoctus,
535 2131 644 2170 novit
681 2132 807 2172 ubivis
846 2135 998 2182 doceri,
1041 2147 1156 2173 unum
1190 2140 1273 2175 esse‘

159 2198 306 2247 Deum,
354 2199 585 2249 perfectione
636 2204 765 2242 morali
812 2205 1057 2254 gaudentem,
1107 2207 1272 2246 universi

158 2277 357 2308 creatorem
376 2292 389 2318 5
418 2271 482 2319 qui
497 2301 509 2320 ‚
526 2281 631 2321 pater
650 2274 826 2313 coelestis
844 2304 857 2323 ,
873 2275 1166 2325 benignissimus
1192 2289 1273 2315 orn-

202 2348 298 2388 Juu.
676 2343 710 2381 K
1205 2354 1272 2385 nes
