1507 2876
361 240 955 283 THEOLOGlCA.
1167 244 1213 283 61

100 363 283 403 poenasa
312 350 540 402 magistratu.
595 351 713 390 Recte
732 351 871 391 addidit
888 350 1024 400 Jesus:
1055 371 1082 398 ἦ
1108 352 1214 401 quis-

105 451 131 472 „
158 435 256 471 que,
272 423 337 471 qui
356 423 517 471 gladium
533 420 1071 470 stringit‚gladiointeribit.”
1097 423 1213 473 Quod

101 492 382 544 proverbialiter
412 492 552 531 dictum
585 500 641 530 est
679 492 771 540 (1),
810 500 847 530 et
886 491 1090 530 discrimini
1122 504 1213 532 con-

101 562 252 612 venit„
270 563 308 601 in
345 574 422 610 quo
463 563 595 600 Petrus
635 560 815 609 forsitan,
854 562 927 600 nisi
960 561 1103 601 Malchi
1129 564 1215 602 vul-

100 643 189 683 nere
230 644 252 671 a
290 633 452 673 Domino
505 641 636 671 nostro
691 641 846 680 sanam,
897 641 1066 672 versatus
1118 631 1215 673 fuis-

99 711 156 742 set
188 704 272 753 (2).
333 703 430 741 Illud
467 701 706 750 proverbium
743 714 782 740 re
818 702 1054 751 comprobari
1087 705 1213 757 selet,

99 773 160 813 uti.
175 785 212 811 e.
241 785 279 823 g.
309 772 348 811 in
374 773 527 821 proeliis
555 774 645 822 (3).-

148 843 219 882 VI.
249 843 354 893 Quae
388 844 434 882 de
462 855 586 881 amore
623 843 806 881 docentur
843 855 859 881 1
893 844 987 883 Cor.
1025 844 1130 885 XIII.
1170 858 1210 895 7.

76 914 141 964 (ἦ
175 914 333 962 ἀγάπη)
363 916 487 965 πάντα
522 915 713 963 ὑπομένει,
755 912 854 951 bello
881 925 1085 962 repugnare
1117 926 1214 955 non-

95 984 190 1033 nulli
212 992 361 1033 putant.
417 1010 442 1031 „
468 983 573 1021 Nam
599 985 691 1030 isti,
719 981 849 1020 dicunt
865 1008 879 1029 ,
905 986 971 1033 qui
997 984 1130 1023 bellum
1148 998 1214 1036 ge-

94 1063 216 1102 runt,
267 1056 417 1092 minime
454 1055 577 1092 onmia
622 1053 801 1091 tolerant.
820 1051 844 1069 ”
907 1053 1068 1103 Quando
1110 1055 1212 1095 hunc

90 1115 220 1176 locum
251 1122 487 1177 conferamus
533 1134 616 1161 cum
649 1123 754 1161 Pauli
791 1123 893 1161 dicto
932 1124 1027 1174 (4):
1081 1126 1208 1178 πάντας

89 1196 253 1245 ὑπομένει
278 1196 338 1236 διὰ
368 1197 449 1240 τοὺς
481 1195 696 1240 ἐκλεκτοὺς,
723 1193 780 1234 ἵνα
812 1196 872 1235 καὶ
907 1196 1006 1236 αὐτοὶ
1032 1197 1207 1247 ammiane,-

89 1266 229 1317 τύχωσι
253 1281 288 1306 κ.
316 1281 354 1305 τ.
381 1275 421 1305 λ.
463 1271 585 1312 patet,
633 1274 767 1302 sensus
801 1263 900 1303 illius
935 1264 1009 1303 loci
1043 1266 1117 1305 huc
1148 1278 1208 1305 re-

62 1314 189 1390 ῥῖνες
219 1335 346 1389 ‘Nihil
379 1343 431 1372 est
468 1335 682 1373 Christiano
724 1343 805 1373 tam
841 1336 1030 1374 molestum
1044 1364 1068 1387 ,ι
1110 1337 1212 1388 quod

86 1418 159 1443 non
202 1405 372 1443 lubenter
413 1405 583 1445 tolerare¹
609 1406 642 1442 is
672 1405 808 1454 vellet‚·
860 1406 991 1456 quibus
1036 1408 1208 1447 toleratis

71 1475 256 1527 fratrum
290 1474 609 1513 dilectissimorum
640 1484 817 1515 aeternae
843 1477 961 1515 saluti
978 1487 1098 1527 posset
1113 1489 1205 1530 pro-

84 1544 196 1597 desse.
231 1545 283 1583 Et
305 1555 432 1583 revera
455 1544 641 1593 sapienter
665 1544 704 1583 id
725 1546 872 1583 monuit
898 1546 1111 1600 Apostolus
1126 1549 1207 1601 Col·

87 1613 278 1662 rinthios‚
317 1616 383 1663 qui
416 1614 499 1653 aliis
521 1615 677 1664 injurias
702 1616 875 1655 retulisse
903 1618 1049 1667 magis,
1090 1631 1201 1668 quam

23 1686 27 1690 '
81 1668 155 1739 ipsi
201 1685 357 1738 aliorum
407 1697 516 1724 causa
559 1697 620 1741 eas
665 1687 843 1725 tolerasse
889 1688 1065 1727 videntur
1111 1691 1198 1743 (5).

1123 1760 1198 1799 Ita-

115 1869 473 1908 (1)Cff.Wolfius,
495 1873 664 1903 Grotius
689 1881 730 1903 et
750 1875 950 1913 Kuinoel,
970 1878 1055 1907 adh
1070 1880 1093 1908 1

113 1925 166 1966 (2)
187 1927 246 1957 eff.
269 1929 464 1979 Grotius,
483 1930 518 1958 de
545 1931 591 1968 J.
610 1932 652 1961 B.
675 1939 707 1960 et
733 1933 792 1969 P,
814 1933 886 1967 Lib.
909 1935 938 1965 1.
957 1943 986 1965 c.
1008 1946 1038 1967 2.
1061 1932 1092 1975 §.
1114 1946 1144 1973 3.
1166 1945 1196 1972 7.

74 1992 107 2014 et
134 1987 388 2023 Gerhardus,
410 1987 441 2016 in
452 1976 606 2024 i.th.1{
628 1994 663 2019 82
667 1999 696 2026 9.
1154 2026 1156 2028 ,

111 2042 163 2081 (3)
185 2044 234 2072 cf.
258 2045 298 2073 cl.
322 2052 394 2073 van
423 2047 493 2074 der
516 2047 642 2083 Palm,
663 2047 693 2075 in
715 2048 795 2077 notis
813 2050 849 2077 ad
868 2051 976 2080 Matth.
995 2053 1102 2082 XXVI.
1121 2062 1169 2088 5.
1178 2036 1181 2038 .

112 2099 201 2148 (4)2
223 2102 300 2148 Tun.
315 2102 356 2130 H.
372 2109 400 2137 9.
420 2104 494 2132 con.
521 2104 614 2132 Ront.
641 2107 676 2134 V.
696 2115 737 2140 3,
753 2116 786 2142 4.
806 2116 816 2136 1
839 2106 1063 2139 Tnn.V1.11.
1088 2118 1099 2139 ε
1121 2112 1194 2141 Cor.

73 2159 128 2187 IV.
148 2167 177 2195 9.
202 2169 218 2188 2
202 2159 312 2188 Cor.
337 2161 386 2190 VI.
405 2169 436 2205 4.

106 2215 157 2251 (5)
179 2216 229 2244 Cf.
256 2226 266 2245 1
287 2219 363 2246 Cor.
392 2219 444 2247 IV.
465 2218 590 2252 passim.
614 2218 687 2249 Vid
711 2221 836 2250 omnino
863 2223 1036 2259 Pareau,
1058 2225 1087 2253 in
1111 2228 1195 2255 Com-

70 2278 159 2319 orent.
169 2273 226 2300 dex
238 2274 312 2317 'Con
334 2274 414 2301 XIII.
428 2294 437 2309 ,
459 2276 495 2302 ad
514 2276 545 2304 h.
557 2277 578 2303 l
592 2284 622 2311 p.
636 2280 704 2307 ωδ
722 2286 788 2313 seq.
813 2280 878 2308 Alii
895 2288 994 2309 autem
1011 2283 1137 2312 secuti
1124 2293 1196 2317 sunt

65 2329 159 2356 aliam
182 2329 382 2364 senteutiam,
404 2339 480 2366 quae
501 2333 599 2362 minus
621 2335 720 2363 faveat
744 2337 912 2366 sententiae
930 2339 1110 2370 contrariae.
1135 2343 1192 2371 eff.

1081 2399 1193 2429 Bret-
