1564 2750
384 171 958 213 1'··L1TERAR1A.
1213 184 1257 221 37

156 281 321 329 ὀνόματος
363 281 445 329 (1).
509 281 637 329 anue
681 282 809 329 opinio
851 281 941 319 mihi
992 280 1131 329 optime
1172 293 1255 320 cum

154 357 361 397 temporum
418 350 559 389 ratione
607 352 806 390 convenire
850 347 1022 399 vide'tur3
1074 350 1254 398 siquidem

153 427 320 467 constat,
342 429 484 468 praeter
501 420 617 466 alios,
642 421 745 458 etiam
768 420 944 458 Periclem
960 424 1032 469 jam
1055 429 1158 456 antea
1181 431 1256 457 sae-

152 487 240 537 pius
276 490 562 528 *Comoedorumr
588 491 749 528 dicteriis
783 490 938 539 petitum
972 488 1104 527 fuisse.
1169 489 1255 526 Pse·

151 555 336 603 phisrnate
369 558 482 605 igitur
518 559 554 596 in
593 571 656 597 eos
693 558 863 606 scripto,
916 570 980 606 per
1022 567 1096 595 tres
1141 557 1256 596 hosce

150 635 268 664 annos
287 627 526 675 quieverunt:
558 641 708 675 verum,
730 641 872 677 quum,
895 629 1087 667 Archonte
1107 627 1253 676 Enthy-

149 705 256 734 mene
272 723 285 743 ‚
310 697 397 735 haec
418 698 482 735 lex
507 698 679 748 abrogata
703 709 798 736 esset
813 726 826 743 ,
854 698 956 736 brevi
979 706 1134 745 postea,
1172 698 1255 737 Me.-

149 765 315 812 gatensis
338 765 717 815 Peloponnesiacique
738 767 825 804 belli
846 777 1035 814 tempore,
1064 766 1252 813 antiquam

149 834 414 882 impudentiam
436 837 558 875 denuo
584 846 854 884 susceperunt;
884 847 1036 883 qnoque
1056 836 1171 883 magis
1197 836 1249 872 in-

150 903 219 942 viti
252 913 370 943 tacere
403 905 631 953 debuerant,
677 918 721 944 eo
756 906 876 944 acrius
914 906 953 943 in
995 916 1102 951 eum,
1142 918 1248 953 quem

149 971 261 1022 hujus
291 973 375 1011 mali
403 972 588 1013 auctorem
624 976 828 1023 putabant,
855 977 1095 1013 insultarunt.

198 1040 365 1080 Victoria
386 1052 508 1082 autem
523 1071 536 1090 ,
560 1055 667 1092 quam
693 1045 739 1082 de
759 1044 1021 1083 rebellantibus
1045 1046 1173 1083 Samiis
1195 1058 1248 1083 re·
1260 1053 1331 1087 437.

142 1118 384 1157 :portaverant
413 1112 690 1161 Athenienses,
723 1122 864 1151 ceteros
900 1114 1089 1153 insulanos
1133 1125 1254 1163 popu-

148 1181 308 1228 losque,
354 1193 450 1228 quos
484 1182 702 1229 tributarios
735 1183 943 1230 habebant,
980 1185 1171 1231 coercuit,
1204 1194 1257 1223 at·

147 1261 222 1298 que
247 1251 286 1289 in
310 1250 430 1289 officio
451 1252 617 1291 retinuit.
646 1254 738 1291 Pace
763 1253 874 1291 simul
894 1253 988 1291 inter
1013 1254 1256 1293 Athenienses

145 1319 510 1369 Peloponnesiosque
549 1323 722 1372 vigente,
773 1323 941 1370 priores,
993 1324 1172 1362 bellorum
1215 1338 1254 1362 ac
1296 1372 1299 1373 ⁷

147 1390 430 1438 longinquarum
465 1392 740 1441 expeditionum
774 1393 1006 1439 avidissimi,
1034 1394 1156 1432 denuo
1177 1395 1254 1433 ani-

146 1471 246 1497 mum
284 1463 506 1508 appulerunt
543 1462 587 1499 ad
629 1461 888 1509 possessiones
931 1473 1030 1501 extra
1063 1464 1251 1502 Graeciam

146 1530 400 1577 acquirendas.
453 1530 582 1578 Itaque
617 1531 803 1578 Pericles,
843 1532 908 1578 qui
951 1533 988 1569 in
1020 1533 1077 1570 his
1109 1536 1251 1582 populo

144 1608 282 1636 morem
316 1599 489 1647 gerebat,
525 1601 725 1638 dummodo
768 1600 939 1648 inceptus
979 1601 1142 1640 faustum
1179 1605 1253 1641 exi-

144 1676 223 1705 tum
263 1668 521 1716 polliceretur,
547 1679 675 1707 auctor
704 1670 775 1707 fuit
810 1671 976 1708 coloniae
1007 1672 1253 1719 Amphipolin

140 1738 388 1776 deducendae.
451 1739 510 1776 Eo
532 1740 604 1787 jam
640 1738 900 1787 Aristagoras,
931 1740 994 1787 qui
1022 1752 1040 1779 a
1063 1742 1251 1779 Persarum

143 1818 229 1856 rege
263 1807 377 1846 Dario
413 1808 617 1855 deiecerat,
647 1820 743 1846 anno
776 1810 822 1851 A.
852 1810 901 1849 C.
937 1822 1031 1858 497.
1074 1821 1249 1861 venerat3

145 1887 273 1926 verum
319 1867 463 1926 pauuo'
492 1886 580 1925 post
614 1878 659 1916 ab
696 1879 831 1916 accolis
882 1880 1048 1919 Barbaris
1098 1881 1255 1919 circum·

135 1955 305 1996 .ventus,
324 1959 426 1985 rcum
460 1956 541 1985 toto
583 1948 745 1985 exercitu
774 1949 883 1996 periit
911 1950 993 1998 (2).
1049 1951 1138 1988 Post
1159 1951 1253 1988 duos

1190 2021 1255 2068 igi-

181 2119 233 2157 (ι)
253 2121 354 2152 Conff.
373 2130 448 2158 quos
463 2123 534 2151 citat
555 2123 643 2153 Petit.
658 2125 693 2152 ad
713 2125 807 2158 Lege.
830 2124 892 2152 Ati.
912 2132 943 2157 p.
963 2130 1024 2156 151.
1042 2132 1085 2158 sq.

183 2175 237 2214 (2)
257 2177 372 2209 Herod.
397 2181 433 2209 v.
459 2187 524 2215 cap.
552 2184 616 2211 126-
640 2195 687 2205 --
705 2181 805 2210 Thuc.
832 2181 879 2208 lv.
899 2188 964 2214 cap.
999 2188 1063 2208 102.
1093 2199 1127 2205 --
1157 2179 1251 2210 Diod.

142 2231 204 2261 Sic.
228 2232 296 2262 XII.
313 2241 378 2269 cap.
398 2236 468 2274 68.j
