1523 2745
335 171 1100 221 osssERvATloNEs
1182 183 1276 233 «Q

162 289 318 339 cupiens
336 318 349 337 ,
398 291 529 328 statuit
560 291 699 329 bellum
735 291 1046 339 Peloponnesium
1075 302 1151 329 non
1175 297 1274 330 exar-

158 360 257 398 sisse
295 360 570 408 quatuordecim
619 360 724 399 annis
772 370 859 409 post
905 362 1121 399 tricennales
1165 361 1272 399 indu-

160 428 235 467 cias
272 428 436 477 inceptas
475 430 760 478 praeterlapsis3
811 431 875 468 sed
918 431 974 469 his
1017 431 1121 469 annis
1163 428 1268 468 etia'm

158 499 303 546 aliquot
353 510 496 537 menses
556 500 636 537 addi
690 501 799 546 vult,
854 511 928 547 qua¹
976 501 1020 538 de
1070 512 1108 538 re
1158 507 1269 548 supra

154 569 331 608 vidimus.
414 570 486 607 Sed
530 580 721 608 versantur
759 569 797 607 hi
837 569 908 608 viri
949 570 1182 618 potissimum
1212 569 1267 608 'in

154 637 396 683 quaestione,
427 649 503 684 quo
530 649 626 676 anno
656 638 856 687 Sophoclis
887 639 1071 687 tragoedia
1107 639 1264 687 Antigo-

153 715 200 744 ne
228 714 306 744 acta
339 706 475 755 fuerit3
506 719 598 755 quae
626 720 707 756 res,
740 708 908 756 quamvis
940 710 985 746 ad
1016 709 1108 747 hanc
1135 703 1265 756 quaes-

151 776 290 814 tionem
325 778 445 825 aliqua
483 790 531 816 ex
565 787 670 827 parte
702 778 907 827 pertineat,
948 779 1018 816 hos
1053 788 1173 816 tamen
1209 779 1267 816 vi-

149 859 214 885 ros
247 848 285 885 in
322 859 479 886 errorem
523 848 655 897 duxit3
708 861 821 897 quum
858 833 899 886 in
945 848 983 885 id
1017 847 1171 886 maxime
1209 849 1264 885 in-

149 918 242 956 tenti
289 923 434 966 essent,
488 927 529 957 ut
574 930 659 957 suas
702 919 941 957 defenderent
983 918 1178 967 opiniones
1207 912 1263 956 vde

148 996 342 1037 tempore,
386 1000 462 1036 quo
498 997 577 1027 acta
615 998 713 1027 esset
751 989 960 1037 tragoedia,
1001 978 1261 1036 qua'sophd-

146 1060 222 1096 cles
249 1068 453 1107 praeturam
493 1068 716 1096 consecutus
754 1070 836 1096 esse
866 1066 1033 1095 narratur
1059 1059 1143 1105 (1).
1198 1057 1260 1094 Ne

147 1136 266 1165 autem
313 1129 557 1173 adolescens,
613 1128 677 1174 qui
718 1128 928 1174 principum
967 1127 1006 1163 in
1040 1126 1098 1165 his
1140 1127 1257 1164 literis

136 1197 309 1235 ssvirorum
340 1197 542 1235 doctrinam
574 1195 740 1235 admirari
776 1196 931 1244 potius,
978 1196 1092 1243 'quam
1125 1191 1258 1245 dijudi-

144 1278 237 1305 care·
260 1278 444 1314 possum,
482 1267 671 1304 temerarie
697 1257 1079 1310 ‘exsultarevidean
1119 1262 1257 1303 auxilia

142 1345 267 1386 petam
298 1348 317 1374 e
341 1337 535 1374 Suevernii
560 1336 610 1374 V.
642 1337 690 1374 C.
720 1335 792 1384 (2)
820 1336 886 1372 hac
919 1335 963 1372 de
990 1338 1040 1371 rev
1057 1332 1254 1373 sententia.

138 1406 181 1445 *Is
204 1406 368 1446 Seidlero
395 1406 590 1452 concedit,
615 1405 821 1442 Diodorum
851 1403 1137 1452 reprehensione
1174 1404 1255 1452 dig-

139 1478 234 1515 *num
260 1487 366 1523 esse,
395 1476 497 1524 quod
524 1475 684 1513 Samium
712 1475 848 1512 bellum
878 1467 1062 1512 Timoclis
1081 1474 1256 1512 Archon-

142 1546 192 1584 tis
215 1556 311 1583 anno
335 1545 533 1591 tribuerit,
563 1545 805 1593 ejusdemque
819 1543 932 1588 beni,
958 1544 1151 1581 Archonte
1166 1544 1255 1581 Mo-

143 1616 315 1664 rychide‚
345 1614 453 1664 cujus
479 1626 574 1652 anno
600 1615 644 1651 ad
670 1614 778 1651 finem
797 1612 799 1614 ’
815 1615 988 1661 perducta
1012 1624 1091 1660 est,
1115 1615 1249 1651 nullam

141 1684 273 1723 fecerit
310 1684 563 1732 mentionem3
618 1677 891 1731 profiteturque
927 1695 969 1722 se
1006 1683 1146 1731 pridem
1184 1685 1250 1722 hac

141 1755 188 1793 de
223 1766 262 1791 re
296 1761 337 1791 ut
374 1753 576 1792 Seidlerurn
609 1753 822 1801 cogitasse,
850 1748 945 1790 *licet
981 1754 1052 1790 sibi
1083 1754 1247 1791 nondum

139 1823 332 1873 cognitum
353 1832 453 1861 esset
479 1822 682 1869 Scholion,
710 1823 917 1860 universam
943 1815 1036 1861 hanc
1063 1824 1249 1870 quaestio-

139 1904 223 1932 nem
255 1895 363 1941 plane
380 1883 589 1937 'dirimens'⁹
624 1904 643 1930 a
681 1891 847 1930 Bekkero
874 1882 1052 1940 (ficum
1081 1889 1245 1930 Seidlero

1146 1974 1245 2001 com-

182 2026 233 2064 (1)
253 2027 412 2061 Aristoph.
431 2028 560 2055 Gramm.
580 2026 679 2061 Antig.
698 2028 821 2062 Argum.
841 2026 871 2054 in
888 2026 959 2055 fine.

176 2085 229 2121 (α)
249 2087 280 2113 ln
297 2085 414 2112 Comm.
436 2084 472 2112 de
497 2083 704 2112 [illusionibus
729 2084 758 2112 in
787 2091 924 2111 veterum
947 2081 1123 2117 Tragoedfis
1140 2083 1178 2110 ad
1195 2089 1243 2111 res

137 2142 295 2179 politicas,
307 2141 417 2170 inserta
434 2142 552 2170 Comm.
576 2141 727 2181 Histo'rico
738 2156 749 2162 -
761 2141 931 2175 Philologg.
945 2138 1037 2168 acad.
1048 2141 1125 2174 Reg.
1141 2141 1243 2169 Berol.

142 2203 227 2237 1824.
246 2208 278 2235 p.
302 2207 351 2235 37.
374 2207 421 2234 sq.

174 2258 227 2296 (3)
245 2256 402 2286 Invenitur
419 2257 508 2285 etiam
525 2256 556 2284 in
576 2257 714 2285 Anecdd.
735 2257 805 2285 Vol.
825 2256 848 2283 l.
867 2263 898 2291 p.
914 2257 981 2293 4¹30.
997 2263 1077 2284 num.
1097 2260 1144 2287 16-
