<?xml version="1.0" encoding="UTF-8"?>
<!DOCTYPE html PUBLIC "-//W3C//DTD XHTML 1.0 Transitional//EN"
    "http://www.w3.org/TR/xhtml1/DTD/xhtml1-transitional.dtd">
<html xmlns="http://www.w3.org/1999/xhtml" xml:lang="en" lang="en">
 <head>
  <title>
</title>
<meta http-equiv="Content-Type" content="text/html;charset=utf-8" />
  <meta name='ocr-system' content='tesseract 3.04.00' />
  <meta name='ocr-capabilities' content='ocr_page ocr_carea ocr_par ocr_line ocrx_word'/>
</head>
<body>
  <div class='ocr_page' id='page_1' title='image "annalesacademiae33rhen_0869.png"; bbox 0 0 1523 2745; ppageno 0'>
   <div class='ocr_carea' id='block_1_1' title="bbox 270 177 1213 235">
    <p class='ocr_par' dir='ltr' id='par_1_1' title="bbox 270 177 1213 235">
     <span class='ocr_line' id='line_1_1' title="bbox 270 177 1213 235; baseline 0 -11"><span class='ocrx_word' id='word_1_1' title='bbox 270 177 1022 226; x_wconf 62' lang='lat' dir='ltr'>(rss‘SER&#39;VATIONEs.</span> <span class='ocrx_word' id='word_1_2' title='bbox 1141 197 1213 235; x_wconf 76' lang='lat'>233</span> 
     </span>
    </p>
   </div>
   <div class='ocr_carea' id='block_1_2' title="bbox 71 292 1267 2356">
    <p class='ocr_par' dir='ltr' id='par_1_2' title="bbox 71 292 1267 2003">
     <span class='ocr_line' id='line_1_2' title="bbox 115 292 1216 344; baseline 0 -11"><span class='ocrx_word' id='word_1_3' title='bbox 115 292 328 344; x_wconf 83' lang='lat' dir='ltr'>Thucydidi</span> <span class='ocrx_word' id='word_1_4' title='bbox 357 295 464 343; x_wconf 78' lang='lat' dir='ltr'>plane</span> <span class='ocrx_word' id='word_1_5' title='bbox 490 295 722 333; x_wconf 86' lang='lat' dir='ltr'>contrariam.</span> <span class='ocrx_word' id='word_1_6' title='bbox 774 295 846 332; x_wconf 87' lang='lat' dir='ltr'>Sed</span> <span class='ocrx_word' id='word_1_7' title='bbox 871 295 944 332; x_wconf 86' lang='lat' dir='ltr'>duo</span> <span class='ocrx_word' id='word_1_8' title='bbox 973 304 1060 332; x_wconf 83' lang='lat' dir='ltr'>sunt</span> <span class='ocrx_word' id='word_1_9' title='bbox 1080 323 1093 342; x_wconf 92' lang='lat'>,</span> <span class='ocrx_word' id='word_1_10' title='bbox 1123 307 1216 343; x_wconf 87' lang='lat' dir='ltr'>quae</span> 
     </span>
     <span class='ocr_line' id='line_1_3' title="bbox 112 348 1217 413; baseline 0 -12"><span class='ocrx_word' id='word_1_11' title='bbox 112 364 151 402; x_wconf 90' lang='lat' dir='ltr'>in</span> <span class='ocrx_word' id='word_1_12' title='bbox 187 365 302 403; x_wconf 88' lang='lat' dir='ltr'>Doct.</span> <span class='ocrx_word' id='word_1_13' title='bbox 343 365 425 402; x_wconf 85' lang='lat' dir='ltr'>Viri</span> <span class='ocrx_word' id='word_1_14' title='bbox 461 348 775 413; x_wconf 86' lang='lat' dir='ltr'>argumentatione</span> <span class='ocrx_word' id='word_1_15' title='bbox 801 364 1020 402; x_wconf 81' lang='lat' dir='ltr'>dubitationi</span> <span class='ocrx_word' id='word_1_16' title='bbox 1057 364 1217 402; x_wconf 85' lang='lat' dir='ltr'>obnoxia</span> 
     </span>
     <span class='ocr_line' id='line_1_4' title="bbox 113 434 1218 482; baseline 0 -10"><span class='ocrx_word' id='word_1_17' title='bbox 113 434 320 474; x_wconf 87' lang='lat' dir='ltr'>videantur.</span> <span class='ocrx_word' id='word_1_18' title='bbox 364 435 523 473; x_wconf 89' lang='lat' dir='ltr'>Primum</span> <span class='ocrx_word' id='word_1_19' title='bbox 542 463 554 480; x_wconf 95' lang='lat'>,</span> <span class='ocrx_word' id='word_1_20' title='bbox 583 435 816 482; x_wconf 72' lang='lat' dir='ltr'><strong>phigalenses</strong></span> <span class='ocrx_word' id='word_1_21' title='bbox 839 434 1007 471; x_wconf 83' lang='lat' dir='ltr'>fortassis</span> <span class='ocrx_word' id='word_1_22' title='bbox 1030 435 1150 471; x_wconf 87' lang='lat' dir='ltr'>aedem</span> <span class='ocrx_word' id='word_1_23' title='bbox 1181 435 1218 472; x_wconf 88' lang='lat' dir='ltr'>in</span> 
     </span>
     <span class='ocr_line' id='line_1_5' title="bbox 116 504 1221 550; baseline -0.001 -8"><span class='ocrx_word' id='word_1_24' title='bbox 116 504 293 542; x_wconf 88' lang='lat' dir='ltr'>honorem</span> <span class='ocrx_word' id='word_1_25' title='bbox 334 504 403 542; x_wconf 90' lang='lat' dir='ltr'>Dei</span> <span class='ocrx_word' id='word_1_26' title='bbox 434 512 720 550; x_wconf 82' lang='lat' dir='ltr'>exstruxerunt,</span> <span class='ocrx_word' id='word_1_27' title='bbox 775 504 860 550; x_wconf 88' lang='lat' dir='ltr'>quia</span> <span class='ocrx_word' id='word_1_28' title='bbox 898 504 1050 541; x_wconf 85' lang='lat' dir='ltr'>morbus</span> <span class='ocrx_word' id='word_1_29' title='bbox 1087 515 1221 550; x_wconf 84' lang='lat' dir='ltr'>nequa·</span> 
     </span>
     <span class='ocr_line' id='line_1_6' title="bbox 113 573 1220 621; baseline 0 -11"><span class='ocrx_word' id='word_1_30' title='bbox 113 585 224 621; x_wconf 89' lang='lat' dir='ltr'>quam</span> <span class='ocrx_word' id='word_1_31' title='bbox 257 584 360 612; x_wconf 88' lang='lat' dir='ltr'>suam</span> <span class='ocrx_word' id='word_1_32' title='bbox 398 573 582 620; x_wconf 77' lang='lat' dir='ltr'>regionem</span> <span class='ocrx_word' id='word_1_33' title='bbox 615 573 824 619; x_wconf 86' lang='lat' dir='ltr'>invaserat,</span> <span class='ocrx_word' id='word_1_34' title='bbox 878 573 1010 610; x_wconf 86' lang='lat' dir='ltr'>ceteris</span> <span class='ocrx_word' id='word_1_35' title='bbox 1046 573 1220 611; x_wconf 80' lang='lat' dir='ltr'><strong>Graeciae</strong></span> 
     </span>
     <span class='ocr_line' id='line_1_7' title="bbox 86 642 1220 690; baseline -0.001 -10"><span class='ocrx_word' id='word_1_36' title='bbox 86 650 89 654; x_wconf 84' lang='lat'>&#39;</span> <span class='ocrx_word' id='word_1_37' title='bbox 111 642 288 680; x_wconf 81' lang='lat' dir='ltr'><strong>tractibus</strong></span> <span class='ocrx_word' id='word_1_38' title='bbox 303 671 315 689; x_wconf 87' lang='lat'>,</span> <span class='ocrx_word' id='word_1_39' title='bbox 341 653 418 680; x_wconf 90' lang='lat' dir='ltr'>non</span> <span class='ocrx_word' id='word_1_40' title='bbox 437 643 527 680; x_wconf 88' lang='lat' dir='ltr'>adeo</span> <span class='ocrx_word' id='word_1_41' title='bbox 550 644 661 690; x_wconf 87' lang='lat' dir='ltr'>longe</span> <span class='ocrx_word' id='word_1_42' title='bbox 680 642 724 679; x_wconf 88' lang='lat' dir='ltr'>ab</span> <span class='ocrx_word' id='word_1_43' title='bbox 743 643 897 680; x_wconf 83' lang='lat' dir='ltr'>Arcadia</span> <span class='ocrx_word' id='word_1_44' title='bbox 922 642 1073 680; x_wconf 90' lang='lat' dir='ltr'>remotis</span> <span class='ocrx_word' id='word_1_45' title='bbox 1087 672 1100 690; x_wconf 87' lang='lat'>,</span> <span class='ocrx_word' id='word_1_46' title='bbox 1122 654 1220 680; x_wconf 85' lang='lat' dir='ltr'>mor-</span> 
     </span>
     <span class='ocr_line' id='line_1_8' title="bbox 115 711 1219 760; baseline 0.002 -11"><span class='ocrx_word' id='word_1_47' title='bbox 115 711 166 749; x_wconf 93' lang='lat' dir='ltr'>bo</span> <span class='ocrx_word' id='word_1_48' title='bbox 198 711 339 750; x_wconf 87' lang='lat' dir='ltr'>afflictis</span> <span class='ocrx_word' id='word_1_49' title='bbox 359 740 371 758; x_wconf 91' lang='lat'>‚</span> <span class='ocrx_word' id='word_1_50' title='bbox 398 720 498 749; x_wconf 87' lang='lat' dir='ltr'>extra</span> <span class='ocrx_word' id='word_1_51' title='bbox 531 713 829 760; x_wconf 83' lang='lat' dir='ltr'>Peloponnesum</span> <span class='ocrx_word' id='word_1_52' title='bbox 864 712 958 749; x_wconf 91' lang='lat' dir='ltr'>enim</span> <span class='ocrx_word' id='word_1_53' title='bbox 996 713 1087 750; x_wconf 81' lang='lat' dir='ltr'>hanc</span> <span class='ocrx_word' id='word_1_54' title='bbox 1123 714 1219 751; x_wconf 88' lang='lat' dir='ltr'>luem</span> 
     </span>
     <span class='ocr_line' id='line_1_9' title="bbox 112 780 1221 831; baseline 0.002 -13"><span class='ocrx_word' id='word_1_55' title='bbox 112 789 179 829; x_wconf 84' lang='lat' dir='ltr'>per</span> <span class='ocrx_word' id='word_1_56' title='bbox 197 789 310 819; x_wconf 87' lang='lat' dir='ltr'>totam</span> <span class='ocrx_word' id='word_1_57' title='bbox 335 780 527 819; x_wconf 82' lang='lat' dir='ltr'>Graeciam</span> <span class='ocrx_word' id='word_1_58' title='bbox 565 782 771 829; x_wconf 82' lang='lat' dir='ltr'>serpsisse,</span> <span class='ocrx_word' id='word_1_59' title='bbox 799 793 817 818; x_wconf 89' lang='lat' dir='ltr'>e</span> <span class='ocrx_word' id='word_1_60' title='bbox 840 782 1071 831; x_wconf 85' lang='lat' dir='ltr'>Thucydidis</span> <span class='ocrx_word' id='word_1_61' title='bbox 1097 783 1221 821; x_wconf 87' lang='lat' dir='ltr'>verbis</span> 
     </span>
     <span class='ocr_line' id='line_1_10' title="bbox 113 850 1222 899; baseline 0.002 -11"><span class='ocrx_word' id='word_1_62' title='bbox 113 850 203 889; x_wconf 85' lang='lat' dir='ltr'>satis</span> <span class='ocrx_word' id='word_1_63' title='bbox 228 859 393 899; x_wconf 87' lang='lat' dir='ltr'>apparet.</span> <span class='ocrx_word' id='word_1_64' title='bbox 421 852 575 898; x_wconf 85' lang='lat' dir='ltr'>Itaque,</span> <span class='ocrx_word' id='word_1_65' title='bbox 604 851 689 889; x_wconf 88' lang='lat' dir='ltr'>licet</span> <span class='ocrx_word' id='word_1_66' title='bbox 720 851 873 889; x_wconf 86' lang='lat' dir='ltr'>morbus</span> <span class='ocrx_word' id='word_1_67' title='bbox 906 852 1069 890; x_wconf 87' lang='lat' dir='ltr'>nondum</span> <span class='ocrx_word' id='word_1_68' title='bbox 1097 852 1134 890; x_wconf 85' lang='lat' dir='ltr'>in</span> <span class='ocrx_word' id='word_1_69' title='bbox 1155 853 1222 890; x_wconf 87' lang='lat' dir='ltr'>Pe-</span> 
     </span>
     <span class='ocr_line' id='line_1_11' title="bbox 114 906 1224 969; baseline 0.002 -11"><span class='ocrx_word' id='word_1_70' title='bbox 114 906 362 968; x_wconf 86' lang='lat' dir='ltr'>loponnesum</span> <span class='ocrx_word' id='word_1_71' title='bbox 397 914 655 969; x_wconf 81' lang='lat' dir='ltr'>pervenisset,</span> <span class='ocrx_word' id='word_1_72' title='bbox 709 921 851 958; x_wconf 84' lang='lat' dir='ltr'>incolae</span> <span class='ocrx_word' id='word_1_73' title='bbox 880 929 999 959; x_wconf 88' lang='lat' dir='ltr'>tamen</span> <span class='ocrx_word' id='word_1_74' title='bbox 1036 921 1108 959; x_wconf 87' lang='lat' dir='ltr'>sibi</span> <span class='ocrx_word' id='word_1_75' title='bbox 1148 932 1224 960; x_wconf 90' lang='lat' dir='ltr'>me-</span> 
     </span>
     <span class='ocr_line' id='line_1_12' title="bbox 113 976 1226 1040; baseline 0.003 -13"><span class='ocrx_word' id='word_1_76' title='bbox 113 998 288 1036; x_wconf 82' lang='lat' dir='ltr'>tuentes,</span> <span class='ocrx_word' id='word_1_77' title='bbox 318 989 348 1027; x_wconf 89' lang='lat' dir='ltr'>si</span> <span class='ocrx_word' id='word_1_78' title='bbox 372 991 455 1028; x_wconf 88' lang='lat' dir='ltr'>mali</span> <span class='ocrx_word' id='word_1_79' title='bbox 482 990 662 1028; x_wconf 84' lang='lat' dir='ltr'>immunes</span> <span class='ocrx_word' id='word_1_80' title='bbox 699 992 944 1037; x_wconf 81' lang='lat' dir='ltr'>mansissent,</span> <span class='ocrx_word' id='word_1_81' title='bbox 982 976 1158 1040; x_wconf 75' lang='lat' dir='ltr'>templum</span> <span class='ocrx_word' id='word_1_82' title='bbox 1186 1004 1226 1030; x_wconf 92' lang='lat' dir='ltr'>se</span> 
     </span>
     <span class='ocr_line' id='line_1_13' title="bbox 113 1047 1226 1108; baseline 0.003 -11"><span class='ocrx_word' id='word_1_83' title='bbox 113 1047 371 1097; x_wconf 82' lang='lat' dir='ltr'>aedificaturos</span> <span class='ocrx_word' id='word_1_84' title='bbox 407 1071 487 1097; x_wconf 86' lang='lat' dir='ltr'>esse</span> <span class='ocrx_word' id='word_1_85' title='bbox 525 1069 722 1097; x_wconf 77' lang='lat' dir='ltr'>voverunt,</span> <span class='ocrx_word' id='word_1_86' title='bbox 792 1061 958 1107; x_wconf 76' lang='lat' dir='ltr'>Deinde,</span> <span class='ocrx_word' id='word_1_87' title='bbox 987 1062 1087 1108; x_wconf 90' lang='lat' dir='ltr'>quod</span> <span class='ocrx_word' id='word_1_88' title='bbox 1114 1064 1226 1100; x_wconf 84' lang='lat' dir='ltr'>Arca·</span> 
     </span>
     <span class='ocr_line' id='line_1_14' title="bbox 115 1128 1221 1178; baseline 0.004 -12"><span class='ocrx_word' id='word_1_89' title='bbox 115 1128 181 1166; x_wconf 89' lang='lat' dir='ltr'>des</span> <span class='ocrx_word' id='word_1_90' title='bbox 210 1129 253 1166; x_wconf 85' lang='lat'>13.</span> <span class='ocrx_word' id='word_1_91' title='bbox 283 1129 323 1167; x_wconf 89' lang='lat' dir='ltr'>P.</span> <span class='ocrx_word' id='word_1_92' title='bbox 365 1137 533 1178; x_wconf 88' lang='lat' dir='ltr'>tempore</span> <span class='ocrx_word' id='word_1_93' title='bbox 562 1129 719 1166; x_wconf 86' lang='lat' dir='ltr'>Ictinum</span> <span class='ocrx_word' id='word_1_94' title='bbox 759 1129 1022 1167; x_wconf 87' lang='lat' dir='ltr'>Atheniensem</span> <span class='ocrx_word' id='word_1_95' title='bbox 1050 1132 1087 1168; x_wconf 89' lang='lat' dir='ltr'>in</span> <span class='ocrx_word' id='word_1_96' title='bbox 1120 1143 1221 1170; x_wconf 88' lang='lat' dir='ltr'>suam</span> 
     </span>
     <span class='ocr_line' id='line_1_15' title="bbox 113 1197 1219 1249; baseline 0.003 -14"><span class='ocrx_word' id='word_1_97' title='bbox 113 1197 298 1246; x_wconf 85' lang='lat' dir='ltr'>regionem</span> <span class='ocrx_word' id='word_1_98' title='bbox 359 1198 522 1246; x_wconf 83' lang='lat' dir='ltr'>recipere</span> <span class='ocrx_word' id='word_1_99' title='bbox 579 1199 747 1236; x_wconf 86' lang='lat' dir='ltr'>noluisse</span> <span class='ocrx_word' id='word_1_100' title='bbox 807 1199 980 1236; x_wconf 77' lang='lat' dir='ltr'>observet</span> <span class='ocrx_word' id='word_1_101' title='bbox 1031 1199 1082 1239; x_wconf 93' lang='lat' dir='ltr'>V.</span> <span class='ocrx_word' id='word_1_102' title='bbox 1137 1202 1219 1249; x_wconf 82' lang='lat' dir='ltr'>D.;</span> 
     </span>
     <span class='ocr_line' id='line_1_16' title="bbox 114 1265 1223 1318; baseline 0.004 -13"><span class='ocrx_word' id='word_1_103' title='bbox 114 1265 192 1305; x_wconf 81' lang='lat' dir='ltr'>non</span> <span class='ocrx_word' id='word_1_104' title='bbox 228 1266 462 1316; x_wconf 78' lang='lat' dir='ltr'>postulatur,</span> <span class='ocrx_word' id='word_1_105' title='bbox 516 1276 556 1304; x_wconf 90' lang='lat' dir='ltr'>ut</span> <span class='ocrx_word' id='word_1_106' title='bbox 588 1269 714 1305; x_wconf 85' lang='lat' dir='ltr'>eodem</span> <span class='ocrx_word' id='word_1_107' title='bbox 735 1297 748 1314; x_wconf 94' lang='lat'>,</span> <span class='ocrx_word' id='word_1_108' title='bbox 801 1280 879 1315; x_wconf 90' lang='lat' dir='ltr'>quo</span> <span class='ocrx_word' id='word_1_109' title='bbox 914 1270 1028 1316; x_wconf 86' lang='lat' dir='ltr'>pestis</span> <span class='ocrx_word' id='word_1_110' title='bbox 1064 1271 1223 1318; x_wconf 79' lang='lat' dir='ltr'>saeviit,</span> 
     </span>
     <span class='ocr_line' id='line_1_17' title="bbox 114 1337 1220 1386; baseline 0.003 -11"><span class='ocrx_word' id='word_1_111' title='bbox 114 1345 313 1386; x_wconf 83' lang='lat' dir='ltr'>tempore,</span> <span class='ocrx_word' id='word_1_112' title='bbox 353 1337 456 1375; x_wconf 87' lang='lat' dir='ltr'>hicce</span> <span class='ocrx_word' id='word_1_113' title='bbox 492 1337 729 1376; x_wconf 82' lang='lat' dir='ltr'>Architectus</span> <span class='ocrx_word' id='word_1_114' title='bbox 762 1337 798 1374; x_wconf 92' lang='lat' dir='ltr'>in</span> <span class='ocrx_word' id='word_1_115' title='bbox 836 1339 1025 1376; x_wconf 83' lang='lat' dir='ltr'>Arcadiam</span> <span class='ocrx_word' id='word_1_116' title='bbox 1063 1341 1220 1379; x_wconf 87' lang='lat' dir='ltr'>venerit.</span> 
     </span>
     <span class='ocr_line' id='line_1_18' title="bbox 114 1406 1221 1457; baseline 0.004 -13"><span class='ocrx_word' id='word_1_117' title='bbox 114 1408 346 1457; x_wconf 88' lang='lat' dir='ltr'>Quamquam</span> <span class='ocrx_word' id='word_1_118' title='bbox 383 1408 478 1445; x_wconf 91' lang='lat' dir='ltr'>enim</span> <span class='ocrx_word' id='word_1_119' title='bbox 513 1408 612 1455; x_wconf 84' lang='lat' dir='ltr'>apud</span> <span class='ocrx_word' id='word_1_120' title='bbox 649 1406 859 1445; x_wconf 81' lang='lat' dir='ltr'>Pausaniam</span> <span class='ocrx_word' id='word_1_121' title='bbox 894 1408 1076 1456; x_wconf 79' lang='lat' dir='ltr'>legimus,</span> <span class='ocrx_word' id='word_1_122' title='bbox 1129 1419 1221 1448; x_wconf 90' lang='lat' dir='ltr'>tem-</span> 
     </span>
     <span class='ocr_line' id='line_1_19' title="bbox 114 1476 1216 1528; baseline 0.004 -14"><span class='ocrx_word' id='word_1_123' title='bbox 114 1478 216 1526; x_wconf 89' lang='lat' dir='ltr'>plum</span> <span class='ocrx_word' id='word_1_124' title='bbox 246 1476 364 1514; x_wconf 86' lang='lat' dir='ltr'>fuisse</span> <span class='ocrx_word' id='word_1_125' title='bbox 392 1485 617 1515; x_wconf 84' lang='lat' dir='ltr'>exstructum</span> <span class='ocrx_word' id='word_1_126' title='bbox 650 1477 694 1514; x_wconf 90' lang='lat' dir='ltr'>ab</span> <span class='ocrx_word' id='word_1_127' title='bbox 726 1477 843 1514; x_wconf 72' lang='lat' dir='ltr'>lerino</span> <span class='ocrx_word' id='word_1_128' title='bbox 869 1478 1018 1516; x_wconf 81' lang='lat' dir='ltr'>Periclis</span> <span class='ocrx_word' id='word_1_129' title='bbox 1044 1482 1216 1528; x_wconf 82' lang='lat' dir='ltr'>aequali,</span> 
     </span>
     <span class='ocr_line' id='line_1_20' title="bbox 112 1547 1221 1594; baseline 0.004 -10"><span class='ocrx_word' id='word_1_130' title='bbox 112 1555 232 1585; x_wconf 87' lang='lat' dir='ltr'>tamen</span> <span class='ocrx_word' id='word_1_131' title='bbox 261 1547 344 1585; x_wconf 90' lang='lat' dir='ltr'>inde</span> <span class='ocrx_word' id='word_1_132' title='bbox 373 1558 449 1584; x_wconf 91' lang='lat' dir='ltr'>non</span> <span class='ocrx_word' id='word_1_133' title='bbox 478 1547 676 1594; x_wconf 85' lang='lat' dir='ltr'>sequitur,</span> <span class='ocrx_word' id='word_1_134' title='bbox 706 1548 842 1585; x_wconf 87' lang='lat' dir='ltr'>Pericle</span> <span class='ocrx_word' id='word_1_135' title='bbox 877 1548 963 1584; x_wconf 85' lang='lat' dir='ltr'>vivo</span> <span class='ocrx_word' id='word_1_136' title='bbox 991 1549 1081 1586; x_wconf 90' lang='lat' dir='ltr'>illud</span> <span class='ocrx_word' id='word_1_137' title='bbox 1105 1549 1221 1588; x_wconf 84' lang='lat' dir='ltr'>fuisse</span> 
     </span>
     <span class='ocr_line' id='line_1_21' title="bbox 71 1615 1267 1668; baseline 0.003 -14"><span class='ocrx_word' id='word_1_138' title='bbox 71 1661 79 1668; x_wconf 25' lang='grc' dir='ltr'><strong><em>ἢ</em></strong></span> <span class='ocrx_word' id='word_1_139' title='bbox 111 1616 362 1664; x_wconf 86' lang='lat' dir='ltr'>aedificatum;</span> <span class='ocrx_word' id='word_1_140' title='bbox 417 1615 549 1664; x_wconf 84' lang='lat' dir='ltr'>quidni</span> <span class='ocrx_word' id='word_1_141' title='bbox 588 1615 728 1654; x_wconf 87' lang='lat' dir='ltr'>Ictinus</span> <span class='ocrx_word' id='word_1_142' title='bbox 764 1616 1019 1664; x_wconf 88' lang='lat' dir='ltr'>induciarum,</span> <span class='ocrx_word' id='word_1_143' title='bbox 1058 1631 1077 1656; x_wconf 87' lang='lat' dir='ltr'>a</span> <span class='ocrx_word' id='word_1_144' title='bbox 1110 1620 1220 1659; x_wconf 87' lang='lat' dir='ltr'>Nicia</span> <span class='ocrx_word' id='word_1_145' title='bbox 1264 1648 1267 1649; x_wconf 17' lang='grc' dir='ltr'><em>γ</em></span> 
     </span>
     <span class='ocr_line' id='line_1_22' title="bbox 111 1685 1218 1733; baseline 0.003 -9"><span class='ocrx_word' id='word_1_146' title='bbox 111 1698 195 1724; x_wconf 87' lang='lat' dir='ltr'>cum</span> <span class='ocrx_word' id='word_1_147' title='bbox 230 1685 530 1724; x_wconf 88' lang='lat' dir='ltr'>Lacedaemoniis</span> <span class='ocrx_word' id='word_1_148' title='bbox 559 1695 774 1733; x_wconf 83' lang='lat' dir='ltr'>pactarum,</span> <span class='ocrx_word' id='word_1_149' title='bbox 798 1688 1014 1733; x_wconf 80' lang='lat' dir='ltr'>occasione,</span> <span class='ocrx_word' id='word_1_150' title='bbox 1043 1689 1081 1725; x_wconf 89' lang='lat' dir='ltr'>in</span> <span class='ocrx_word' id='word_1_151' title='bbox 1114 1691 1218 1727; x_wconf 81' lang='lat' dir='ltr'>Pelo-</span> 
     </span>
     <span class='ocr_line' id='line_1_23' title="bbox 111 1754 1218 1805; baseline 0.005 -13"><span class='ocrx_word' id='word_1_152' title='bbox 111 1755 318 1803; x_wconf 84' lang='lat' dir='ltr'>ponnesum</span> <span class='ocrx_word' id='word_1_153' title='bbox 351 1766 391 1792; x_wconf 91' lang='lat' dir='ltr'>se</span> <span class='ocrx_word' id='word_1_154' title='bbox 427 1754 595 1792; x_wconf 86' lang='lat' dir='ltr'>conferre</span> <span class='ocrx_word' id='word_1_155' title='bbox 638 1755 834 1802; x_wconf 77' lang='lat' dir='ltr'>potuerit?</span> <span class='ocrx_word' id='word_1_156' title='bbox 861 1756 903 1793; x_wconf 89' lang='lat' dir='ltr'>In</span> <span class='ocrx_word' id='word_1_157' title='bbox 944 1756 1096 1805; x_wconf 87' lang='lat' dir='ltr'>reliquis</span> <span class='ocrx_word' id='word_1_158' title='bbox 1134 1771 1218 1797; x_wconf 89' lang='lat' dir='ltr'>cum</span> 
     </span>
     <span class='ocr_line' id='line_1_24' title="bbox 111 1824 1222 1875; baseline 0.004 -12"><span class='ocrx_word' id='word_1_159' title='bbox 111 1824 299 1863; x_wconf 89' lang='lat' dir='ltr'>Muelleto</span> <span class='ocrx_word' id='word_1_160' title='bbox 321 1835 436 1871; x_wconf 88' lang='lat' dir='ltr'>vagos</span> <span class='ocrx_word' id='word_1_161' title='bbox 458 1825 558 1872; x_wconf 87' lang='lat' dir='ltr'>vulgi</span> <span class='ocrx_word' id='word_1_162' title='bbox 592 1836 757 1863; x_wconf 85' lang='lat' dir='ltr'>rumores</span> <span class='ocrx_word' id='word_1_163' title='bbox 795 1836 1058 1875; x_wconf 85' lang='lat' dir='ltr'>agnoscentes,</span> <span class='ocrx_word' id='word_1_164' title='bbox 1086 1829 1222 1868; x_wconf 89' lang='lat' dir='ltr'>Pausa-</span> 
     </span>
     <span class='ocr_line' id='line_1_25' title="bbox 109 1890 1213 1949; baseline 0.004 -17"><span class='ocrx_word' id='word_1_165' title='bbox 109 1893 206 1932; x_wconf 88' lang='lat' dir='ltr'>niam</span> <span class='ocrx_word' id='word_1_166' title='bbox 238 1891 580 1942; x_wconf 75' lang='lat' dir='ltr'>cum&#39;Thucydide</span> <span class='ocrx_word' id='word_1_167' title='bbox 614 1894 832 1932; x_wconf 87' lang='lat' dir='ltr'>conciliasse</span> <span class='ocrx_word' id='word_1_168' title='bbox 874 1896 984 1934; x_wconf 86' lang='lat' dir='ltr'>nobis</span> <span class='ocrx_word' id='word_1_169' title='bbox 1022 1890 1213 1949; x_wconf 58' lang='lat' dir='ltr'>videmur,</span> 
     </span>
     <span class='ocr_line' id='line_1_26' title="bbox 110 1963 926 2003; baseline -0.001 0"><span class='ocrx_word' id='word_1_170' title='bbox 110 1964 161 2003; x_wconf 88' lang='lat' dir='ltr'>ita</span> <span class='ocrx_word' id='word_1_171' title='bbox 197 1972 238 2003; x_wconf 87' lang='lat' dir='ltr'>ut</span> <span class='ocrx_word' id='word_1_172' title='bbox 276 1972 407 2001; x_wconf 86' lang='lat' dir='ltr'>neuter</span> <span class='ocrx_word' id='word_1_173' title='bbox 438 1963 571 2002; x_wconf 87' lang='lat' dir='ltr'>erroris</span> <span class='ocrx_word' id='word_1_174' title='bbox 602 1965 830 2002; x_wconf 83' lang='lat' dir='ltr'>accusandus</span> <span class='ocrx_word' id='word_1_175' title='bbox 863 1964 926 2003; x_wconf 84' lang='lat' dir='ltr'>sit.</span> 
     </span>
    </p>

    <p class='ocr_par' dir='ltr' id='par_1_3' title="bbox 110 2024 1219 2292">
     <span class='ocr_line' id='line_1_27' title="bbox 163 2024 1219 2088; baseline 0.004 -17"><span class='ocrx_word' id='word_1_176' title='bbox 163 2024 312 2071; x_wconf 81' lang='lat' dir='ltr'>Tritum</span> <span class='ocrx_word' id='word_1_177' title='bbox 350 2032 422 2071; x_wconf 89' lang='lat' dir='ltr'>fuit</span> <span class='ocrx_word' id='word_1_178' title='bbox 459 2033 497 2071; x_wconf 93' lang='lat' dir='ltr'>in</span> <span class='ocrx_word' id='word_1_179' title='bbox 537 2035 757 2082; x_wconf 84' lang='lat' dir='ltr'>antiquitate</span> <span class='ocrx_word' id='word_1_180' title='bbox 795 2045 1069 2084; x_wconf 82' lang='lat' dir='ltr'>commentum,</span> <span class='ocrx_word' id='word_1_181' title='bbox 1121 2037 1219 2088; x_wconf 84' lang='lat' dir='ltr'>Hip-</span> 
     </span>
     <span class='ocr_line' id='line_1_28' title="bbox 111 2104 1214 2154; baseline 0.005 -13"><span class='ocrx_word' id='word_1_182' title='bbox 111 2111 298 2152; x_wconf 87' lang='lat' dir='ltr'>pocratem</span> <span class='ocrx_word' id='word_1_183' title='bbox 323 2104 394 2141; x_wconf 92' lang='lat' dir='ltr'>hoc</span> <span class='ocrx_word' id='word_1_184' title='bbox 421 2114 584 2152; x_wconf 84' lang='lat' dir='ltr'>tempore</span> <span class='ocrx_word' id='word_1_185' title='bbox 619 2104 778 2142; x_wconf 88' lang='lat' dir='ltr'>Athenis</span> <span class='ocrx_word' id='word_1_186' title='bbox 812 2106 1028 2153; x_wconf 84' lang='lat' dir='ltr'>degentem,</span> <span class='ocrx_word' id='word_1_187' title='bbox 1054 2106 1214 2154; x_wconf 87' lang='lat' dir='ltr'>primum</span> 
     </span>
     <span class='ocr_line' id='line_1_29' title="bbox 110 2167 1213 2225; baseline 0.005 -16"><span class='ocrx_word' id='word_1_188' title='bbox 110 2167 252 2221; x_wconf 88' lang='lat' dir='ltr'>pestem</span> <span class='ocrx_word' id='word_1_189' title='bbox 290 2173 541 2221; x_wconf 84' lang='lat' dir='ltr'>praedixisse,</span> <span class='ocrx_word' id='word_1_190' title='bbox 593 2173 679 2211; x_wconf 90' lang='lat' dir='ltr'>dein</span> <span class='ocrx_word' id='word_1_191' title='bbox 723 2185 898 2222; x_wconf 82' lang='lat' dir='ltr'>curasse,</span> <span class='ocrx_word' id='word_1_192' title='bbox 948 2186 996 2212; x_wconf 89' lang='lat' dir='ltr'>ne</span> <span class='ocrx_word' id='word_1_193' title='bbox 1026 2176 1213 2225; x_wconf 47' lang='lat' dir='ltr'>,discipuli</span> 
     </span>
     <span class='ocr_line' id='line_1_30' title="bbox 112 2241 1213 2292; baseline 0.005 -12"><span class='ocrx_word' id='word_1_194' title='bbox 112 2253 153 2281; x_wconf 84' lang='lat' dir='ltr'>ea</span> <span class='ocrx_word' id='word_1_195' title='bbox 182 2241 478 2292; x_wconf 88' lang='lat' dir='ltr'>corriperentur,</span> <span class='ocrx_word' id='word_1_196' title='bbox 505 2254 545 2280; x_wconf 88' lang='lat' dir='ltr'>ac</span> <span class='ocrx_word' id='word_1_197' title='bbox 572 2252 725 2292; x_wconf 88' lang='lat' dir='ltr'>propter</span> <span class='ocrx_word' id='word_1_198' title='bbox 754 2255 820 2282; x_wconf 90' lang='lat' dir='ltr'>sua</span> <span class='ocrx_word' id='word_1_199' title='bbox 852 2245 896 2282; x_wconf 89' lang='lat' dir='ltr'>de</span> <span class='ocrx_word' id='word_1_200' title='bbox 921 2243 1213 2285; x_wconf 84' lang='lat' dir='ltr'>Atheniensibus</span> 
     </span>
    </p>

    <p class='ocr_par' dir='ltr' id='par_1_4' title="bbox 1124 2317 1217 2356">
     <span class='ocr_line' id='line_1_31' title="bbox 1124 2317 1217 2356; baseline 0.011 -2"><span class='ocrx_word' id='word_1_201' title='bbox 1124 2317 1217 2356; x_wconf 85' lang='lat' dir='ltr'>bene</span> 
     </span>
    </p>
   </div>
  </div>
 </body>
</html>
