<?xml version="1.0" encoding="UTF-8"?>
<!DOCTYPE html PUBLIC "-//W3C//DTD XHTML 1.0 Transitional//EN"
    "http://www.w3.org/TR/xhtml1/DTD/xhtml1-transitional.dtd">
<html xmlns="http://www.w3.org/1999/xhtml" xml:lang="en" lang="en">
 <head>
  <title>
</title>
<meta http-equiv="Content-Type" content="text/html;charset=utf-8" />
  <meta name='ocr-system' content='tesseract 3.04.00' />
  <meta name='ocr-capabilities' content='ocr_page ocr_carea ocr_par ocr_line ocrx_word'/>
</head>
<body>
  <div class='ocr_page' id='page_1' title='image "annalesacademiae33rhen_0249.png"; bbox 0 0 1502 2767; ppageno 0'>
   <div class='ocr_carea' id='block_1_1' title="bbox 0 464 4 998">
    <p class='ocr_par' dir='ltr' id='par_1_1' title="bbox 0 464 4 998">
     <span class='ocr_line' id='line_1_1' title="bbox 0 464 4 998; baseline 0 0"><span class='ocrx_word' id='word_1_1' title='bbox 0 464 4 998; x_wconf 95' lang='lat' dir='ltr'><strong> </strong></span> 
     </span>
    </p>
   </div>
   <div class='ocr_carea' id='block_1_2' title="bbox 420 167 1264 229">
    <p class='ocr_par' dir='ltr' id='par_1_2' title="bbox 420 167 1264 229">
     <span class='ocr_line' id='line_1_2' title="bbox 420 167 1264 229; baseline 0.012 -21"><span class='ocrx_word' id='word_1_2' title='bbox 420 167 1016 215; x_wconf 75' lang='lat' dir='ltr'><strong>THEOLOGICA.</strong></span> <span class='ocrx_word' id='word_1_3' title='bbox 1195 189 1264 229; x_wconf 78' lang='lat'><strong>159</strong></span> 
     </span>
    </p>
   </div>
   <div class='ocr_carea' id='block_1_3' title="bbox 156 278 1307 2006">
    <p class='ocr_par' dir='ltr' id='par_1_3' title="bbox 156 278 1307 2006">
     <span class='ocr_line' id='line_1_3' title="bbox 209 278 1265 337; baseline 0.01 -21"><span class='ocrx_word' id='word_1_4' title='bbox 209 278 366 327; x_wconf 78' lang='lat' dir='ltr'>Saepius</span> <span class='ocrx_word' id='word_1_5' title='bbox 393 290 489 318; x_wconf 85' lang='lat' dir='ltr'><strong>arma</strong></span> <span class='ocrx_word' id='word_1_6' title='bbox 525 289 631 329; x_wconf 89' lang='lat' dir='ltr'><strong>capta</strong></span> <span class='ocrx_word' id='word_1_7' title='bbox 662 291 751 321; x_wconf 90' lang='lat' dir='ltr'><strong>sunt</strong></span> <span class='ocrx_word' id='word_1_8' title='bbox 791 284 966 332; x_wconf 87' lang='lat' dir='ltr'><strong>utrinque</strong></span> <span class='ocrx_word' id='word_1_9' title='bbox 997 297 1042 324; x_wconf 89' lang='lat' dir='ltr'><strong>eo</strong></span> <span class='ocrx_word' id='word_1_10' title='bbox 1074 287 1265 337; x_wconf 76' lang='lat' dir='ltr'><strong>consilio,</strong></span> 
     </span>
     <span class='ocr_line' id='line_1_4' title="bbox 156 349 1268 406; baseline 0.01 -21"><span class='ocrx_word' id='word_1_11' title='bbox 156 355 200 386; x_wconf 89' lang='lat' dir='ltr'><strong>ut</strong></span> <span class='ocrx_word' id='word_1_12' title='bbox 233 349 370 387; x_wconf 83' lang='lat' dir='ltr'><strong>bellum</strong></span> <span class='ocrx_word' id='word_1_13' title='bbox 404 351 612 390; x_wconf 84' lang='lat' dir='ltr'>alterutram</span> <span class='ocrx_word' id='word_1_14' title='bbox 639 361 782 400; x_wconf 84' lang='lat' dir='ltr'><strong>gentem</strong></span> <span class='ocrx_word' id='word_1_15' title='bbox 803 353 971 393; x_wconf 83' lang='lat' dir='ltr'><strong>funditus</strong></span> <span class='ocrx_word' id='word_1_16' title='bbox 1003 357 1159 406; x_wconf 81' lang='lat' dir='ltr'><strong>deleret;</strong></span> <span class='ocrx_word' id='word_1_17' title='bbox 1189 369 1268 396; x_wconf 88' lang='lat' dir='ltr'><strong>sae-</strong></span> 
     </span>
     <span class='ocr_line' id='line_1_5' title="bbox 159 419 1266 475; baseline 0.009 -19"><span class='ocrx_word' id='word_1_18' title='bbox 159 419 245 468; x_wconf 82' lang='lat' dir='ltr'><strong>pius</strong></span> <span class='ocrx_word' id='word_1_19' title='bbox 292 420 386 458; x_wconf 84' lang='lat' dir='ltr'><strong>bella</strong></span> <span class='ocrx_word' id='word_1_20' title='bbox 426 432 598 470; x_wconf 81' lang='lat' dir='ltr'><strong>suscepta</strong></span> <span class='ocrx_word' id='word_1_21' title='bbox 629 434 713 461; x_wconf 88' lang='lat' dir='ltr'><strong>cum</strong></span> <span class='ocrx_word' id='word_1_22' title='bbox 752 424 838 462; x_wconf 87' lang='lat' dir='ltr'><strong>odio</strong></span> <span class='ocrx_word' id='word_1_23' title='bbox 881 425 1139 474; x_wconf 65' lang='lat' dir='ltr'><strong>intermino,</strong></span> <span class='ocrx_word' id='word_1_24' title='bbox 1188 438 1266 475; x_wconf 89' lang='lat' dir='ltr'><strong>quo</strong></span> 
     </span>
     <span class='ocr_line' id='line_1_6' title="bbox 158 492 1272 543; baseline 0.007 -15"><span class='ocrx_word' id='word_1_25' title='bbox 158 492 249 529; x_wconf 81' lang='lat' dir='ltr'><strong>alter</strong></span> <span class='ocrx_word' id='word_1_26' title='bbox 295 493 461 539; x_wconf 70' lang='lat' dir='ltr'><strong>populus</strong></span> <span class='ocrx_word' id='word_1_27' title='bbox 513 492 835 543; x_wconf 80' lang='lat' dir='ltr'><strong>exstingueretur3</strong></span> <span class='ocrx_word' id='word_1_28' title='bbox 892 495 1038 543; x_wconf 82' lang='lat' dir='ltr'><strong>saepius</strong></span> <span class='ocrx_word' id='word_1_29' title='bbox 1082 497 1127 535; x_wconf 87' lang='lat' dir='ltr'><strong>ad</strong></span> <span class='ocrx_word' id='word_1_30' title='bbox 1172 499 1272 536; x_wconf 86' lang='lat' dir='ltr'><strong>exci-</strong></span> 
     </span>
     <span class='ocr_line' id='line_1_7' title="bbox 158 560 1271 614; baseline 0.006 -16"><span class='ocrx_word' id='word_1_31' title='bbox 158 560 259 599; x_wconf 90' lang='lat' dir='ltr'><strong>dium</strong></span> <span class='ocrx_word' id='word_1_32' title='bbox 295 573 416 610; x_wconf 85' lang='lat' dir='ltr'><strong>usque</strong></span> <span class='ocrx_word' id='word_1_33' title='bbox 453 573 656 610; x_wconf 85' lang='lat' dir='ltr'><strong>pugnatum</strong></span> <span class='ocrx_word' id='word_1_34' title='bbox 691 572 748 601; x_wconf 85' lang='lat' dir='ltr'><strong>est</strong></span> <span class='ocrx_word' id='word_1_35' title='bbox 775 574 811 602; x_wconf 88' lang='lat' dir='ltr'><strong>et</strong></span> <span class='ocrx_word' id='word_1_36' title='bbox 843 576 863 602; x_wconf 89' lang='lat' dir='ltr'><strong>a</strong></span> <span class='ocrx_word' id='word_1_37' title='bbox 890 565 1037 614; x_wconf 80' lang='lat' dir='ltr'><strong>copiis,</strong></span> <span class='ocrx_word' id='word_1_38' title='bbox 1062 578 1176 605; x_wconf 89' lang='lat' dir='ltr'><strong>coeco</strong></span> <span class='ocrx_word' id='word_1_39' title='bbox 1203 567 1271 605; x_wconf 89' lang='lat' dir='ltr'><strong>im-</strong></span> 
     </span>
     <span class='ocr_line' id='line_1_8' title="bbox 160 632 1273 684; baseline 0.007 -16"><span class='ocrx_word' id='word_1_40' title='bbox 160 640 253 679; x_wconf 78' lang='lat' dir='ltr'><strong>petu</strong></span> <span class='ocrx_word' id='word_1_41' title='bbox 291 641 354 670; x_wconf 79' lang='lat' dir='ltr'><strong>aut</strong></span> <span class='ocrx_word' id='word_1_42' title='bbox 381 632 433 670; x_wconf 73' lang='lat' dir='ltr'><strong>ira</strong></span> <span class='ocrx_word' id='word_1_43' title='bbox 460 633 608 679; x_wconf 75' lang='lat' dir='ltr'><strong>ductis,</strong></span> <span class='ocrx_word' id='word_1_44' title='bbox 636 644 672 672; x_wconf 86' lang='lat' dir='ltr'><strong>et</strong></span> <span class='ocrx_word' id='word_1_45' title='bbox 703 647 722 672; x_wconf 89' lang='lat' dir='ltr'><strong>a</strong></span> <span class='ocrx_word' id='word_1_46' title='bbox 750 635 936 684; x_wconf 82' lang='lat' dir='ltr'><strong>ducibus,</strong></span> <span class='ocrx_word' id='word_1_47' title='bbox 957 637 1099 675; x_wconf 85' lang='lat' dir='ltr'><strong>ratione</strong></span> <span class='ocrx_word' id='word_1_48' title='bbox 1121 646 1158 676; x_wconf 89' lang='lat' dir='ltr'><strong>et</strong></span> <span class='ocrx_word' id='word_1_49' title='bbox 1181 648 1273 676; x_wconf 85' lang='lat' dir='ltr'><strong>con·</strong></span> 
     </span>
     <span class='ocr_line' id='line_1_9' title="bbox 163 696 1278 755; baseline 0.006 -16"><span class='ocrx_word' id='word_1_50' title='bbox 163 696 248 740; x_wconf 85' lang='lat' dir='ltr'><strong>silio</strong></span> <span class='ocrx_word' id='word_1_51' title='bbox 285 701 323 739; x_wconf 90' lang='lat' dir='ltr'><strong>id</strong></span> <span class='ocrx_word' id='word_1_52' title='bbox 361 702 555 750; x_wconf 76' lang='lat' dir='ltr'>agentibus</span> <span class='ocrx_word' id='word_1_53' title='bbox 593 703 677 752; x_wconf 78' lang='grc' dir='ltr'>(Ι).</span> <span class='ocrx_word' id='word_1_54' title='bbox 743 705 834 743; x_wconf 89' lang='lat' dir='ltr'><strong>Non</strong></span> <span class='ocrx_word' id='word_1_55' title='bbox 879 714 1019 745; x_wconf 84' lang='lat' dir='ltr'><strong>tantum</strong></span> <span class='ocrx_word' id='word_1_56' title='bbox 1057 715 1184 755; x_wconf 82' lang='lat' dir='ltr'><strong>gentes</strong></span> <span class='ocrx_word' id='word_1_57' title='bbox 1223 706 1278 745; x_wconf 79' lang='lat' dir='ltr'><strong>fe·</strong></span> 
     </span>
     <span class='ocr_line' id='line_1_10' title="bbox 163 773 1274 821; baseline 0.006 -12"><span class='ocrx_word' id='word_1_58' title='bbox 163 783 252 820; x_wconf 84' lang='lat' dir='ltr'><strong>rae,</strong></span> <span class='ocrx_word' id='word_1_59' title='bbox 280 784 375 821; x_wconf 89' lang='lat' dir='ltr'><strong>quae</strong></span> <span class='ocrx_word' id='word_1_60' title='bbox 410 773 565 811; x_wconf 88' lang='lat' dir='ltr'><strong>rationis</strong></span> <span class='ocrx_word' id='word_1_61' title='bbox 610 786 683 812; x_wconf 85' lang='lat' dir='ltr'><strong>usu</strong></span> <span class='ocrx_word' id='word_1_62' title='bbox 714 783 750 812; x_wconf 92' lang='lat' dir='ltr'><strong>et</strong></span> <span class='ocrx_word' id='word_1_63' title='bbox 783 775 1022 814; x_wconf 85' lang='lat' dir='ltr'><strong>humanitatis</strong></span> <span class='ocrx_word' id='word_1_64' title='bbox 1068 787 1181 816; x_wconf 84' lang='lat' dir='ltr'><strong>sensu</strong></span> <span class='ocrx_word' id='word_1_65' title='bbox 1218 776 1274 816; x_wconf 87' lang='lat' dir='ltr'><strong>fe-</strong></span> 
     </span>
     <span class='ocr_line' id='line_1_11' title="bbox 162 844 1276 897; baseline 0.007 -18"><span class='ocrx_word' id='word_1_66' title='bbox 162 854 201 879; x_wconf 90' lang='lat' dir='ltr'><strong>re</strong></span> <span class='ocrx_word' id='word_1_67' title='bbox 246 851 398 890; x_wconf 83' lang='lat' dir='ltr'>carent,</span> <span class='ocrx_word' id='word_1_68' title='bbox 451 844 496 882; x_wconf 86' lang='lat' dir='ltr'><strong>ad</strong></span> <span class='ocrx_word' id='word_1_69' title='bbox 550 844 838 883; x_wconf 84' lang='lat' dir='ltr'><strong>internecionem</strong></span> <span class='ocrx_word' id='word_1_70' title='bbox 894 858 991 884; x_wconf 84' lang='lat' dir='ltr'><strong>arma</strong></span> <span class='ocrx_word' id='word_1_71' title='bbox 1046 857 1276 897; x_wconf 79' lang='lat' dir='ltr'><strong>gesserunt3</strong></span> 
     </span>
     <span class='ocr_line' id='line_1_12' title="bbox 161 913 1277 962; baseline 0.006 -12"><span class='ocrx_word' id='word_1_72' title='bbox 161 913 228 951; x_wconf 84' lang='lat' dir='ltr'><strong>sed</strong></span> <span class='ocrx_word' id='word_1_73' title='bbox 264 913 371 950; x_wconf 68' lang='lat' dir='ltr'><strong>etiam</strong></span> <span class='ocrx_word' id='word_1_74' title='bbox 410 913 568 962; x_wconf 85' lang='lat' dir='ltr'><strong>populi,</strong></span> <span class='ocrx_word' id='word_1_75' title='bbox 610 914 674 961; x_wconf 89' lang='lat' dir='ltr'><strong>qui</strong></span> <span class='ocrx_word' id='word_1_76' title='bbox 707 926 728 952; x_wconf 89' lang='lat' dir='ltr'><strong>a</strong></span> <span class='ocrx_word' id='word_1_77' title='bbox 763 915 923 953; x_wconf 86' lang='lat' dir='ltr'><strong>belluina</strong></span> <span class='ocrx_word' id='word_1_78' title='bbox 956 916 1102 956; x_wconf 84' lang='lat' dir='ltr'><strong>feritate</strong></span> <span class='ocrx_word' id='word_1_79' title='bbox 1134 919 1179 957; x_wconf 90' lang='lat' dir='ltr'><strong>ad</strong></span> <span class='ocrx_word' id='word_1_80' title='bbox 1213 930 1277 957; x_wconf 87' lang='lat' dir='ltr'><strong>so·</strong></span> 
     </span>
     <span class='ocr_line' id='line_1_13' title="bbox 158 982 1277 1037; baseline 0.008 -18"><span class='ocrx_word' id='word_1_81' title='bbox 158 982 326 1020; x_wconf 89' lang='lat' dir='ltr'><strong>cietatem</strong></span> <span class='ocrx_word' id='word_1_82' title='bbox 348 985 654 1030; x_wconf 79' lang='lat' dir='ltr'><strong>qualemcumque</strong></span> <span class='ocrx_word' id='word_1_83' title='bbox 680 984 974 1033; x_wconf 81' lang='lat' dir='ltr'><strong>adscenderunt,</strong></span> <span class='ocrx_word' id='word_1_84' title='bbox 1002 990 1168 1037; x_wconf 84' lang='lat' dir='ltr'><strong>exempla</strong></span> <span class='ocrx_word' id='word_1_85' title='bbox 1186 999 1277 1028; x_wconf 84' lang='lat' dir='ltr'><strong>sunt</strong></span> 
     </span>
     <span class='ocr_line' id='line_1_14' title="bbox 161 1050 1278 1106; baseline 0.01 -19"><span class='ocrx_word' id='word_1_86' title='bbox 161 1050 295 1097; x_wconf 82' lang='lat' dir='ltr'><strong>nobis&#39;,</strong></span> <span class='ocrx_word' id='word_1_87' title='bbox 324 1063 434 1099; x_wconf 88' lang='lat' dir='ltr'><strong>quam</strong></span> <span class='ocrx_word' id='word_1_88' title='bbox 478 1064 587 1101; x_wconf 85' lang='lat' dir='ltr'><strong>saepe</strong></span> <span class='ocrx_word' id='word_1_89' title='bbox 622 1054 747 1103; x_wconf 88' lang='lat' dir='ltr'><strong>bella,</strong></span> <span class='ocrx_word' id='word_1_90' title='bbox 782 1054 919 1103; x_wconf 86' lang='lat' dir='ltr'><strong>quibus</strong></span> <span class='ocrx_word' id='word_1_91' title='bbox 958 1066 1086 1106; x_wconf 85' lang='lat' dir='ltr'><strong>gentes</strong></span> <span class='ocrx_word' id='word_1_92' title='bbox 1125 1060 1278 1099; x_wconf 79' lang='lat' dir='ltr'><strong>nonnisi</strong></span> 
     </span>
     <span class='ocr_line' id='line_1_15' title="bbox 161 1121 1285 1178; baseline 0.011 -21"><span class='ocrx_word' id='word_1_93' title='bbox 161 1121 331 1168; x_wconf 83' lang='lat' dir='ltr'><strong>praedam</strong></span> <span class='ocrx_word' id='word_1_94' title='bbox 348 1150 361 1169; x_wconf 89' lang='lat'><strong>‚</strong></span> <span class='ocrx_word' id='word_1_95' title='bbox 389 1123 571 1171; x_wconf 87' lang='lat' dir='ltr'><strong>mancipia</strong></span> <span class='ocrx_word' id='word_1_96' title='bbox 589 1152 602 1171; x_wconf 82' lang='lat'><strong>‚</strong></span> <span class='ocrx_word' id='word_1_97' title='bbox 628 1133 758 1172; x_wconf 83' lang='lat' dir='ltr'><strong>prata,</strong></span> <span class='ocrx_word' id='word_1_98' title='bbox 785 1126 955 1174; x_wconf 83' lang='lat' dir='ltr'><strong>captivos</strong></span> <span class='ocrx_word' id='word_1_99' title='bbox 983 1128 1056 1166; x_wconf 84' lang='lat' dir='ltr'>sibi</span> <span class='ocrx_word' id='word_1_100' title='bbox 1084 1130 1285 1178; x_wconf 76' lang='lat' dir='ltr'><strong>conquisi-</strong></span> 
     </span>
     <span class='ocr_line' id='line_1_16' title="bbox 161 1193 1275 1247; baseline 0.008 -18"><span class='ocrx_word' id='word_1_101' title='bbox 161 1200 325 1239; x_wconf 78' lang='lat' dir='ltr'><strong>verunt,</strong></span> <span class='ocrx_word' id='word_1_102' title='bbox 351 1193 485 1232; x_wconf 86' lang='lat' dir='ltr'><strong>incolis</strong></span> <span class='ocrx_word' id='word_1_103' title='bbox 509 1193 647 1232; x_wconf 87' lang='lat' dir='ltr'><strong>fuerint</strong></span> <span class='ocrx_word' id='word_1_104' title='bbox 676 1195 803 1235; x_wconf 82' lang='lat' dir='ltr'><strong>exitio.</strong></span> <span class='ocrx_word' id='word_1_105' title='bbox 833 1196 913 1234; x_wconf 85' lang='lat' dir='ltr'><strong>Hac</strong></span> <span class='ocrx_word' id='word_1_106' title='bbox 937 1197 1077 1236; x_wconf 86' lang='lat' dir='ltr'><strong>ratione</strong></span> <span class='ocrx_word' id='word_1_107' title='bbox 1104 1199 1275 1247; x_wconf 88' lang='lat' dir='ltr'><strong>barbari,</strong></span> 
     </span>
     <span class='ocr_line' id='line_1_17' title="bbox 163 1262 1278 1313; baseline 0.01 -15"><span class='ocrx_word' id='word_1_108' title='bbox 163 1262 255 1310; x_wconf 86' lang='lat' dir='ltr'><strong>qui,</strong></span> <span class='ocrx_word' id='word_1_109' title='bbox 284 1264 385 1301; x_wconf 64' lang='lat' dir='ltr'><strong>Asia*</strong></span> <span class='ocrx_word' id='word_1_110' title='bbox 408 1265 560 1310; x_wconf 85' lang='lat' dir='ltr'><strong>relicta,</strong></span> <span class='ocrx_word' id='word_1_111' title='bbox 589 1265 742 1313; x_wconf 85' lang='lat' dir='ltr'><strong>praedae</strong></span> <span class='ocrx_word' id='word_1_112' title='bbox 774 1266 934 1313; x_wconf 81' lang='lat' dir='ltr'><strong>agendae</strong></span> <span class='ocrx_word' id='word_1_113' title='bbox 967 1279 1076 1306; x_wconf 88' lang='lat' dir='ltr'><strong>causa</strong></span> <span class='ocrx_word' id='word_1_114' title='bbox 1113 1278 1176 1308; x_wconf 80' lang='lat' dir='ltr'><strong>aut</strong></span> <span class='ocrx_word' id='word_1_115' title='bbox 1208 1281 1278 1308; x_wconf 89' lang='lat' dir='ltr'><strong>no·</strong></span> 
     </span>
     <span class='ocr_line' id='line_1_18' title="bbox 161 1333 1276 1388; baseline 0.007 -18"><span class='ocrx_word' id='word_1_116' title='bbox 161 1344 227 1370; x_wconf 91' lang='lat' dir='ltr'><strong>vae</strong></span> <span class='ocrx_word' id='word_1_117' title='bbox 270 1333 369 1371; x_wconf 86' lang='lat' dir='ltr'><strong>sedis</strong></span> <span class='ocrx_word' id='word_1_118' title='bbox 414 1336 641 1382; x_wconf 82' lang='lat' dir='ltr'><strong>quaerendae</strong></span> <span class='ocrx_word' id='word_1_119' title='bbox 675 1335 713 1372; x_wconf 89' lang='lat' dir='ltr'><strong>in</strong></span> <span class='ocrx_word' id='word_1_120' title='bbox 752 1335 949 1387; x_wconf 79' lang='lat' dir='ltr'><strong>Europam</strong></span> <span class='ocrx_word' id='word_1_121' title='bbox 980 1339 1276 1388; x_wconf 85' lang='lat' dir='ltr'><strong>descenderunt,</strong></span> 
     </span>
     <span class='ocr_line' id='line_1_19' title="bbox 162 1402 1277 1457; baseline 0.008 -18"><span class='ocrx_word' id='word_1_122' title='bbox 162 1402 332 1450; x_wconf 83' lang='lat' dir='ltr'><strong>regiones</strong></span> <span class='ocrx_word' id='word_1_123' title='bbox 357 1405 573 1452; x_wconf 80' lang='lat' dir='ltr'><strong>depopulati</strong></span> <span class='ocrx_word' id='word_1_124' title='bbox 596 1413 685 1442; x_wconf 91' lang='lat' dir='ltr'><strong>sunt</strong></span> <span class='ocrx_word' id='word_1_125' title='bbox 716 1405 784 1454; x_wconf 74' lang='lat'><strong>(2)</strong></span> <span class='ocrx_word' id='word_1_126' title='bbox 801 1433 814 1451; x_wconf 81' lang='grc'><em>,</em></span> <span class='ocrx_word' id='word_1_127' title='bbox 843 1415 879 1444; x_wconf 90' lang='lat' dir='ltr'><strong>et</strong></span> <span class='ocrx_word' id='word_1_128' title='bbox 905 1406 977 1455; x_wconf 88' lang='lat' dir='ltr'><strong>ipsi</strong></span> <span class='ocrx_word' id='word_1_129' title='bbox 1008 1418 1277 1457; x_wconf 85' lang='lat' dir='ltr'><strong>nonnunquam</strong></span> 
     </span>
     <span class='ocr_line' id='line_1_20' title="bbox 159 1472 1277 1523; baseline 0.008 -14"><span class='ocrx_word' id='word_1_130' title='bbox 159 1472 198 1510; x_wconf 90' lang='lat' dir='ltr'><strong>in</strong></span> <span class='ocrx_word' id='word_1_131' title='bbox 233 1474 434 1521; x_wconf 81' lang='lat' dir='ltr'><strong>perniciem</strong></span> <span class='ocrx_word' id='word_1_132' title='bbox 470 1475 628 1513; x_wconf 87' lang='lat' dir='ltr'><strong>detrusi.</strong></span> <span class='ocrx_word' id='word_1_133' title='bbox 683 1475 737 1514; x_wconf 91' lang='lat' dir='ltr'><strong>Ita</strong></span> <span class='ocrx_word' id='word_1_134' title='bbox 779 1476 915 1523; x_wconf 81' lang='lat' dir='ltr'><strong>Galli,</strong></span> <span class='ocrx_word' id='word_1_135' title='bbox 943 1478 1085 1516; x_wconf 83' lang='lat' dir='ltr'><strong>Cimbri</strong></span> <span class='ocrx_word' id='word_1_136' title='bbox 1119 1488 1155 1517; x_wconf 92' lang='lat' dir='ltr'><strong>et</strong></span> <span class='ocrx_word' id='word_1_137' title='bbox 1182 1480 1277 1521; x_wconf 69' lang='lat' dir='ltr'><strong>Ten-</strong></span> 
     </span>
     <span class='ocr_line' id='line_1_21' title="bbox 161 1543 1278 1599; baseline 0.008 -19"><span class='ocrx_word' id='word_1_138' title='bbox 161 1552 286 1589; x_wconf 82' lang='lat' dir='ltr'><strong>tones‚</strong></span> <span class='ocrx_word' id='word_1_139' title='bbox 331 1543 382 1581; x_wconf 87' lang='lat' dir='ltr'><strong>ita</strong></span> <span class='ocrx_word' id='word_1_140' title='bbox 418 1543 549 1582; x_wconf 74' lang='lat' dir='ltr'><strong>Hunni</strong></span> <span class='ocrx_word' id='word_1_141' title='bbox 596 1544 735 1593; x_wconf 85' lang='lat' dir='ltr'><strong>aliique</strong></span> <span class='ocrx_word' id='word_1_142' title='bbox 782 1547 916 1595; x_wconf 81' lang='lat' dir='ltr'><strong>populi</strong></span> <span class='ocrx_word' id='word_1_143' title='bbox 951 1547 1027 1586; x_wconf 90' lang='lat' dir='ltr'><strong>fere</strong></span> <span class='ocrx_word' id='word_1_144' title='bbox 1069 1549 1177 1588; x_wconf 75' lang='lat' dir='ltr'><strong>bellis</strong></span> <span class='ocrx_word' id='word_1_145' title='bbox 1214 1563 1278 1599; x_wconf 88' lang='lat' dir='ltr'><strong>pe-</strong></span> 
     </span>
     <span class='ocr_line' id='line_1_22' title="bbox 161 1614 1278 1669; baseline 0.007 -18"><span class='ocrx_word' id='word_1_146' title='bbox 161 1614 305 1652; x_wconf 86' lang='lat' dir='ltr'><strong>rierunt</strong></span> <span class='ocrx_word' id='word_1_147' title='bbox 320 1626 466 1653; x_wconf 79' lang='lat' dir='ltr'><strong>omneS.</strong></span> <span class='ocrx_word' id='word_1_148' title='bbox 495 1615 655 1653; x_wconf 82' lang='lat' dir='ltr'><strong>Plurima</strong></span> <span class='ocrx_word' id='word_1_149' title='bbox 679 1628 831 1665; x_wconf 90' lang='lat' dir='ltr'><strong>quoque</strong></span> <span class='ocrx_word' id='word_1_150' title='bbox 859 1617 952 1657; x_wconf 79' lang='lat' dir='ltr'><strong>bella</strong></span> <span class='ocrx_word' id='word_1_151' title='bbox 971 1618 1169 1657; x_wconf 86' lang='lat' dir='ltr'><strong>cultiorum</strong></span> <span class='ocrx_word' id='word_1_152' title='bbox 1189 1631 1278 1669; x_wconf 84' lang='lat' dir='ltr'><strong>gen·</strong></span> 
     </span>
     <span class='ocr_line' id='line_1_23' title="bbox 163 1684 1280 1736; baseline 0.006 -13"><span class='ocrx_word' id='word_1_153' title='bbox 163 1686 257 1723; x_wconf 86' lang='lat' dir='ltr'><strong>tium</strong></span> <span class='ocrx_word' id='word_1_154' title='bbox 274 1714 285 1732; x_wconf 82' lang='lat'>‚</span> <span class='ocrx_word' id='word_1_155' title='bbox 314 1685 482 1733; x_wconf 88' lang='lat' dir='ltr'><strong>quamvis</strong></span> <span class='ocrx_word' id='word_1_156' title='bbox 507 1684 615 1723; x_wconf 82' lang='lat' dir='ltr'><strong>fixam</strong></span> <span class='ocrx_word' id='word_1_157' title='bbox 647 1686 842 1725; x_wconf 83' lang='lat' dir='ltr'><strong>habuerint</strong></span> <span class='ocrx_word' id='word_1_158' title='bbox 874 1689 1023 1736; x_wconf 86' lang='lat' dir='ltr'><strong>sedem,</strong></span> <span class='ocrx_word' id='word_1_159' title='bbox 1051 1688 1201 1729; x_wconf 86' lang='lat' dir='ltr'><strong>fuerunt</strong></span> <span class='ocrx_word' id='word_1_160' title='bbox 1222 1692 1280 1730; x_wconf 89' lang='lat' dir='ltr'><strong>in-</strong></span> 
     </span>
     <span class='ocr_line' id='line_1_24' title="bbox 162 1755 1307 1808; baseline 0.005 -14"><span class='ocrx_word' id='word_1_161' title='bbox 162 1755 370 1799; x_wconf 72' lang='lat' dir='ltr'><strong>ternecina:</strong></span> <span class='ocrx_word' id='word_1_162' title='bbox 412 1767 579 1805; x_wconf 83' lang='lat' dir='ltr'><strong>provoco</strong></span> <span class='ocrx_word' id='word_1_163' title='bbox 607 1757 652 1793; x_wconf 92' lang='lat' dir='ltr'><strong>ad</strong></span> <span class='ocrx_word' id='word_1_164' title='bbox 682 1755 876 1806; x_wconf 79' lang='lat' dir='ltr'><strong>Assyrios,</strong></span> <span class='ocrx_word' id='word_1_165' title='bbox 915 1759 1155 1808; x_wconf 78' lang='lat' dir='ltr'><strong>Babylonios,</strong></span> <span class='ocrx_word' id='word_1_166' title='bbox 1184 1761 1278 1800; x_wconf 81' lang='lat' dir='ltr'><strong>Per·</strong></span> <span class='ocrx_word' id='word_1_167' title='bbox 1305 1786 1307 1788; x_wconf 90' lang='lat'><em>-</em></span> 
     </span>
     <span class='ocr_line' id='line_1_25' title="bbox 163 1817 1276 1879; baseline 0.004 -15"><span class='ocrx_word' id='word_1_168' title='bbox 163 1839 222 1865; x_wconf 82' lang='lat' dir='ltr'><strong>sas</strong></span> <span class='ocrx_word' id='word_1_169' title='bbox 237 1855 250 1873; x_wconf 88' lang='lat'><strong>‚</strong></span> <span class='ocrx_word' id='word_1_170' title='bbox 274 1827 431 1864; x_wconf 86' lang='lat' dir='ltr'><strong>maxime</strong></span> <span class='ocrx_word' id='word_1_171' title='bbox 451 1836 571 1864; x_wconf 87' lang='lat' dir='ltr'><strong>autem</strong></span> <span class='ocrx_word' id='word_1_172' title='bbox 586 1817 631 1864; x_wconf 90' lang='lat' dir='ltr'><strong>ad</strong></span> <span class='ocrx_word' id='word_1_173' title='bbox 653 1827 816 1865; x_wconf 82' lang='lat' dir='ltr'><strong>Graecos</strong></span> <span class='ocrx_word' id='word_1_174' title='bbox 835 1828 1116 1879; x_wconf 69' lang='lat' dir='ltr'><strong>Romanosque,</strong></span> <span class='ocrx_word' id='word_1_175' title='bbox 1138 1831 1276 1878; x_wconf 86' lang='lat' dir='ltr'><strong>quibus</strong></span> 
     </span>
     <span class='ocr_line' id='line_1_26' title="bbox 161 1896 1280 1945; baseline 0.003 -9"><span class='ocrx_word' id='word_1_176' title='bbox 161 1897 363 1945; x_wconf 84' lang='lat' dir='ltr'><strong>superbia,</strong></span> <span class='ocrx_word' id='word_1_177' title='bbox 390 1896 568 1943; x_wconf 85' lang='lat' dir='ltr'><strong>avaritia,</strong></span> <span class='ocrx_word' id='word_1_178' title='bbox 599 1898 810 1936; x_wconf 86' lang='lat' dir='ltr'><strong>dominandi</strong></span> <span class='ocrx_word' id='word_1_179' title='bbox 837 1898 952 1937; x_wconf 88' lang='lat' dir='ltr'><strong>libido</strong></span> <span class='ocrx_word' id='word_1_180' title='bbox 979 1898 1130 1938; x_wconf 89' lang='lat' dir='ltr'><strong>fuerunt</strong></span> <span class='ocrx_word' id='word_1_181' title='bbox 1161 1900 1280 1939; x_wconf 76' lang='lat' dir='ltr'><strong>bello-</strong></span> 
     </span>
     <span class='ocr_line' id='line_1_27' title="bbox 163 1968 431 2006; baseline 0 0"><span class='ocrx_word' id='word_1_182' title='bbox 163 1979 242 2006; x_wconf 88' lang='lat' dir='ltr'><strong>rum</strong></span> <span class='ocrx_word' id='word_1_183' title='bbox 276 1968 431 2006; x_wconf 85' lang='lat' dir='ltr'><strong>semina.</strong></span> 
     </span>
    </p>
   </div>
   <div class='ocr_carea' id='block_1_4' title="bbox 1223 2042 1277 2080">
    <p class='ocr_par' dir='ltr' id='par_1_4' title="bbox 1223 2042 1277 2080">
     <span class='ocr_line' id='line_1_28' title="bbox 1223 2042 1277 2080; baseline -0.019 0"><span class='ocrx_word' id='word_1_184' title='bbox 1223 2042 1277 2080; x_wconf 87' lang='lat' dir='ltr'><strong>Ita</strong></span> 
     </span>
    </p>
   </div>
   <div class='ocr_carea' id='block_1_5' title="bbox 163 2148 1274 2301">
    <p class='ocr_par' dir='ltr' id='par_1_5' title="bbox 163 2148 1274 2301">
     <span class='ocr_line' id='line_1_29' title="bbox 200 2148 1274 2186; baseline 0.002 -6"><span class='ocrx_word' id='word_1_185' title='bbox 200 2148 253 2186; x_wconf 76' lang='grc' dir='ltr'><strong>(ι)</strong></span> <span class='ocrx_word' id='word_1_186' title='bbox 274 2151 326 2179; x_wconf 83' lang='lat' dir='ltr'><strong>Cf.</strong></span> <span class='ocrx_word' id='word_1_187' title='bbox 349 2151 525 2186; x_wconf 80' lang='lat' dir='ltr'><strong>Heynii‚</strong></span> <span class='ocrx_word' id='word_1_188' title='bbox 556 2152 666 2186; x_wconf 80' lang='lat' dir='ltr'><strong>opusc.</strong></span> <span class='ocrx_word' id='word_1_189' title='bbox 689 2152 790 2180; x_wconf 81' lang='lat' dir='ltr'><strong>Acad.</strong></span> <span class='ocrx_word' id='word_1_190' title='bbox 814 2151 866 2180; x_wconf 80' lang='lat' dir='ltr'><strong>VI.</strong></span> <span class='ocrx_word' id='word_1_191' title='bbox 889 2151 925 2179; x_wconf 76' lang='lat' dir='ltr'><strong>de</strong></span> <span class='ocrx_word' id='word_1_192' title='bbox 952 2151 1042 2180; x_wconf 69' lang='lat' dir='ltr'><strong>bellis</strong></span> <span class='ocrx_word' id='word_1_193' title='bbox 1067 2153 1274 2182; x_wconf 62' lang='lat' dir='ltr'><strong>intematum</strong></span> 
     </span>
     <span class='ocr_line' id='line_1_30' title="bbox 163 2210 910 2246; baseline 0.004 -11"><span class='ocrx_word' id='word_1_194' title='bbox 163 2216 323 2244; x_wconf 71' lang='lat' dir='ltr'><strong>urumque</strong></span> <span class='ocrx_word' id='word_1_195' title='bbox 341 2211 442 2236; x_wconf 67' lang='lat' dir='ltr'><strong>causis</strong></span> <span class='ocrx_word' id='word_1_196' title='bbox 462 2215 492 2236; x_wconf 73' lang='lat' dir='ltr'><strong>el</strong></span> <span class='ocrx_word' id='word_1_197' title='bbox 513 2210 654 2241; x_wconf 74' lang='lat' dir='ltr'><strong>eventis,</strong></span> <span class='ocrx_word' id='word_1_198' title='bbox 674 2217 708 2244; x_wconf 86' lang='lat' dir='ltr'><strong>p.</strong></span> <span class='ocrx_word' id='word_1_199' title='bbox 728 2211 799 2246; x_wconf 77' lang='lat'>462·</span> <span class='ocrx_word' id='word_1_200' title='bbox 822 2216 910 2245; x_wconf 79' lang='lat' dir='ltr'><strong>seqq-</strong></span> 
     </span>
     <span class='ocr_line' id='line_1_31' title="bbox 201 2264 1045 2301; baseline 0.002 -9"><span class='ocrx_word' id='word_1_201' title='bbox 201 2264 253 2301; x_wconf 76' lang='lat'><strong>(2)</strong></span> <span class='ocrx_word' id='word_1_202' title='bbox 268 2264 318 2293; x_wconf 81' lang='lat' dir='ltr'><strong>Cf.</strong></span> <span class='ocrx_word' id='word_1_203' title='bbox 341 2264 611 2297; x_wconf 73' lang='lat' dir='ltr'><strong>Tzschirner,</strong></span> <span class='ocrx_word' id='word_1_204' title='bbox 633 2273 664 2292; x_wconf 74' lang='lat' dir='ltr'><strong>u.</strong></span> <span class='ocrx_word' id='word_1_205' title='bbox 687 2264 717 2291; x_wconf 72' lang='lat' dir='ltr'><strong>l.</strong></span> <span class='ocrx_word' id='word_1_206' title='bbox 741 2264 805 2299; x_wconf 75' lang='lat' dir='ltr'><strong>K..</strong></span> <span class='ocrx_word' id='word_1_207' title='bbox 827 2273 858 2299; x_wconf 88' lang='lat' dir='ltr'><strong>p.</strong></span> <span class='ocrx_word' id='word_1_208' title='bbox 882 2272 955 2299; x_wconf 77' lang='lat'><strong>172,</strong></span> <span class='ocrx_word' id='word_1_209' title='bbox 979 2273 1045 2300; x_wconf 66' lang='grc' dir='ltr'><strong>ιη.</strong></span> 
     </span>
    </p>
   </div>
  </div>
 </body>
</html>
