1538 2689
544 150 897 192 MEDICA.
1234 156 1277 192 71

645 283 682 329 §·
726 294 784 320 22.

436 415 496 452 De
522 415 659 465 optima
686 411 832 462 ligandi
859 420 1002 447 norma.

207 560 433 598 Methodum
460 559 637 608 ligaturae
668 556 915 595 instituendae
945 565 1030 591 cum
1060 551 1124 589 filo
1159 550 1275 588 linteo

162 638 225 667 aut
258 629 468 678 bombyceo
506 630 683 678 optimam
721 627 913 664 habemus.
952 624 1051 662 Haec
1081 622 1177 660 enim
1204 632 1281 659 me·

163 700 302 738 thodus
328 707 527 748 propterea
558 698 754 747 praecipue
779 695 1017 745 praeferenda
1051 702 1132 740 est,
1161 692 1246 740 quia
1264 720 1277 738 ,

161 770 261 818 apud
289 770 482 818 ligaturam
520 770 762 815 circularem,
803 767 973 816 lymphae
1012 764 1184 813 plasticae
1218 775 1280 800 ex-

161 839 550 877 sudatuminternum
590 838 701 877 citius
740 838 888 883 oritur,
928 847 1038 883 quarn
1070 835 1168 882 apud
1205 845 1282 871 me-

162 910 319 947 thodum
360 909 606 958 Scarpianam.
674 909 849 947 Annulus
894 906 1067 955 lymphae
1104 904 1279 952 plasticae

161 978 364 1028 perfectior
386 986 471 1026 est,
499 979 708 1025 meliusque
734 977 937 1015 circumdat
965 975 1073 1012 finem
1101 972 1277 1018 arteriae,

160 1047 335 1096 favetque
374 1048 601 1087 adhaesioni.
682 1049 796 1095 Apud
831 1047 1025 1095 ligaturam
1064 1043 1277 1081 circularem

159 1120 297 1157 vulnus
333 1118 540 1156 tunicarum
569 1118 779 1155 intimarum
825 1125 974 1154 sanatur
1001 1126 1066 1163 per
1108 1112 1279 1162 primam,

159 1188 260 1236 apud
305 1188 520 1226 methodum
571 1188 800 1236 Scarpianam
862 1197 930 1235 per
976 1185 1174 1223 secundam
1224 1183 1281 1220 in·

161 1258 379 1311 tentionem.
431 1280 486 1289 —
539 1259 609 1303 si,
661 1266 750 1306 post
801 1256 1025 1295 solutionem
1075 1255 1280 1302 ligaturae,

160 1327 351 1365 institutae
366 1328 568 1366 secundum
583 1327 607 1376 J
620 1339 642 1365 o
655 1338 680 1364 n
696 1339 716 1365 e
729 1339 746 1365 s
763 1327 774 1364 i
791 1340 814 1366 u
828 1339 888 1373 m,
914 1326 1042 1363 arteria
1057 1325 1250 1372 indagatur
1266 1351 1279 1369 ,

161 1410 226 1436 ora
260 1400 450 1437 vulnerata
492 1398 644 1436 arteriae
687 1407 788 1436 arcte
827 1397 1060 1434 cohaerentia
1104 1403 1140 1432 et
1177 1395 1280 1432 clau·

160 1481 200 1507 sa
228 1469 492 1518 inveniuntur-3
534 1469 730 1506 thrombus
769 1467 948 1506 retinetur
986 1475 1023 1504 et
1050 1464 1184 1514 expelli
1218 1474 1282 1500 ne-

163 1538 260 1587 quit.
300 1540 343 1576 In
368 1540 543 1577 methodo
572 1539 795 1586 Scarpiana,
824 1538 980 1587 parietes
1020 1536 1172 1574 arteriae
1199 1544 1278 1572 non

160 1608 386 1650 cohaerent3
408 1610 471 1646 sed
496 1609 671 1646 thrombo
698 1608 888 1656 sanguinis
915 1607 1151 1644 solummodo
1186 1605 1282 1642 obli-

160 1686 327 1716 terantur
340 1706 352 1724 ,
367 1679 430 1726 qui
447 1706 459 1725 ,
471 1679 692 1716 adhaesione
704 1690 788 1716 cum
803 1677 927 1715 tunica
942 1705 954 1723 ‚
966 1676 1176 1715 defenditur
1187 1687 1278 1716 con-

160 1758 214 1787 tra
248 1749 486 1787 circulantem
518 1749 750 1797 sanguinem.
818 1749 939 1786 Filum
984 1747 1076 1784 illud
1119 1746 1303 1794 simplex⁴

159 1820 278 1856 multo
314 1818 459 1857 facilius
493 1818 699 1867 imponitur
729 1818 908 1866 arteriae,
951 1830 1058 1866 quam
1092 1817 1152 1854 hic
1189 1816 1278 1863 liga-

158 1889 279 1927 torius
298 1897 511 1938 apparatus.
562 1889 699 1926 Errant
723 1900 812 1925 vero
834 1889 887 1925 illi
906 1916 918 1935 ,
948 1888 1011 1935 qui
1031 1888 1161 1925 dicunt
1176 1915 1188 1933 ,
1232 1886 1274 1923 fi-

157 1959 234 1996 lum
273 1960 474 1996 rotundum
515 1968 550 1996 et
581 1967 692 1996 tenue
719 1959 885 1996 arteriam
911 1958 1084 1996 facillime
1123 1957 1273 2005 penitus

159 2029 419 2067 transcindere.
449 2028 541 2066 Non
567 2029 802 2066 metuendum
838 2038 921 2075 est,
956 2040 1003 2066 ne
1026 2029 1180 2077 ligatura
1206 2028 1273 2065 im-

158 2107 246 2147 petu
281 2099 471 2148 sanguinis
512 2099 557 2137 ab
596 2100 748 2137 arteriae
789 2098 863 2136 fine
902 2092 1129 2147 depellatur3
1184 2099 1272 2136 latet

160 2167 255 2205 enim
284 2168 323 2206 in
360 2171 492 2218 sulco,
526 2170 663 2208 tunicis
707 2170 856 2208 arteriae
891 2169 1044 2207 internis
1097 2169 1268 2209 dilacera-

161 2247 211 2276 tis
246 2246 344 2278 orto,

1138 2311 1173 2357 §A
1206 2325 1267 2361 23.
