1502 2767
210 183 281 228 146
435 175 1094 220 COMMENTATlo

212 301 277 328 nes
314 292 382 327 sust
413 287 502 325 cura
537 286 806 334 prosequitur,
848 285 1024 323 omnibus
1063 296 1105 323 ea
1135 285 1324 334 largitus,

214 359 352 407 quibus
387 369 471 395 enm
498 365 755 406 cognoscaut3
802 356 867 404 qui
896 355 1072 393 omnibus
1106 354 1326 405 propitius,

212 430 355 479 probos
405 439 440 465 et
488 427 684 476 improbos
730 425 918 464 beneficiis
963 427 1144 465 cumulat.
1197 423 1328 476 (Joan.

213 499 336 539 XVII.
377 511 412 547 3.
456 499 544 536 Act.
586 497 696 535 XlV.
745 506 804 544 15.
845 496 960 534 Rom.
1003 495 1104 533 XII..
1131 506 1195 543 29.
1237 494 1328 533 Act.

213 569 335 608 xvn.
368 582 431 618 27.
459 568 601 606 Matth.
630 567 682 605 V.
711 565 831 615 45,);
878 566 1062 614 quique,⁴
1096 576 1214 614 quum
1253 575 1335 602 om·

216 651 309 684 nes,
349 638 476 676 mundi
504 637 663 675 historie
703 645 739 674 et
776 635 1003 684 experientia
1036 635 1221 673 neminem
1255 644 1332 672 non

215 707 437 748 docentibus
463 709 564 757 (1),
592 707 812 746 Deisummi
836 705 1059 755 legislatoris
1087 706 1187 754 leges
1203 705 1336 752 migra-

215 779 366 826 verint,
395 780 505 825 vult,
532 788 572 816 ut
611 789 740 816 omnes
775 788 842 825 per
868 787 983 814 unum
1021 777 1172 826 μεσίτην
1211 775 1333 814 Deum

218 851 313 887 inter
343 859 380 888 et
409 848 580 887 homines
605 859 796 896 ,eumque
825 845 1058 884 carissimum
1092 845 1164 884 Dei
1189 843 1335 890 filium,

218 921 310 958 salvi
347 921 422 958 sint
456 921 499 970 (1
533 919 636 957 Tim.
663 918 714 956 ΙΙ.
742 920 863 965 4—6.
901 915 985 954 Tit.
1022 916 1074 954 ΙΙ.
1117 912 1203 964 11.)
1249 913 1337 953 Vita

219 1002 347 1031 nostra
388 991 572 1029 terrestris
607 989 729 1027 ubivis
756 987 983 1037 proponitur
1008 994 1183 1034 tanquam
1220 983 1260 1022 in
1286 983 1342 1022 al·

219 1071 332 1099 teram
357 1061 468 1099 vitam
494 1058 743 1109 peregrinatio
759 1086 772 1105 ‚
790 1059 829 1095 in
856 1060 929 1105 qua
946 1067 1076 1094 omnes
1105 1063 1197 1094 sunt
1231 1054 1343 1101 itine-

221 1143 387 1178 rator-es,
429 1130 493 1178 qui
529 1128 767 1168 terrestribus
809 1138 887 1166 nou
924 1125 999 1164 nisi
1034 1134 1191 1164 eatenus
1232 1134 1341 1162 utan-

221 1211 307 1249 tur,
345 1210 528 1250 quatenus
561 1199 731 1238 homines
767 1198 863 1236 viam
899 1197 972 1235 sibi
1001 1197 1144 1244 planam
1176 1203 1339 1243 apertam

223 1283 258 1311 et
285 1272 423 1310 facilem
450 1271 632 1317 reddant,
662 1269 760 1315 qua,
788 1267 859 1306 Dei
886 1266 1063 1304 creatoris
1084 1273 1121 1303 et
1145 1264 1340 1310 hominum

221 1355 345 1382 amore
371 1342 502 1388 ducti,
543 1342 580 1379 in
616 1338 886 1388 perfectionem
923 1336 1100 1374 moralem
1127 1333 1340 1380 enitantur,

221 1415 265 1451 ad
295 1414 364 1452 Dei
385 1413 592 1461 exemplum
610 1438 624 1457 ‚
667 1410 770 1458 quod
799 1407 1007 1454 Christus,
1026 1406 1115 1444 dum
1156 1405 1195 1451 in
1231 1405 1340 1443 terris

223 1493 345 1529 esset,
375 1481 516 1520 retulit.
572 1481 652 1518 Hac
684 1479 828 1517 ratione
865 1488 994 1515 omnes
1021 1476 1174 1515 tendant
1198 1475 1246 1513 ad
1285 1486 1344 1513 se·

225 1549 288 1586 des
313 1547 496 1584 beatiores
514 1573 527 1591 ‚
557 1545 623 1583 ubi
656 1556 741 1582 vera
771 1542 886 1581 aderit
916 1541 1074 1580 societas
1099 1552 1146 1578 ex
1165 1539 1343 1578 omnibus

226 1618 401 1666 gentibus
429 1615 601 1657 diversis.
635 1616 784 1663 (Apoc.
814 1614 864 1652 V.
893 1624 933 1661 9.
964 1612 1051 1650 VII.
1091 1612 1157 1661 9.)

280 1689 343 1725 Uti
369 1689 440 1724 huc
464 1687 559 1724 redit
585 1685 756 1724 universa
778 1682 989 1732 Religionis
1003 1682 1239 1721 Christianae
1252 1682 1344 1721 doe-

225 1770 343 1804 trrua,
363 1760 437 1804 qua
460 1768 576 1805 genus
599 1757 798 1792 humanum
823 1765 903 1791 non
928 1762 1056 1802 potest
1077 1763 1156 1790 non
1180 1751 1342 1800 sociari,

226 1830 268 1866 ad
294 1837 463 1864 mutuum
490 1837 648 1863 amorem
672 1835 707 1863 et
735 1824 964 1862 clementiam
995 1822 1173 1871 excitari,
1201 1822 1281 1870 ita,
1309 1823 1343 1860 si

228 1895 425 1944 singularia
462 1895 758 1942 contemplemur
794 1893 953 1942 placita,
995 1893 1170 1941 majorem
1198 1891 1244 1929 ab
1274 1891 1344 1929 hac

1256 1961 1349 1998 doc-

268 2081 321 2117 (2)
343 2078 516 2115 Religionis
531 2078 719 2107 Christianae
731 2080 1014 2124 ,doctrinammnes
1032 2079 1171 2108 nomines
1188 2085 1254 2108 esse
1275 2085 1345 2114 pee-

230 2145 347 2165 catores
363 2144 393 2164 et
418 2144 494 2171 quae
522 2137 592 2164 inde
617 2144 806 2172 sequuntur,
835 2137 962 2165 maxime
994 2138 1118 2172 valent,
1146 2144 1179 2164 nt
1203 2135 1346 2165 homines

230 2195 329 2222 nnimo
346 2194 471 2221 reddant
488 2194 620 2221 demisso
644 2201 676 2221 et
701 2193 821 2223 virtutis
840 2201 930 2222 verae
953 2193 1086 2222 studium
1102 2193 1252 2222 excitent.
1275 2193 1342 2223 Cfr.

230 2253 266 2279 de
289 2252 333 2278 nis
350 2249 474 2278 omnino
503 2247 570 2277 Tit
585 2256 734 2285 tmann,
756 2252 777 2281 l.
798 2251 820 2279 1.
841 2259 872 2286 p.
891 2259 957 2283 με.
