1523 2745
484 169 992 212 LITERARIA.
1251 181 1292 209 11

190 281 313 321 omnia
352 281 493 330 abjecta
528 287 793 326 contemnere,
831 278 1002 318 sublimia
1044 288 1127 316 eum
1170 289 1297 316 curare

185 352 321 390 unicez-
348 351 409 389 hic
433 349 535 388 auxit
557 361 639 388 eum
663 349 877 399 cognitione
899 360 1021 387 rerum
1048 349 1294 396 coelestium,

182 418 284 457 inani
315 427 573 468 portentorum
602 427 702 457 metu
735 417 905 455 liberavit
942 417 1013 467 (ι)
1053 417 1296 466 implevitque

185 488 324 528 fiducia
358 496 395 526 et
421 489 556 536 pietate
581 488 679 539 (2):
720 487 831 536 hujus
870 486 1031 534 denique
1056 488 1295 536 philosophia

183 560 265 610 eius
288 559 403 597 menti
425 558 610 607 imposuit
631 548 672 599 ιτὸ
698 558 890 607 ὑψηλόνουν
914 560 1016 598 τοῦτο
1053 559 1114 598 καὶ
1137 560 1177 598 τὸ
1203 559 1295 598 ποίν-

181 646 230 680 τῃ,
253 630 500 679 τελεσιουργὸν
525 627 621 677 (3),
649 627 677 666 i.
702 638 736 666 e.
762 627 861 665 illam
885 626 1150 675 cogitationum
1179 628 1298 664 subli-

183 698 348 737 mitatem
383 705 421 736 'et
451 696 692 746 persuadendi
733 698 857 744 vim²>
882 709 977 746 quae
1015 696 1173 734 ubertati
1207 708 1298 735 con·

186 767 312 817 iuncta
337 778 489 816 gnarum
524 779 609 805 eum
634 767 822 814 reddidit,
850 767 988 815 quibus
1017 767 1193 805 orationis
1217 779 1296 806 mo-

182 838 239 877 dis
272 850 440 887 quaeque
474 838 681 876 animorum
714 838 836 885 partes
859 837 1097 885 pellerentur.

234 908 375 956 Magna
396 907 567 956 profecto
590 908 678 945 haec
700 915 816 954 sunt,
844 907 1057 955 praesertim
1085 918 1199 954 quum
1226 916 1293 944 nec

183 986 314 1018 natura
335 989 422 1016 suas
459 978 491 1016 ei
516 979 622 1016 dotes
650 979 907 1026 denegaverat.
959 976 1175 1014 Laudamur
1198 976 1293 1013 enim

181 1047 223 1086 in
257 1059 303 1087 eo
334 1048 482 1086 habitus
512 1047 714 1097 corporis,
743 1046 819 1084 oris
857 1046 1015 1094 gravitas
1053 1054 1089 1083 et
1124 1054 1299 1084 constan-

185 1115 266 1164 tia,
316 1116 445 1154 lenitas
480 1116 682 1163 incessus,
731 1114 896 1153 decentia
942 1115 1101 1153 vestitus
1118 1143 1131 1162 ‚
1185 1127 1293 1163 quam

181 1196 372 1235 nunquam
401 1186 440 1225 in
474 1186 630 1225 dicendo
649 1184 773 1224 amisit
789 1213 802 1233 ,
829 1185 983 1223 laterum
1009 1184 1106 1222 vires
1124 1185 1207 1235 (4),

687 1325 724 1372 §.
754 1336 796 1373 4.

232 1458 288 1496 Ita
322 1461 453 1498 natura
486 1469 523 1498 et
547 1461 744 1509 disciplina
770 1463 977 1502 instructus
997 1465 1120 1503 noluit
1141 1466 1290 1514 juvenis

179 1526 301 1566 adhue
331 1529 379 1567 ad
410 1541 528 1579 remp.
571 1532 743 1570 accedere
765 1542 895 1581 metu,
935 1545 982 1572 ne
1006 1535 1055 1572 ob
1084 1546 1291 1584 summam,

1201 1617 1294 1653 quae

216 1679 272 1716 (1)
293 1679 327 1708 Si
342 1680 410 1716 quis
435 1682 494 1710 hoc
513 1683 600 1718 parvi
623 1690 732 1720 putet,
751 1684 866 1719 cogitet
884 1684 1002 1714 Niciam
1014 1706 1023 1720 ,
1042 1686 1132 1720 cujus
1148 1688 1293 1723 supersti-

183 1735 230 1764 tio
255 1737 368 1766 Athen.
397 1738 521 1766 classem
548 1738 580 1767 in
602 1739 704 1769 Sicilia
735 1748 857 1776 pessum
881 1741 976 1770 dedit.
1004 1742 1055 1771 ef.
1081 1744 1160 1772 Plut.
1183 1744 1213 1772 in
1238 1743 1294 1772 Ni-

185 1799 244 1822 cia.
263 1800 312 1828 23.

223 1851 278 1886 (2)
298 1851 375 1880 Plut.
392 1854 422 1882 6.
441 1851 509 1881 init.

221 1905 275 1945 (3)
296 1908 373 1937 Sunt
392 1909 485 1938 verba
508 1909 642 1939 Platonis
666 1911 727 1940 1.1.
750 1918 825 1947 quae
851 1919 923 1941 mox
944 1920 1030 1948 seqq.
1054 1913 1145 1942 habet
1169 1913 1235 1944 cic.
1261 1914 1293 1943 in

185 1963 269 1994 Orat.
1086 1974 1087 1977 ’

221 2019 276 2058 (4)
295 2022 374 2051 Plut.
401 2030 431 2056 5.
464 2022 562 2058 Caput
587 2023 653 2058 ejus
670 2023 834 2060 oblongum
864 2025 933 2054 telis
961 2025 1023 2054 suis
1049 2025 1203 2061 petierunt
1230 2027 1292 2056 Co-

184 2079 276 2116 mici,
304 2080 370 2110 vid.
394 2081 470 2111 ibid.
494 2091 524 2117 3.
553 2085 636 2113 —A
669 2086 792 2115 Platone
817 2085 913 2114 dictus
938 2086 997 2116 fuit
1017 2082 1143 2126 εὐφυὴς
1171 2103 1213 2111 —-
1233 2089 1292 2117 Ce-

186 2141 288 2163 terum·
301 2135 366 2169 ejus
380 2136 537 2172 imaginem
556 2140 658 2175 plures
675 2140 803 2170 artifices
819 2142 1017 2172 confecerunt
1027 2143 1122 2181 (Plut.
1141 2146 1206 2176 Per.
1225 2147 1291 2181 3.);

187 2191 262 2221 mira
284 2199 348 2222 arte
389 2196 540 2232 expressit
571 2196 741 2235 ctesilaus,
770 2206 811 2236 ut,
833 2207 937 2230 auctor
962 2207 1008 2230 est
1042 2201 1157 2230 Plinius
1183 2203 1220 2231 H.
1248 2203 1289 2233 N.

185 2249 274 2278 XXX.
297 2258 344 2286 19.
369 2258 415 2289 ¹4·
