1502 2767
244 156 293 193 62
463 152 1132 194 COMMENTATIO

238 272 279 301 et
303 263 440 310 saluti,
493 269 637 300 tueatur
665 270 702 300 et
731 262 903 301 defendat
922 291 937 311 ,
979 263 1060 302 aliis
1101 264 1191 303 haec
1229 267 1351 306 omnia

238 333 376 384 injuste
400 332 726 381 aggredientibus,
754 333 852 371 unde
881 340 960 371 tota
996 342 1145 373 externa
1176 343 1213 373 et
1237 336 1352 374 inter-

239 415 312 451 na,
355 414 450 451 quae
494 401 660 449 dicitur,
705 401 782 439 vita
824 403 990 451 pendet?
1041 403 1147 451 Aut,
1183 404 1219 442 si
1254 405 1348 443 alios

236 473 400 521 populos
446 480 578 519 cogat,
631 482 678 509 ne
709 480 817 520 pacta
850 471 1045 512 foederave
1084 474 1225 512 sancita
1265 474 1350 513 vio-

234 543 336 590 lent,
363 553 411 580 ne
435 542 518 590 jura
553 541 718 588 laedant,
752 542 1013 589 possessiones
1042 543 1223 592 eripiant,
1256 554 1348 583 suos

235 612 316 650 vita
353 611 529 660 privent,
567 622 614 649 ne
652 611 831 660 principis
863 612 1039 660 domum,
1080 625 1190 661 quam
1224 613 1347 662 magni

233 682 361 730 ducit,
390 682 565 731 dignitate
585 681 775 730 spolient;
805 693 920 730 quum
941 682 1085 720 homini
1117 683 1267 732 dignius
1290 683 1348 721 ni-

232 753 286 791 hil
310 752 509 802 excogitari
544 761 656 800 queat
682 780 696 800 ,
724 763 833 799 quarn
849 779 862 799 ‚
887 752 1069 790 servitute
1096 754 1265 800 exemta,
1291 751 1347 790 fe-

180 814 181 817 *
232 823 438 870 licitatem‚
481 824 548 869 ea,
587 823 662 869 qua
697 821 830 869 lubet,
880 821 1052 868 ratione,
1096 821 1267 869 efficere,
1307 829 1345 861 et

230 894 429 930 coelestem
471 891 678 930 beatitatem
716 891 756 929 in
792 891 910 940 patria
950 891 1157 939 quaerere?
1204 891 1277 930 Vel
1309 892 1345 930 si

230 962 324 1000 alios
351 962 508 1000 debellet
526 990 540 1009 ‚
565 973 612 999 ne
646 960 779 999 artium
811 970 848 999 et
881 961 1069 1000 literarum
1093 973 1342 1011 progressus,

231 1032 497 1077 omniumque,
520 1041 614 1078 quae
631 1031 814 1078 populum
841 1031 1021 1068 excolunt
1048 1039 1084 1068 et
1109 1031 1155 1068 ad
1175 1030 1343 1068 humani-

232 1110 343 1139 tatem
364 1101 505 1138 ducunt
520 1127 534 1147 ‚
563 1099 703 1147 quibus
723 1099 897 1146 animali,
911 1101 1052 1138 ratione
1075 1100 1242 1148 praedito
1258 1128 1272 1148 ‚
1287 1100 1341 1140 nil

229 1170 512 1209 convenientius
545 1170 744 1218 excogitari
785 1178 937 1218 potest,
978 1169 1178 1217 impediant
1212 1178 1251 1206 et
1285 1180 1341 1207 ar-

227 1242 364 1280 ceant?
391 1240 488 1291 Quis
504 1241 663 1287 denique
683 1239 889 1288 culpaverit
901 1239 1111 1287 populum,
1137 1237 1228 1286 qui,
1251 1238 1340 1276 dum

224 1312 305 1360 ipse
330 1310 432 1359 pacis
470 1309 675 1348 commodis
710 1308 884 1355 fruatur,
909 1319 1009 1346 arma
1035 1308 1222 1356 accingit,
1250 1308 1340 1356 qui-

226 1383 298 1420 bus
320 1382 478 1419 aliorum
516 1379 766 1427 populorum,
800 1378 882 1416 aliis
921 1377 1059 1427 injuste
1094 1377 1220 1416 omnia
1254 1389 1338 1416 cara

228 1451 411 1501 aggressis
448 1449 663 1488 resistendis
695 1447 919 1497 imparium,
942 1448 1025 1497 Jura
1049 1456 1222 1494 tueatur,
1250 1448 1339 1486 hos-

224 1521 317 1558 tium
351 1531 560 1568 perversam
584 1518 821 1557 ambitionem
844 1526 1034 1564 coerceat,
1062 1517 1221 1556 lubidini
1254 1528 1337 1555 sese

226 1598 417 1638 opponat,
447 1588 659 1626 dominandi
694 1587 859 1625 studium
881 1588 1060 1637 castiget,
1087 1587 1243 1624 aliorum
1269 1587 1337 1625 mi-

221 1658 333 1697 seriis
367 1657 477 1696 finem
503 1657 671 1706 imponat
698 1657 801 1707 (0⁶3

279 1728 375 1767 Sane
394 1727 526 1776 populi
545 1755 558 1775 ‚
571 1728 631 1765 tali
644 1727 801 1765 consilio
824 1727 906 1775 jure
920 1726 1132 1774 meritoque
1155 1725 1236 1764 aliis
1256 1724 1336 1763 bel·

224 1799 301 1837 lurn
319 1797 517 1836 inferentes
532 1825 545 1846 ,
557 1809 770 1846 nequaqum
786 1805 914 1834 contra
930 1796 1086 1835 Ethices
1100 1795 1335 1835 Christianae

1242 1866 1332 1903 doc-

262 1952 315 1989 (1)
334 1953 444 1987 Neque
464 1949 616 1979 tamenhis
634 1949 721 1978 dictis
741 1949 901 1985 probamus
920 1947 1124 1984 turpissimum
1142 1956 1256 1977 morem
1274 1947 1330 1976 mi-

222 2012 291 2041 lites
320 2010 350 2038 in
377 2009 503 2038 aliorum
530 2009 715 2044 populorum
737 2013 845 2041 usum,
873 2006 957 2033 nulla
981 2004 1108 2038 jubente
1131 2003 1331 2039 necessitate,

219 2065 452 2101 vendendi;qui
467 2072 630 2100 perversus
650 2071 734 2098 mos,
752 2062 948 2097 Despozismo
966 2061 1125 2097 proprius,
1147 2069 1208 2090 non
1229 2067 1331 2096 potest

219 2134 281 2155 non
307 2124 400 2153 semel
425 2121 585 2157 aliquando
617 2119 676 2155 ipsi
709 2119 823 2155 patriae
852 2119 967 2148 cladem
994 2118 1110 2146 afferre.
1146 2117 1213 2147 Cfr.
1235 2119 1262 2154 J.
1292 2118 1329 2147 L.

221 2186 244 2212 Ε
257 2182 374 2217 wald,
403 2189 473 2209 over
498 2178 856 2214 staatsomwenteltngen
867 2197 878 2214 ‚
900 2175 1062 2205 derzelver
1079 2176 1214 2204 hronnon
1228 2182 1265 2203 en
1280 2176 1329 2203 be-

224 2237 467 2270 hocdmiddckn,
488 2244 520 2271 p.
544 2236 610 2271 164.
629 2241 697 2269 sqq.
