1523 2745
231 165 316 192 220
392 158 649 198 COMM.
709 158 1216 203 LITERARIA·

239 275 312 312 que
333 265 392 304 illa
416 267 504 305 mihi
517 267 650 305 arridet
666 269 845 307 sententia
861 297 873 315 .,
891 282 960 317 qua
977 272 1130 310 Pericles
1146 272 1348 322 statuitur,

241 347 356 383 quum
393 337 723 385 animadverteret,
751 340 933 387 Populum
969 352 1009 378 se
1049 342 1260 390 participem
1289 345 1352 382 ha·

239 406 325 443 bere
351 405 469 452 furti,
509 408 616 456 cujus
642 409 787 446 Phidias
816 419 1007 447 accusatus
1037 420 1158 458 esset,
1188 413 1345 460 primum

239 477 342 514 amici
376 478 433 514 sui
461 487 691 515 accusatores
731 481 906 518 mendacii
940 482 1133 529 arguisse3
1187 483 1271 521 dein
1307 485 1346 522 in

237 547 429 595 publicum
470 549 674 595 prodiisse,
711 551 829 587 totius
867 546 1197 590 administrationis
1234 553 1349 591 ratio·

238 627 304 655 nes
343 617 569 656 redditurum
589 646 602 665 ,
631 619 881 667 omnibusque
903 620 1153 668 exposuisse,
1182 633 1275 669 quae
1300 622 1351 660 si·

237 687 276 724 bi
314 677 459 736 praesto
510 698 633 726 essent
679 689 724 726 ad
766 689 902 727 bellum
939 689 1087 727 fortiter
1134 702 1173 728 ac
1211 691 1345 730 faustis

240 757 417 806 auspiciis
445 759 661 806 gerendum.

291 872 379 912 Obs.
406 874 582 912 XXXVI.
619 875 850 926 Irruperant
887 876 1055 913 Thebani
1086 877 1124 914 in
1161 877 1348 915 Plataeen-

239 942 335 981 sium
379 944 557 992 oppidum
595 947 788 995 Πυθοδώρου
835 948 886 987 ἔτι
923 949 980 987 δύο
1022 952 1135 995 μῆνοις
1173 947 1343 996 ἄρχοντος

242 1016 457 1061 Ἀθηναίοις,
484 1018 582 1063 μετὰ
615 1017 678 1061 ’τὴν
711 1018 745 1056 ἐν
771 1018 943 1066 normale
977 1018 1104 1065 μάχην
1137 1019 1220 1066 μηνὶ
1252 1015 1342 1065 ἕκτῳ

243 1086 301 1124 mc}
321 1084 402 1134 οἴμοι
424 1084 474 1134 ἦρι
498 1088 681 1135 ἀρχομένῳ
699 1085 722 1134 <
730 1086 784 1133 1).
818 1083 1029 1134 Kruegtfius
1045 1087 1112 1135 (α)
1135 1086 1348 1124 mutandum

239 1164 365 1192 censet
391 1157 431 1203 β’
459 1156 608 1202 (duo),
637 1156 673 1192 iu
698 1158 728 1195 δ’
756 1157 961 1202 (quatuor)
995 1167 1165 1204 menses3
1195 1166 1270 1193 non
1298 1164 1351 1194 ta·

242 1236 324 1261 men
358 1225 484 1270 addit,
527 1225 663 1272 quibus
700 1226 786 1262 haec
827 1226 1040 1274 conjectura
1077 1225 1214 1262 nitatur
1239 1225 1351 1262 ratio-

244 1295 386 1341 nibus,
429 1306 520 1341 quas
556 1295 622 1331 alia
651 1295 930 1341 opportunitate
965 1306 1005 1331 se
1040 1296 1233 1332 allaturum
1270 1305 1352 1332 esse

244 1364 459 1412 pollicetur.
500 1365 592 1401 Eam
629 1373 747 1400 tamen
769 1365 937 1412 amplecti
965 1375 1040 1401 non
1062 1366 1204 1412 aude03
1233 1364 1349 1412 licet,

242 1435 276 1472 si
324 1436 498 1483 τέσσαρας
549 1435 714 1482 legatur,
766 1433 910 1471 facilius
961 1435 1063 1472 hicce
1113 1435 1347 1482 Thucydidis

243 1506 350 1542 locus
390 1504 561 1551 explicari
601 1504 737 1551 possit.
793 1505 1002 1542 Archontes
1038 1504 1131 1542 enirn
1161 1504 1350 1553 magistra-

243 1584 322 1613 tum
343 1573 587 1622 capessebant
609 1586 733 1611 mense
760 1574 1081 1612 Hecatombaeone
1108 1575 1200 1624 (3);
1232 1585 1345 1621 quum

242 1653 361 1682 autem
401 1644 641 1692 Pythodorus
676 1645 771 1681 duos
802 1644 919 1681 adhuc
953 1655 1096 1682 menses
1133 1652 1220 1691 post
1250 1644 1348 1686 illam

242 1715 484 1763 irruptionem
507 1714 704 1752 Civitatem
730 1713 1009 1761 gubernaverit,
1039 1713 1270 1760 irruptioque
1293 1712 1349 1760 ip-

245 1795 285 1821 sa
311 1794 435 1820 mense
482 1791 638 1821 exeunte
664 1784 731 1830 (4)
768 1782 817 1819 sit
850 1782 968 1829 facta,
996 1792 1178 1819 extremus
1214 1781 1348 1819 mensis

244 1853 483 1900 Munychion
518 1852 777 1900 intelligendus
813 1852 909 1901 erit3
939 1853 1026 1899 qui,
1066 1863 1179 1900 quum
1218 1861 1349 1890 nostro

244 1923 360 1961 mensi
386 1923 574 1971 Aprilium
600 1923 823 1970 conveniat,
860 1924 897 1960 in
924 1922 1077 1961 Graecia
1101 1923 1223 1961 minus
1251 1932 1350 1960 recte

445 1977 454 1981 ’
1299 1992 1351 2030 di-

284 2058 336 2095 (ι)
358 2058 454 2086 Thuc.
481 2058 518 2087 11.
539 2068 567 2087 2.

285 2115 337 2153 (η)
359 2117 405 2144 Ad
426 2115 520 2143 Clint.
542 2116 576 2143 F.
601 2115 640 2142 H.
663 2116 711 2143 ad.
735 2116 762 2144 h.
782 2122 810 2142 a.

285 2172 336 2208 (3)
356 2172 448 2201 Conf.
470 2174 541 2200 Obs.
563 2173 649 2200 XIV.

287 2229 337 2267 (4)
359 2230 456 2258 Thuc.
479 2230 516 2258 Π.
538 2239 568 2266 4.
