<?xml version="1.0" encoding="UTF-8"?>
<!DOCTYPE html PUBLIC "-//W3C//DTD XHTML 1.0 Transitional//EN"
    "http://www.w3.org/TR/xhtml1/DTD/xhtml1-transitional.dtd">
<html xmlns="http://www.w3.org/1999/xhtml" xml:lang="en" lang="en">
 <head>
  <title>
</title>
<meta http-equiv="Content-Type" content="text/html;charset=utf-8" />
  <meta name='ocr-system' content='tesseract 3.04.00' />
  <meta name='ocr-capabilities' content='ocr_page ocr_carea ocr_par ocr_line ocrx_word'/>
</head>
<body>
  <div class='ocr_page' id='page_1' title='image "annalesacademiae33rhen_0692.png"; bbox 0 0 1564 2750; ppageno 0'>
   <div class='ocr_carea' id='block_1_1' title="bbox 94 223 329 264">
    <p class='ocr_par' dir='ltr' id='par_1_1' title="bbox 94 223 329 264">
     <span class='ocr_line' id='line_1_1' title="bbox 94 223 329 264; baseline -0.013 -6"><span class='ocrx_word' id='word_1_1' title='bbox 94 229 192 258; x_wconf 69' lang='lat' dir='ltr'>Sectio</span> <span class='ocrx_word' id='word_1_2' title='bbox 208 228 246 256; x_wconf 80' lang='lat' dir='ltr'>ll.</span> <span class='ocrx_word' id='word_1_3' title='bbox 260 223 329 264; x_wconf 83' lang='lat'>§.7-</span> 
     </span>
    </p>
   </div>
   <div class='ocr_carea' id='block_1_2' title="bbox 344 163 1226 209">
    <p class='ocr_par' dir='ltr' id='par_1_2' title="bbox 344 163 1226 209">
     <span class='ocr_line' id='line_1_2' title="bbox 344 163 1226 209; baseline -0.008 -1"><span class='ocrx_word' id='word_1_4' title='bbox 344 180 415 209; x_wconf 85' lang='lat'>100</span> <span class='ocrx_word' id='word_1_5' title='bbox 552 163 1226 206; x_wconf 76' lang='lat' dir='ltr'>-COMMENTATIO</span> 
     </span>
    </p>
   </div>
   <div class='ocr_carea' id='block_1_3' title="bbox 352 271 1489 2267">
    <p class='ocr_par' dir='ltr' id='par_1_3' title="bbox 352 271 1483 1643">
     <span class='ocr_line' id='line_1_3' title="bbox 399 271 1465 318; baseline -0.006 -3"><span class='ocrx_word' id='word_1_6' title='bbox 399 276 548 316; x_wconf 84' lang='lat' dir='ltr'>Dicitur</span> <span class='ocrx_word' id='word_1_7' title='bbox 582 287 602 313; x_wconf 89' lang='lat' dir='ltr'>a</span> <span class='ocrx_word' id='word_1_8' title='bbox 638 275 829 314; x_wconf 84' lang='lat' dir='ltr'>nonnullis</span> <span class='ocrx_word' id='word_1_9' title='bbox 861 272 1081 312; x_wconf 83' lang='lat' dir='ltr'>ambitiosus</span> <span class='ocrx_word' id='word_1_10' title='bbox 1122 271 1241 309; x_wconf 85' lang='lat' dir='ltr'>fuisse</span> <span class='ocrx_word' id='word_1_11' title='bbox 1273 271 1465 318; x_wconf 65' lang='lat' dir='ltr'>Pericles‚=</span> 
     </span>
     <span class='ocr_line' id='line_1_4' title="bbox 352 340 1481 395; baseline -0.007 -10"><span class='ocrx_word' id='word_1_12' title='bbox 352 355 467 395; x_wconf 85' lang='lat' dir='ltr'>atque</span> <span class='ocrx_word' id='word_1_13' title='bbox 493 347 694 395; x_wconf 80' lang='lat' dir='ltr'>imperandi</span> <span class='ocrx_word' id='word_1_14' title='bbox 722 345 898 393; x_wconf 76' lang='lat' dir='ltr'>cupidus,</span> <span class='ocrx_word' id='word_1_15' title='bbox 925 344 1016 382; x_wconf 90' lang='lat' dir='ltr'>Non</span> <span class='ocrx_word' id='word_1_16' title='bbox 1038 352 1162 391; x_wconf 83' lang='lat' dir='ltr'>nego:</span> <span class='ocrx_word' id='word_1_17' title='bbox 1190 341 1368 379; x_wconf 77' lang='lat' dir='ltr'>virenim</span> <span class='ocrx_word' id='word_1_18' title='bbox 1397 340 1481 388; x_wconf 71' lang='lat' dir='ltr'>qui·-</span> 
     </span>
     <span class='ocr_line' id='line_1_5' title="bbox 354 411 1465 465; baseline -0.007 -10"><span class='ocrx_word' id='word_1_19' title='bbox 354 426 470 456; x_wconf 86' lang='lat' dir='ltr'>semet</span> <span class='ocrx_word' id='word_1_20' title='bbox 497 417 578 465; x_wconf 89' lang='lat' dir='ltr'>ipse</span> <span class='ocrx_word' id='word_1_21' title='bbox 601 415 719 463; x_wconf 82' lang='lat' dir='ltr'>probe</span> <span class='ocrx_word' id='word_1_22' title='bbox 753 422 934 460; x_wconf 84' lang='lat' dir='ltr'>noverat,</span> <span class='ocrx_word' id='word_1_23' title='bbox 962 412 1144 450; x_wconf 76' lang='lat' dir='ltr'>intellexit</span> <span class='ocrx_word' id='word_1_24' title='bbox 1167 421 1235 456; x_wconf 79' lang='lat' dir='ltr'>se,</span> <span class='ocrx_word' id='word_1_25' title='bbox 1260 411 1402 460; x_wconf 88' lang='lat' dir='ltr'>quippe</span> <span class='ocrx_word' id='word_1_26' title='bbox 1426 418 1465 448; x_wconf 77' lang='lat' dir='ltr'>et</span> 
     </span>
     <span class='ocr_line' id='line_1_6' title="bbox 358 479 1469 531; baseline -0.008 -6"><span class='ocrx_word' id='word_1_27' title='bbox 358 498 466 526; x_wconf 85' lang='lat' dir='ltr'>manu</span> <span class='ocrx_word' id='word_1_28' title='bbox 491 486 622 523; x_wconf 84' lang='lat' dir='ltr'>fortem</span> <span class='ocrx_word' id='word_1_29' title='bbox 655 495 690 522; x_wconf 94' lang='lat' dir='ltr'>et</span> <span class='ocrx_word' id='word_1_30' title='bbox 716 485 890 522; x_wconf 77' lang='lat' dir='ltr'>dextrum</span> <span class='ocrx_word' id='word_1_31' title='bbox 920 482 1093 531; x_wconf 83' lang='lat' dir='ltr'>ingenio,</span> <span class='ocrx_word' id='word_1_32' title='bbox 1131 479 1469 529; x_wconf 72' lang='lat' dir='ltr'>reipublicae&#39;pro-</span> 
     </span>
     <span class='ocr_line' id='line_1_7' title="bbox 359 551 1470 601; baseline -0.009 -6"><span class='ocrx_word' id='word_1_33' title='bbox 359 557 527 596; x_wconf 78' lang='lat' dir='ltr'>futurum</span> <span class='ocrx_word' id='word_1_34' title='bbox 556 565 664 601; x_wconf 82' lang='lat' dir='ltr'>esse,</span> <span class='ocrx_word' id='word_1_35' title='bbox 698 555 730 591; x_wconf 86' lang='lat' dir='ltr'>si</span> <span class='ocrx_word' id='word_1_36' title='bbox 754 553 854 590; x_wconf 88' lang='lat' dir='ltr'>cives</span> <span class='ocrx_word' id='word_1_37' title='bbox 884 551 1084 589; x_wconf 85' lang='lat' dir='ltr'>Civitatem</span> <span class='ocrx_word' id='word_1_38' title='bbox 1113 562 1201 589; x_wconf 87' lang='lat' dir='ltr'>suae</span> <span class='ocrx_word' id='word_1_39' title='bbox 1222 560 1332 587; x_wconf 87' lang='lat' dir='ltr'>curae</span> <span class='ocrx_word' id='word_1_40' title='bbox 1365 559 1470 586; x_wconf 89' lang='lat' dir='ltr'>com-</span> 
     </span>
     <span class='ocr_line' id='line_1_8' title="bbox 360 620 1472 672; baseline -0.006 -9"><span class='ocrx_word' id='word_1_41' title='bbox 360 627 548 664; x_wconf 80' lang='lat' dir='ltr'>mitterent</span> <span class='ocrx_word' id='word_1_42' title='bbox 571 638 583 672; x_wconf 81' lang='lat'>3</span> <span class='ocrx_word' id='word_1_43' title='bbox 612 632 838 671; x_wconf 83' lang='lat' dir='ltr'>quapropter</span> <span class='ocrx_word' id='word_1_44' title='bbox 856 622 993 660; x_wconf 85' lang='lat' dir='ltr'>nullam</span> <span class='ocrx_word' id='word_1_45' title='bbox 1020 620 1334 669; x_wconf 82' lang='lat' dir='ltr'>opportunitatem</span> <span class='ocrx_word' id='word_1_46' title='bbox 1367 629 1472 666; x_wconf 84' lang='lat' dir='ltr'>prae·</span> 
     </span>
     <span class='ocr_line' id='line_1_9' title="bbox 361 686 1472 742; baseline -0.009 -8"><span class='ocrx_word' id='word_1_47' title='bbox 361 695 546 741; x_wconf 72' lang='lat' dir='ltr'>remisit,</span> <span class='ocrx_word' id='word_1_48' title='bbox 575 706 648 742; x_wconf 86' lang='lat' dir='ltr'>qua</span> <span class='ocrx_word' id='word_1_49' title='bbox 671 694 770 731; x_wconf 90' lang='lat' dir='ltr'>hunc</span> <span class='ocrx_word' id='word_1_50' title='bbox 796 704 952 740; x_wconf 86' lang='lat' dir='ltr'>scopum</span> <span class='ocrx_word' id='word_1_51' title='bbox 986 690 1196 738; x_wconf 82' lang='lat' dir='ltr'>attingeret.</span> <span class='ocrx_word' id='word_1_52' title='bbox 1230 689 1289 728; x_wconf 93' lang='lat' dir='ltr'>Ut</span> <span class='ocrx_word' id='word_1_53' title='bbox 1310 698 1401 726; x_wconf 90' lang='lat' dir='ltr'>vero</span> <span class='ocrx_word' id='word_1_54' title='bbox 1425 686 1472 724; x_wconf 82' lang='lat' dir='ltr'>ad</span> 
     </span>
     <span class='ocr_line' id='line_1_10' title="bbox 361 756 1472 811; baseline -0.01 -7"><span class='ocrx_word' id='word_1_55' title='bbox 361 769 454 804; x_wconf 83' lang='lat' dir='ltr'>hanc</span> <span class='ocrx_word' id='word_1_56' title='bbox 479 774 609 803; x_wconf 90' lang='lat' dir='ltr'>metam</span> <span class='ocrx_word' id='word_1_57' title='bbox 635 762 827 811; x_wconf 86' lang='lat' dir='ltr'>pervenire</span> <span class='ocrx_word' id='word_1_58' title='bbox 855 769 1007 810; x_wconf 76' lang='lat' dir='ltr'>posset,</span> <span class='ocrx_word' id='word_1_59' title='bbox 1035 761 1181 808; x_wconf 90' lang='lat' dir='ltr'>Populo</span> <span class='ocrx_word' id='word_1_60' title='bbox 1205 756 1472 805; x_wconf 86' lang='lat' dir='ltr'>indulgendum</span> 
     </span>
     <span class='ocr_line' id='line_1_11' title="bbox 363 826 1476 883; baseline -0.01 -9"><span class='ocrx_word' id='word_1_61' title='bbox 363 844 465 883; x_wconf 87' lang='lat' dir='ltr'>erat;</span> <span class='ocrx_word' id='word_1_62' title='bbox 502 835 586 882; x_wconf 89' lang='lat' dir='ltr'>plus</span> <span class='ocrx_word' id='word_1_63' title='bbox 612 833 798 878; x_wconf 83' lang='lat' dir='ltr'>fortasse,</span> <span class='ocrx_word' id='word_1_64' title='bbox 840 842 977 878; x_wconf 81' lang='lat' dir='ltr'>quam,</span> <span class='ocrx_word' id='word_1_65' title='bbox 1014 830 1046 867; x_wconf 87' lang='lat' dir='ltr'>si</span> <span class='ocrx_word' id='word_1_66' title='bbox 1077 827 1234 878; x_wconf 89' lang='lat' dir='ltr'>perfecti</span> <span class='ocrx_word' id='word_1_67' title='bbox 1268 826 1359 874; x_wconf 88' lang='lat' dir='ltr'>quid</span> <span class='ocrx_word' id='word_1_68' title='bbox 1390 837 1476 874; x_wconf 87' lang='lat' dir='ltr'>spe·</span> 
     </span>
     <span class='ocr_line' id='line_1_12' title="bbox 363 894 1476 950; baseline -0.01 -7"><span class='ocrx_word' id='word_1_69' title='bbox 363 914 467 950; x_wconf 80' lang='lat' dir='ltr'>ctes‚</span> <span class='ocrx_word' id='word_1_70' title='bbox 495 915 619 941; x_wconf 86' lang='lat' dir='ltr'>revera</span> <span class='ocrx_word' id='word_1_71' title='bbox 657 901 866 950; x_wconf 77' lang='lat' dir='ltr'>expediret,</span> <span class='ocrx_word' id='word_1_72' title='bbox 900 899 1049 947; x_wconf 87' lang='lat' dir='ltr'>sibique</span> <span class='ocrx_word' id='word_1_73' title='bbox 1079 898 1152 947; x_wconf 88' lang='lat' dir='ltr'>ipsi</span> <span class='ocrx_word' id='word_1_74' title='bbox 1177 899 1352 947; x_wconf 87' lang='lat' dir='ltr'>placeret.</span> <span class='ocrx_word' id='word_1_75' title='bbox 1405 894 1476 934; x_wconf 87' lang='lat' dir='ltr'>Sui</span> 
     </span>
     <span class='ocr_line' id='line_1_13' title="bbox 364 965 1474 1017; baseline -0.007 -5"><span class='ocrx_word' id='word_1_76' title='bbox 364 986 452 1012; x_wconf 83' lang='lat' dir='ltr'>vero</span> <span class='ocrx_word' id='word_1_77' title='bbox 488 973 627 1011; x_wconf 87' lang='lat' dir='ltr'>nullam</span> <span class='ocrx_word' id='word_1_78' title='bbox 671 971 849 1009; x_wconf 85' lang='lat' dir='ltr'>rationem</span> <span class='ocrx_word' id='word_1_79' title='bbox 884 970 1050 1017; x_wconf 88' lang='lat' dir='ltr'>habens,</span> <span class='ocrx_word' id='word_1_80' title='bbox 1102 968 1137 1007; x_wconf 89' lang='lat' dir='ltr'>si</span> <span class='ocrx_word' id='word_1_81' title='bbox 1188 968 1329 1006; x_wconf 87' lang='lat' dir='ltr'>civium</span> <span class='ocrx_word' id='word_1_82' title='bbox 1371 965 1474 1004; x_wconf 89' lang='lat' dir='ltr'>salus</span> 
     </span>
     <span class='ocr_line' id='line_1_14' title="bbox 365 1035 1477 1093; baseline -0.008 -12"><span class='ocrx_word' id='word_1_83' title='bbox 365 1052 557 1093; x_wconf 78' lang='lat' dir='ltr'>ageretur,</span> <span class='ocrx_word' id='word_1_84' title='bbox 584 1054 626 1079; x_wconf 85' lang='lat' dir='ltr'>ac</span> <span class='ocrx_word' id='word_1_85' title='bbox 653 1050 838 1089; x_wconf 87' lang='lat' dir='ltr'>praeterea</span> <span class='ocrx_word' id='word_1_86' title='bbox 865 1050 1042 1088; x_wconf 85' lang='lat' dir='ltr'>sperans,</span> <span class='ocrx_word' id='word_1_87' title='bbox 1069 1037 1153 1076; x_wconf 88' lang='lat' dir='ltr'>fore</span> <span class='ocrx_word' id='word_1_88' title='bbox 1176 1045 1219 1075; x_wconf 92' lang='lat' dir='ltr'>ut</span> <span class='ocrx_word' id='word_1_89' title='bbox 1232 1035 1364 1075; x_wconf 89' lang='lat' dir='ltr'>leviori</span> <span class='ocrx_word' id='word_1_90' title='bbox 1378 1036 1477 1074; x_wconf 87' lang='lat' dir='ltr'>malo</span> 
     </span>
     <span class='ocr_line' id='line_1_15' title="bbox 366 1105 1481 1161; baseline -0.005 -12"><span class='ocrx_word' id='word_1_91' title='bbox 366 1112 539 1161; x_wconf 83' lang='lat' dir='ltr'>gravius,</span> <span class='ocrx_word' id='word_1_92' title='bbox 582 1110 817 1157; x_wconf 66' lang='lat' dir='ltr'>marchiam,</span> <span class='ocrx_word' id='word_1_93' title='bbox 859 1109 1101 1156; x_wconf 87' lang='lat' dir='ltr'>omniumque</span> <span class='ocrx_word' id='word_1_94' title='bbox 1137 1118 1260 1145; x_wconf 89' lang='lat' dir='ltr'>rerum</span> <span class='ocrx_word' id='word_1_95' title='bbox 1285 1105 1481 1155; x_wconf 82' lang='lat' dir='ltr'>&#39;perturba-</span> 
     </span>
     <span class='ocr_line' id='line_1_16' title="bbox 365 1178 1481 1228; baseline -0.004 -9"><span class='ocrx_word' id='word_1_96' title='bbox 365 1184 500 1219; x_wconf 83' lang='lat' dir='ltr'>tionem</span> <span class='ocrx_word' id='word_1_97' title='bbox 535 1189 741 1228; x_wconf 78' lang='lat' dir='ltr'>averteret3</span> <span class='ocrx_word' id='word_1_98' title='bbox 771 1189 840 1227; x_wconf 90' lang='lat' dir='ltr'>ut,</span> <span class='ocrx_word' id='word_1_99' title='bbox 875 1179 906 1217; x_wconf 91' lang='lat' dir='ltr'>si</span> <span class='ocrx_word' id='word_1_100' title='bbox 929 1180 1076 1227; x_wconf 85' lang='lat' dir='ltr'>quando</span> <span class='ocrx_word' id='word_1_101' title='bbox 1098 1178 1190 1216; x_wconf 90' lang='lat' dir='ltr'>illud</span> <span class='ocrx_word' id='word_1_102' title='bbox 1215 1184 1347 1224; x_wconf 86' lang='lat' dir='ltr'>postea</span> <span class='ocrx_word' id='word_1_103' title='bbox 1375 1187 1481 1225; x_wconf 90' lang='lat' dir='ltr'>repa-</span> 
     </span>
     <span class='ocr_line' id='line_1_17' title="bbox 367 1247 1479 1296; baseline -0.003 -9"><span class='ocrx_word' id='word_1_104' title='bbox 367 1259 505 1296; x_wconf 80' lang='lat' dir='ltr'>rasset,</span> <span class='ocrx_word' id='word_1_105' title='bbox 547 1261 606 1288; x_wconf 91' lang='lat' dir='ltr'>res</span> <span class='ocrx_word' id='word_1_106' title='bbox 642 1249 735 1287; x_wconf 89' lang='lat' dir='ltr'>bene</span> <span class='ocrx_word' id='word_1_107' title='bbox 769 1249 975 1287; x_wconf 84' lang='lat' dir='ltr'>constituta</span> <span class='ocrx_word' id='word_1_108' title='bbox 1010 1247 1136 1286; x_wconf 80' lang='lat' dir='ltr'>vocari</span> <span class='ocrx_word' id='word_1_109' title='bbox 1181 1254 1335 1295; x_wconf 81' lang='lat' dir='ltr'>posset3</span> <span class='ocrx_word' id='word_1_110' title='bbox 1383 1247 1479 1284; x_wconf 89' lang='lat' dir='ltr'>hanc</span> 
     </span>
     <span class='ocr_line' id='line_1_18' title="bbox 366 1314 1483 1370; baseline -0.001 -16"><span class='ocrx_word' id='word_1_111' title='bbox 366 1319 486 1364; x_wconf 83' lang='lat' dir='ltr'>viam,</span> <span class='ocrx_word' id='word_1_112' title='bbox 515 1328 590 1354; x_wconf 91' lang='lat' dir='ltr'>non</span> <span class='ocrx_word' id='word_1_113' title='bbox 629 1318 772 1365; x_wconf 86' lang='lat' dir='ltr'>planam</span> <span class='ocrx_word' id='word_1_114' title='bbox 808 1316 957 1363; x_wconf 86' lang='lat' dir='ltr'>quidem</span> <span class='ocrx_word' id='word_1_115' title='bbox 983 1327 1024 1353; x_wconf 88' lang='lat' dir='ltr'>ac</span> <span class='ocrx_word' id='word_1_116' title='bbox 1049 1314 1219 1362; x_wconf 80' lang='lat' dir='ltr'>facilem,</span> <span class='ocrx_word' id='word_1_117' title='bbox 1247 1315 1393 1370; x_wconf 88' lang='lat' dir='ltr'>unicam</span> <span class='ocrx_word' id='word_1_118' title='bbox 1417 1326 1483 1354; x_wconf 93' lang='lat' dir='ltr'>ve-</span> 
     </span>
     <span class='ocr_line' id='line_1_19' title="bbox 367 1383 1481 1434; baseline 0.002 -11"><span class='ocrx_word' id='word_1_119' title='bbox 367 1398 409 1424; x_wconf 90' lang='lat' dir='ltr'>ro</span> <span class='ocrx_word' id='word_1_120' title='bbox 426 1415 439 1433; x_wconf 78' lang='grc'><em>,</em></span> <span class='ocrx_word' id='word_1_121' title='bbox 470 1398 562 1434; x_wconf 84' lang='lat' dir='ltr'>quae</span> <span class='ocrx_word' id='word_1_122' title='bbox 585 1387 630 1424; x_wconf 88' lang='lat' dir='ltr'>ad</span> <span class='ocrx_word' id='word_1_123' title='bbox 655 1385 892 1434; x_wconf 87' lang='lat' dir='ltr'>propositum</span> <span class='ocrx_word' id='word_1_124' title='bbox 920 1385 1096 1432; x_wconf 86' lang='lat' dir='ltr'>duceret,</span> <span class='ocrx_word' id='word_1_125' title='bbox 1122 1384 1264 1433; x_wconf 87' lang='lat' dir='ltr'>ingredi</span> <span class='ocrx_word' id='word_1_126' title='bbox 1299 1383 1481 1425; x_wconf 87' lang='lat' dir='ltr'>decrevit.</span> 
     </span>
     <span class='ocr_line' id='line_1_20' title="bbox 364 1454 1480 1505; baseline 0 -11"><span class='ocrx_word' id='word_1_127' title='bbox 364 1456 500 1494; x_wconf 89' lang='lat' dir='ltr'>Utrum</span> <span class='ocrx_word' id='word_1_128' title='bbox 526 1467 652 1494; x_wconf 86' lang='lat' dir='ltr'>verum</span> <span class='ocrx_word' id='word_1_129' title='bbox 684 1455 843 1502; x_wconf 82' lang='lat' dir='ltr'>viderit,</span> <span class='ocrx_word' id='word_1_130' title='bbox 872 1455 959 1494; x_wconf 90' lang='lat' dir='ltr'>alibi</span> <span class='ocrx_word' id='word_1_131' title='bbox 985 1455 1055 1493; x_wconf 89' lang='lat' dir='ltr'>erit</span> <span class='ocrx_word' id='word_1_132' title='bbox 1082 1454 1350 1505; x_wconf 86' lang='lat' dir='ltr'>indagandum:</span> <span class='ocrx_word' id='word_1_133' title='bbox 1378 1465 1480 1494; x_wconf 88' lang='lat' dir='ltr'>nunc</span> 
     </span>
     <span class='ocr_line' id='line_1_21' title="bbox 367 1525 1482 1574; baseline 0.002 -12"><span class='ocrx_word' id='word_1_134' title='bbox 367 1525 579 1563; x_wconf 83' lang='lat' dir='ltr'>ostendisse</span> <span class='ocrx_word' id='word_1_135' title='bbox 611 1525 795 1572; x_wconf 80' lang='lat' dir='ltr'>sufficiat,</span> <span class='ocrx_word' id='word_1_136' title='bbox 824 1525 1000 1564; x_wconf 86' lang='lat' dir='ltr'>Periclem</span> <span class='ocrx_word' id='word_1_137' title='bbox 1032 1526 1099 1563; x_wconf 86' lang='lat' dir='ltr'>hac</span> <span class='ocrx_word' id='word_1_138' title='bbox 1127 1526 1168 1563; x_wconf 85' lang='lat' dir='ltr'>in</span> <span class='ocrx_word' id='word_1_139' title='bbox 1191 1536 1232 1563; x_wconf 90' lang='lat' dir='ltr'>re</span> <span class='ocrx_word' id='word_1_140' title='bbox 1251 1525 1397 1574; x_wconf 79' lang='lat' dir='ltr'>egisse,</span> <span class='ocrx_word' id='word_1_141' title='bbox 1424 1525 1482 1564; x_wconf 90' lang='lat' dir='ltr'>uti</span> 
     </span>
     <span class='ocr_line' id='line_1_22' title="bbox 369 1594 1014 1643; baseline 0.002 -12"><span class='ocrx_word' id='word_1_142' title='bbox 369 1594 451 1642; x_wconf 86' lang='lat' dir='ltr'>ipse</span> <span class='ocrx_word' id='word_1_143' title='bbox 486 1595 710 1632; x_wconf 83' lang='lat' dir='ltr'>existimaret</span> <span class='ocrx_word' id='word_1_144' title='bbox 739 1595 797 1643; x_wconf 85' lang='lat' dir='ltr'>agi</span> <span class='ocrx_word' id='word_1_145' title='bbox 829 1603 1014 1643; x_wconf 86' lang='lat' dir='ltr'>oportere.</span> 
     </span>
    </p>

    <p class='ocr_par' dir='ltr' id='par_1_4' title="bbox 363 1663 1489 2267">
     <span class='ocr_line' id='line_1_23' title="bbox 423 1663 1483 1713; baseline 0.002 -12"><span class='ocrx_word' id='word_1_146' title='bbox 423 1664 511 1713; x_wconf 87' lang='lat' dir='ltr'>Quo</span> <span class='ocrx_word' id='word_1_147' title='bbox 531 1674 651 1702; x_wconf 90' lang='lat' dir='ltr'>autem</span> <span class='ocrx_word' id='word_1_148' title='bbox 680 1665 814 1702; x_wconf 86' lang='lat' dir='ltr'>clarius</span> <span class='ocrx_word' id='word_1_149' title='bbox 840 1673 1033 1713; x_wconf 80' lang='lat' dir='ltr'>appareat,</span> <span class='ocrx_word' id='word_1_150' title='bbox 1060 1663 1259 1712; x_wconf 88' lang='lat' dir='ltr'>Periclem,</span> <span class='ocrx_word' id='word_1_151' title='bbox 1285 1670 1483 1712; x_wconf 87' lang='lat' dir='ltr'>antequam</span> 
     </span>
     <span class='ocr_line' id='line_1_24' title="bbox 375 1733 1487 1783; baseline 0.003 -12"><span class='ocrx_word' id='word_1_152' title='bbox 375 1735 479 1771; x_wconf 85' lang='lat' dir='ltr'>solus</span> <span class='ocrx_word' id='word_1_153' title='bbox 501 1734 786 1771; x_wconf 80' lang='lat' dir='ltr'>Atheniensium</span> <span class='ocrx_word' id='word_1_154' title='bbox 812 1746 868 1772; x_wconf 88' lang='lat' dir='ltr'>res</span> <span class='ocrx_word' id='word_1_155' title='bbox 891 1745 1019 1772; x_wconf 86' lang='lat' dir='ltr'>curare</span> <span class='ocrx_word' id='word_1_156' title='bbox 1042 1735 1237 1783; x_wconf 87' lang='lat' dir='ltr'>coeperit,</span> <span class='ocrx_word' id='word_1_157' title='bbox 1263 1734 1358 1773; x_wconf 88' lang='lat' dir='ltr'>nihil</span> <span class='ocrx_word' id='word_1_158' title='bbox 1375 1733 1487 1774; x_wconf 87' lang='lat' dir='ltr'>fecis-</span> 
     </span>
     <span class='ocr_line' id='line_1_25' title="bbox 363 1803 1486 1854; baseline 0.004 -14"><span class='ocrx_word' id='word_1_159' title='bbox 363 1815 441 1850; x_wconf 88' lang='lat' dir='ltr'>·se‚</span> <span class='ocrx_word' id='word_1_160' title='bbox 472 1804 574 1849; x_wconf 84' lang='lat' dir='ltr'>quod</span> <span class='ocrx_word' id='word_1_161' title='bbox 596 1805 727 1841; x_wconf 87' lang='lat' dir='ltr'>merito</span> <span class='ocrx_word' id='word_1_162' title='bbox 751 1803 804 1841; x_wconf 92' lang='lat' dir='ltr'>illi</span> <span class='ocrx_word' id='word_1_163' title='bbox 830 1803 1078 1853; x_wconf 89' lang='lat' dir='ltr'>objiceretur,</span> <span class='ocrx_word' id='word_1_164' title='bbox 1106 1815 1204 1853; x_wconf 90' lang='lat' dir='ltr'>opus</span> <span class='ocrx_word' id='word_1_165' title='bbox 1225 1811 1368 1843; x_wconf 85' lang='lat' dir='ltr'>tantum</span> <span class='ocrx_word' id='word_1_166' title='bbox 1391 1805 1486 1854; x_wconf 89' lang='lat' dir='ltr'>erit,</span> 
     </span>
     <span class='ocr_line' id='line_1_26' title="bbox 376 1871 1487 1921; baseline 0.005 -13"><span class='ocrx_word' id='word_1_167' title='bbox 376 1880 419 1909; x_wconf 91' lang='lat' dir='ltr'>ut</span> <span class='ocrx_word' id='word_1_168' title='bbox 443 1871 553 1909; x_wconf 87' lang='lat' dir='ltr'>nobis</span> <span class='ocrx_word' id='word_1_169' title='bbox 575 1871 613 1909; x_wconf 92' lang='lat' dir='ltr'>in</span> <span class='ocrx_word' id='word_1_170' title='bbox 647 1873 858 1909; x_wconf 86' lang='lat' dir='ltr'>memoriam</span> <span class='ocrx_word' id='word_1_171' title='bbox 896 1884 1138 1920; x_wconf 87' lang='lat' dir='ltr'>revocemus,</span> <span class='ocrx_word' id='word_1_172' title='bbox 1176 1873 1487 1921; x_wconf 86' lang='lat' dir='ltr'>quemadmodum</span> 
     </span>
     <span class='ocr_line' id='line_1_27' title="bbox 377 1939 1487 1988; baseline 0.006 -12"><span class='ocrx_word' id='word_1_173' title='bbox 377 1951 461 1988; x_wconf 82' lang='lat' dir='ltr'>erga</span> <span class='ocrx_word' id='word_1_174' title='bbox 488 1952 570 1977; x_wconf 87' lang='lat' dir='ltr'>eum</span> <span class='ocrx_word' id='word_1_175' title='bbox 594 1939 740 1978; x_wconf 88' lang='lat' dir='ltr'>animati</span> <span class='ocrx_word' id='word_1_176' title='bbox 765 1941 903 1979; x_wconf 88' lang='lat' dir='ltr'>fuerint</span> <span class='ocrx_word' id='word_1_177' title='bbox 927 1941 1189 1981; x_wconf 90' lang='lat' dir='ltr'>Athenienses.</span> <span class='ocrx_word' id='word_1_178' title='bbox 1241 1942 1363 1981; x_wconf 87' lang='lat' dir='ltr'>Aliter</span> <span class='ocrx_word' id='word_1_179' title='bbox 1387 1943 1487 1983; x_wconf 85' lang='lat' dir='ltr'>euim</span> 
     </span>
     <span class='ocr_line' id='line_1_28' title="bbox 379 2010 1486 2059; baseline 0.003 -11"><span class='ocrx_word' id='word_1_180' title='bbox 379 2010 459 2048; x_wconf 82' lang='lat' dir='ltr'>fieri</span> <span class='ocrx_word' id='word_1_181' title='bbox 487 2021 562 2047; x_wconf 88' lang='lat' dir='ltr'>non</span> <span class='ocrx_word' id='word_1_182' title='bbox 589 2018 762 2058; x_wconf 82' lang='lat' dir='ltr'>poterat,</span> <span class='ocrx_word' id='word_1_183' title='bbox 792 2011 884 2057; x_wconf 90' lang='lat' dir='ltr'>quin</span> <span class='ocrx_word' id='word_1_184' title='bbox 910 2012 1044 2059; x_wconf 84' lang='lat' dir='ltr'>plebs,</span> <span class='ocrx_word' id='word_1_185' title='bbox 1074 2023 1168 2059; x_wconf 87' lang='lat' dir='ltr'>quae</span> <span class='ocrx_word' id='word_1_186' title='bbox 1188 2012 1327 2050; x_wconf 86' lang='lat' dir='ltr'>tamdiu</span> <span class='ocrx_word' id='word_1_187' title='bbox 1347 2012 1393 2051; x_wconf 92' lang='lat' dir='ltr'>ab</span> <span class='ocrx_word' id='word_1_188' title='bbox 1419 2013 1486 2052; x_wconf 88' lang='lat' dir='ltr'>illo</span> 
     </span>
     <span class='ocr_line' id='line_1_29' title="bbox 380 2078 1488 2128; baseline 0.005 -12"><span class='ocrx_word' id='word_1_189' title='bbox 380 2080 530 2117; x_wconf 89' lang='lat' dir='ltr'>defensa</span> <span class='ocrx_word' id='word_1_190' title='bbox 555 2078 699 2126; x_wconf 82' lang='lat' dir='ltr'>fuerat,</span> <span class='ocrx_word' id='word_1_191' title='bbox 738 2088 895 2128; x_wconf 80' lang='lat' dir='ltr'>postea,</span> <span class='ocrx_word' id='word_1_192' title='bbox 937 2092 1051 2127; x_wconf 85' lang='lat' dir='ltr'>quum</span> <span class='ocrx_word' id='word_1_193' title='bbox 1086 2081 1244 2120; x_wconf 84' lang='lat' dir='ltr'>Pericles</span> <span class='ocrx_word' id='word_1_194' title='bbox 1280 2092 1358 2121; x_wconf 87' lang='lat' dir='ltr'>non</span> <span class='ocrx_word' id='word_1_195' title='bbox 1395 2083 1488 2122; x_wconf 88' lang='lat' dir='ltr'>adeo</span> 
     </span>
     <span class='ocr_line' id='line_1_30' title="bbox 378 2148 1488 2200; baseline 0.003 -12"><span class='ocrx_word' id='word_1_196' title='bbox 378 2148 513 2196; x_wconf 77' lang='lat' dir='ltr'>Populi</span> <span class='ocrx_word' id='word_1_197' title='bbox 544 2148 733 2187; x_wconf 78' lang='lat' dir='ltr'>voluntate</span> <span class='ocrx_word' id='word_1_198' title='bbox 753 2160 794 2187; x_wconf 93' lang='lat' dir='ltr'>se</span> <span class='ocrx_word' id='word_1_199' title='bbox 820 2148 905 2186; x_wconf 89' lang='lat' dir='ltr'>duci</span> <span class='ocrx_word' id='word_1_200' title='bbox 938 2158 1147 2197; x_wconf 87' lang='lat' dir='ltr'>pateretur,</span> <span class='ocrx_word' id='word_1_201' title='bbox 1176 2162 1286 2199; x_wconf 88' lang='lat' dir='ltr'>quam</span> <span class='ocrx_word' id='word_1_202' title='bbox 1316 2151 1398 2200; x_wconf 90' lang='lat' dir='ltr'>ipse</span> <span class='ocrx_word' id='word_1_203' title='bbox 1421 2163 1488 2192; x_wconf 90' lang='lat' dir='ltr'>eos</span> 
     </span>
     <span class='ocr_line' id='line_1_31' title="bbox 379 2218 1489 2267; baseline 0.006 -12"><span class='ocrx_word' id='word_1_204' title='bbox 379 2229 606 2266; x_wconf 86' lang='lat' dir='ltr'>quocunque</span> <span class='ocrx_word' id='word_1_205' title='bbox 629 2219 743 2257; x_wconf 87' lang='lat' dir='ltr'>vellet</span> <span class='ocrx_word' id='word_1_206' title='bbox 763 2228 909 2267; x_wconf 78' lang='lat' dir='ltr'>ageret,</span> <span class='ocrx_word' id='word_1_207' title='bbox 937 2218 1170 2260; x_wconf 83' lang='lat' dir='ltr'>vehementer</span> <span class='ocrx_word' id='word_1_208' title='bbox 1195 2221 1240 2259; x_wconf 91' lang='lat' dir='ltr'>ab</span> <span class='ocrx_word' id='word_1_209' title='bbox 1262 2233 1307 2260; x_wconf 90' lang='lat' dir='ltr'>eo</span> <span class='ocrx_word' id='word_1_210' title='bbox 1336 2222 1489 2261; x_wconf 85' lang='lat' dir='ltr'>alienata</span> 
     </span>
    </p>
   </div>
   <div class='ocr_carea' id='block_1_4' title="bbox 1397 2290 1492 2330">
    <p class='ocr_par' dir='ltr' id='par_1_5' title="bbox 1397 2290 1492 2330">
     <span class='ocr_line' id='line_1_32' title="bbox 1397 2290 1492 2330; baseline 0.021 -2"><span class='ocrx_word' id='word_1_211' title='bbox 1397 2290 1492 2330; x_wconf 88' lang='lat' dir='ltr'>fuis-</span> 
     </span>
    </p>
   </div>
  </div>
 </body>
</html>
