1523 2745
483 168 949 208 COMM.L1T.
1229 180 1275 218 ῃ

157 277 334 317 Periclem
369 276 489 315 fuisse
526 277 789 317 Atheniensem
829 286 864 315 et
902 276 1042 325 patriae
1070 277 1275 316 amantissi-

157 360 288 396 mum,
328 356 439 396 atque
476 347 577 385 illius
610 357 761 386 aetatem
800 347 974 385 incidisse
1006 348 1043 384 in
1069 358 1108 385 ea
1131 356 1274 394 tempo·

157 430 219 465 ra,
255 430 368 467 quum
396 418 563 466 quaestio
592 419 654 457 diu
682 419 813 467 agitata
839 417 963 456 dirimi
993 418 1164 461 deberet,
1193 426 1275 454 utra

160 499 280 536 gens,
308 488 592 527 Lacedaemonii
623 499 668 526 an
690 487 966 534 Athenienses,
993 488 1171 526 Graeciae
1194 486 1276 525 uni-

158 568 286 597 versae
315 566 428 605 caput
450 556 551 596 foret
589 567 625 596 et
656 557 844 606 princeps.
892 558 1037 596 Praeter
1063 558 1276 604 orationes,

160 637 252 674 quas
291 626 536 675 Thucydides
583 627 627 664 ab
677 639 721 665 eo
760 626 904 664 habitas
944 636 1089 674 narrat,
1126 627 1277 665 Periclis

157 697 282 734 omnis
318 696 394 734 vita
428 695 581 743 docuit,
610 696 703 734 hanc
743 696 897 744 primam
931 695 965 733 ei
1000 697 1113 742 legem
1134 695 1277 743 fuisse,

158 775 201 805 ut
235 759 401 804 Athenas
431 775 666 804 conservaret
705 766 744 803 in
778 764 935 813 imperio
966 773 1001 802 et
1035 764 1276 813 principatu3

158 838 287 885 quod,
315 837 346 875 si
384 836 434 873 ita
473 845 554 883 est,
584 836 674 883 quid
705 836 865 880 mirum,
895 834 927 872 si
948 834 985 871 in
1020 834 1170 872 civitate
1211 845 1279 872 sua

159 906 398 954 potissimum
427 908 541 954 operit
573 907 672 943 salva
712 913 747 942 et
783 905 922 943 intacta
962 904 1120 952 primum
1152 905 1277 942 locum

161 987 343 1024 occupare
369 987 445 1014 non
474 975 737 1014 contemserit:
769 974 858 1021 quid
873 1002 885 1021 ‚
903 973 935 1011 si
958 985 1016 1011 res
1037 985 1082 1011 eo
1099 974 1279 1011 deducere

162 1046 372 1092 studuerit,
411 1054 453 1083 ut
483 1057 528 1083 eo
570 1057 691 1083 carere
726 1044 844 1092 patria
880 1054 956 1081 non
981 1044 1145 1092 posset?
1193 1045 1277 1081 Hoc

160 1124 249 1152 sane
286 1115 411 1162 negari
443 1114 600 1162 nequit,
628 1115 819 1161 imperium
855 1125 875 1150 a
913 1113 1117 1162 maj0r1bus
1146 1113 1278 1152 funda-

160 1191 268 1230 tum,
295 1183 455 1222 Periclea
490 1191 604 1221 aetate
628 1192 778 1237 auctum
806 1184 1040 1220 vehementer
1069 1191 1105 1220 et
1143 1183 1282 1222 confir-

161 1262 301 1295 matum
327 1252 470 1300 fuisse‚
499 1254 602 1302 quod
638 1253 672 1291 si
710 1253 814 1290 illiusv
852 1252 1035 1301 imprimis
1069 1256 1182 1300 operit
1206 1252 1281 1290 fac·

163 1330 243 1360 tum
280 1322 528 1370 contendam,
576 1334 663 1361 vera
697 1334 756 1359 me
792 1322 914 1360 dicere
947 1321 1039 1360 alios
1071 1323 1185 1360 rebus
1217 1322 1280 1360 be·

163 1403 212 1430 ne
238 1393 445 1442 perspectis
472 1394 704 1443 iudicaturos
733 1403 860 1440 spero.

669 1543 709 1590 Β.
753 1553 794 1580 2.

219 1685 396 1724 Omnium
418 1687 599 1725 virtutum
623 1686 800 1726 latissime
823 1695 924 1735 patet
949 1695 984 1725 et
1008 1687 1169 1736 reliquas
1193 1689 1283 1727 adeo

167 1756 429 1805 complectitur
477 1757 597 1795 virtus
635 1756 723 1803 illa,
774 1768 885 1804 quam
931 1765 1073 1794 veteres
1108 1757 1289 1806 justitiae

171 1828 322 1865 nomine
358 1827 547 1876 designare
581 1826 774 1866 amabant:
833 1838 928 1875 quae
980 1828 1010 1865 si
1053 1838 1129 1865 non
1163 1827 1291 1867 defue-

169 1898 219 1936 rit
244 1897 402 1944 Pericli,
431 1909 475 1934 eo
511 1898 627 1947 maJ‘or
661 1897 693 1935 ei
727 1897 880 1936 debetur
916 1897 1056 1946 gloria,
1097 1909 1172 1945 quo
1218 1888 1293 1935 fre-

174 1968 348 2017 quentius
375 1968 475 2006 illius
515 1967 657 2006 oblivio
696 1979 761 2005 eos
798 1968 944 2016 capiat,
974 1967 1038 2014 qui
1059 1969 1104 2004 ad
1126 1968 1290 2005 honores

170 2049 339 2075 summos
372 2046 409 2075 et
452 2037 558 2084 quasi
585 2038 638 2076 vad
678 2037 869 2085 imperium
908 2038 1141 2085 perveniunt.
1195 2037 1293 2074 Fieri

173 2117 293 2147 autem
323 2108 390 2146 vix
429 2110 582 2156 potuit,
614 2107 704 2155 quin
741 2107 778 2145 in
808 2108 910 2144 tantfi
944 2107 1102 2155 partium
1141 2116 1293 2144 conten-

176 2179 282 2217 tione
316 2179 353 2217 in
385 2178 535 2217 civitate
560 2178 789 2216 Athenarum
813 2205 825 2224 ,
853 2184 1060 2215 sanctarum
1095 2176 1293 2224 aliquando

174 2249 340 2298 iustitiae
363 2250 484 2298 legum
520 2248 663 2286 oblitus
691 2248 807 2286 fuerit
845 2247 1019 2286 Pericles.
1074 2246 1294 2294 Cogitamus

700 2319 735 2356 D
767 2330 787 2357 2
1194 2327 1298 2354 nem-
