1523 2745
407 159 921 199 LITERARIA
1188 170 1233 207 ῃ

116 283 186 311 nes
217 269 310 320 (ι),
339 269 476 318 quibus
511 281 578 307 nee
608 277 690 306 tuto
724 269 894 306 resistere
931 266 1116 315 potuisset
1134 296 1146 315 ‚
1175 279 1240 306 ne-

121 354 193 391 que
219 341 324 380 etiarn
364 341 594 378 innocentem
624 340 736 376 risum
780 338 879 385 plebi
916 338 1073 376 adimere
1099 339 1239 377 volnis-

127 415 213 449 s'et:
244 409 547 459 diligentissimus
570 420 728 455 namque
750 419 894 445 morum
912 409 1146 455 publicorum
1174 410 1244 446 ob«

130 490 297 520 servator
325 479 552 527 intelligebat
574 478 657 515 talia
684 486 805 525 spreta
836 478 1065 515 exolescere:
1094 478 1125 516 si
1153 478 1243 516 iras·

124 561 231 596 care,
266 550 387 598 agnita
416 548 546 587 videri.
578 548 658 595 (α).
686 547 933 584 Fortitudinis
960 557 1080 585 autem
1103 549 1141 585 in
1170 560 1242 595 eo,

124 619 245 668 qualia
284 618 447 665 exempla
479 617 661 663 excitem,
692 616 827 654 dubins
855 617 1003 655 haereo.
1031 617 1119 655 Sive
1146 618 1242 655 enim

123 689 211 726 belli
239 689 366 726 ducem
397 688 637 734 respiciamus
654 714 668 733 ,
697 687 762 734 qui
789 687 985 724 occasione
1017 687 1140 726 oblatsl
1167 700 1241 726 rem

127 759 268 807 optime
314 769 457 806 semper
505 757 645 804 gessit,
698 757 768 794 hoc
817 757 1001 794 vitandum
1035 765 1161 805 ratus,
1200 769 1247 796 ne

126 837 262 867 temere
290 827 439 866 offerret
463 839 502 864 se
528 827 729 874 periculis,
758 828 1049 876 improbansque
1075 839 1152 865 non
1169 840 1247 866 mo-

126 897 247 944 nitis,
274 898 339 936 sed
361 897 466 935 etiam
493 909 563 934 suo
591 898 759 944 exemplo
781 898 936 935 aliorum
955 926 966 944 ‚
996 910 1035 936 v.
1061 910 1118 947 gr.
1151 899 1248 936 Tol-

129 967 268 1015 midis‚
313 967 530 1006 audaciam:
572 967 634 1005 cui
659 969 843 1014 praeclara
882 967 942 1005 illa
980 968 1089 1005 verba
1130 968 1249 1006 dixit:

133 1066 159 1087 „
183 1047 250 1085 tu,
277 1038 310 1075 si
346 1037 476 1076 Pericli
508 1048 584 1074 non
621 1037 773 1083 credas,
805 1037 1119 1084 sapientissimum
1152 1046 1250 1075 certe

131 1107 376 1154 magistrum,
412 1115 560 1155 ternpus
596 1115 808 1154 exspectare
836 1118 882 1144 ne
918 1106 1122 1155 dedigneris
1149 1107 1250 1156 (3);

131 1176 212 1214 sive
243 1175 454 1224 cogitemus
497 1176 670 1222 labores,
736 1187 832 1223 quos
874 1188 994 1224 aequo
1031 1177 1154 1214 animo
1191 1189 1254 1215 su-

135 1244 206 1284 biit
237 1246 276 1283 in
311 1245 424 1294 Reip.
455 1246 770 1284 administratione
796 1248 928 1295 populi
963 1250 1156 1286 commoda
1191 1260 1258 1285 cu·

138 1326 249 1363 rans,
288 1316 355 1353 sed
395 1315 429 1352 ei
467 1326 544 1352 non
572 1316 704 1353 cedens
744 1315 842 1365 (4),
882 1327 950 1354 nae
986 1316 1104 1365 iniqui
1141 1316 1262 1355 futuri

142 1396 302 1432 sumus,
353 1385 390 1422 ni
428 1384 584 1422 libenter
624 1385 716 1422 hanc
758 1384 990 1423 fortitudinis
1041 1388 1183 1425 laudem
1228 1391 1262 1429 ei

141 1455 246 1503 quasi
278 1454 463 1503 propriam
494 1454 613 1494 fuisse
637 1455 898 1495 concedamus.

635 1595 672 1640 §.
713 1605 752 1641 4.

195 1756 359 1794 Possunt
377 1754 575 1802 aliquando
588 1754 746 1793 incidere
760 1764 952 1804 tempora,
982 1757 1118 1806 quibus
1143 1759 1255 1808 Reip.

146 1825 246 1864 salus
275 1826 427 1864 suadere
461 1825 629 1864 videatur
663 1825 867 1874 paullulum
895 1838 916 1865 a
943 1829 1071 1866 nomia
1108 1829 1198 1867 recti
1227 1839 1264 1868 et

1179 1901 1260 1950 jus·
1286 1888 1289 1889 ⁷

183 2010 238 2049 (ι)
260 2012 376 2040 Horum
404 2010 559 2040 licentiam
589 2018 674 2040 notat
702 2010 768 2041 Cic.
802 2011 833 2040 in
861 2012 965 2047 fragm.
1001 2014 1056 2043 1V.
1092 2014 1129 2043 tle
1157 2015 1259 2051 Repb.

151 2072 180 2108 §-
198 2077 247 2106 33.
270 2071 323 2099 Or.
928 2117 930 2119 ‚

184 2128 237 2164 (η)
257 2125 442 2155 Sententiam
460 2125 578 2160 profert
596 2125 671 2154 Tac.
691 2125 773 2157 Ann.
793 2127 846 2156 IV.
867 2134 914 2163 34.
931 2126 956 2155 f.

182 2184 236 2223 (3)
255 2183 333 2214 Plut.
354 2184 487 2215 Per.,18.

185 2240 237 2280 (4)
258 2242 335 2270 Plut.
355 2244 422 2271 Per.
443 2247 490 2273 15.
511 2239 553 2270 id.
571 2238 683 2277 Nicia,
705 2248 736 2274 g.
