1507 2876
297 211 339 248 ιι,
511 197 1182 239 COMMENTArro

293 308 362 345 sita
396 317 454 345 est
489 309 534 346 ad
568 308 708 345 beatam
737 307 930 344 hominum
965 307 1076 346 vitam
1109 309 1408 348 constituendam

292 378 469 425 omnique
506 389 593 416 cura
631 389 672 416 ac
701 377 835 414 virium
868 378 1107 416 contentione
1137 379 1175 417 id
1203 379 1408 427 agendum,

292 457 333 487 ut
362 449 408 486 ad
439 460 618 486 summam
655 448 784 485 salutis
825 440 1090 494 perfectionem
1127 449 1408 490 adscendamus,

294 546 318 565 „
344 519 602 569 Quaecunque
633 526 722 557 sunt
754 529 866 563 vera,
904 518 954 556 ait
988 518 1127 557 Paulus
1153 520 1255 569 (ι),
1298 531 1410 566 quae-

291 618 315 637 „
340 600 490 636 cunque
522 590 706 634 honesta,
735 598 979 635 quaecunque
1007 589 1133 637 justa,
1161 600 1405 638 quaecunque

290 685 315 706 „
342 671 461 707 pura,
491 668 736 706 quaecunque
766 659 960 706 jucunda,
1001 670 1248 707 quaecunque
1280 661 1405 698 lauda-

290 758 314 776 „
341 728 455 775 bilia,
490 728 521 766 si
559 739 632 775 qua
668 728 811 774 virtus,
848 737 885 765 et
910 729 943 766 si
977 740 1050 776 qua
1088 730 1168 767 laus
1200 739 1290 778 est,
1316 731 1407 769 haec

291 828 314 845 „
341 796 541 847 agiteris„”
586 798 667 845 Jam
703 797 767 844 id,
796 799 898 845 quod
928 807 1078 837 nostrae
1113 801 1224 837 saluti
1260 801 1408 839 studea-

287 881 398 914 mus,
439 868 593 916 ponitur
625 868 662 905 in
696 878 918 917 praecepto:
962 897 987 916 „
1013 869 1126 906 Ames
1162 871 1315 908 alterum
1352 872 1408 909 uti

290 966 313 985 „
341 947 453 975 temet
481 938 576 985 ipse.
592 937 620 954 ’⁹
671 937 809 976 Ubivis
844 949 864 975 a
892 931 984 988 jesu
1014 939 1290 988 Apostolisque
1318 941 1407 979 haec

286 1010 467 1056 Φιλαιυτίοι
496 1007 674 1055 ponitur3
703 1018 785 1044 nam
824 1006 905 1046 sine
933 1019 973 1045 ea
1001 1009 1101 1046 nulia
1134 1009 1193 1046 vis
1223 1009 1292 1046 erit
1317 1021 1408 1058 poe-

284 1089 412 1116 narum
449 1077 559 1115 minis
584 1087 647 1115 aut
679 1077 924 1124 praemiorum
960 1078 1277 1126 promissionibus
1309 1079 1403 1129 (2).

285 1148 417 1196 Itaque
454 1149 625 1196 corporis
663 1148 757 1185 vires
808 1149 929 1195 alere,
983 1147 1118 1186 bonam
1161 1149 1257 1186 tueri
1305 1150 1404 1188 vale-

286 1217 451 1255 tudinem
496 1216 598 1267 (3)‚
650 1229 707 1255 res
747 1218 791 1256 ad
825 1219 917 1255 hanc
963 1218 1076 1255 vitam
1125 1220 1402 1257 sustentandam

284 1290 506 1326 necessarias
567 1287 755 1335 utilesque
783 1315 796 1333 ,
859 1288 897 1324 in
922 1334 926 1335 ⁷
948 1297 1118 1324 nostrum
1167 1288 1401 1336 aliorumque

286 1370 394 1396 usum
422 1369 549 1395 curare
577 1358 670 1406 (4),
724 1365 759 1394 et
793 1358 911 1394 multo
944 1357 1058 1405 magis
1090 1357 1202 1395 vitam
1235 1366 1402 1397 nostram

284 1439 505 1466 conservare
551 1427 760 1475 debemus;
817 1427 893 1464 vita
943 1426 1148 1465 necessaria
1193 1436 1274 1475 est,
1322 1437 1400 1465 non

285 1507 426 1536 tantum
461 1506 502 1535 ut
531 1497 696 1535 terrestri
734 1496 908 1536 felicitate
950 1497 1022 1535 frui
1061 1509 1282 1546 possemus,
1336 1487 1402 1537 sed

285 1569 393 1606 etiam
441 1576 483 1605 ut
539 1568 599 1605 hie
647 1577 795 1605 nosmet
836 1567 909 1615 ipsi
968 1567 1005 1605 in
1057 1569 1169 1605 vitam
1216 1577 1400 1607 aeternam

285 1649 559 1687 praeparemus.
612 1638 702 1675 Vita
740 1647 795 1675 est
822 1638 961 1675 donum
991 1639 1166 1676 creatoris
1206 1639 1327 1676 nostri
1359 1651 1400 1677 ac

285 1710 405 1748 Patris
455 1709 604 1758 optimi.
671 1709 835 1747 Tantum
881 1707 960 1745 vivi
997 1708 1105 1755 aliis,
1158 1709 1400 1757 parentibus,

283 1780 483 1828 cognatis,
535 1779 688 1825 amicis,
741 1778 877 1826 patriae
914 1779 980 1816 hac
1010 1778 1047 1816 in
1091 1788 1186 1816 terra
1224 1780 1401 1826 prodesse

284 1862 502 1898 possumus,
555 1850 670 1887 Arcet
705 1857 824 1887 autem
861 1849 991 1896 religio
1018 1858 1146 1887 nostra
1174 1860 1320 1887 omnem
1345 1849 1401 1898 ig.

1340 1930 1404 1956 na·

323 2000 375 2037 (ι)
396 1998 531 2033 Philipp.
555 1999 611 2026 lv.
635 2001 665 2028 a.
687 1999 760 2026 cou.
784 1998 892 2026 Manu.
917 1999 954 2026 v.
973 2001 1022 2034 4⁹·

324 2057 373 2093 ζαν
393 2057 485 2088 conf,
510 2055 635 2084 omnino
660 2063 730 2083 van
758 2054 921 2088 Tricht,
949 2054 1200 2089 Verkandeling,
1229 2062 1259 2089 p.
1281 2060 1343 2090 197.
1368 2054 1399 2082 in

287 2116 364 2151 Opp.
386 2113 546 2143 societatis
575 2115 706 2146 naganae
724 2112 792 2140 anni
816 2114 898 2148 ¹8³9·

323 2172 376 2208 (3)
397 2172 486 2207 Quod
502 2178 531 2200 e.
553 2179 582 2205 g.
602 2171 730 2198 docetur
750 2179 761 2200 1
784 2169 864 2198 Tim.
884 2170 922 2196 V.
947 2178 993 2202 23·

323 2227 375 2263 (4)
396 2227 476 2262 Eph.
497 2227 547 2255 lV.
567 2231 615 2256 28.
640 2236 650 2257 ι
674 2227 780 2254 Thess.
799 2227 849 2254 lv.
870 2233 921 2258 11,
941 2235 987 2255 12.
1011 2235 1025 2253 2
1044 2226 1150 2253 Thess.
1172 2226 1222 2252 ΧΠ.
1241 2229 1276 2257 8,
1292 2233 1341 2260 ’0,
1355 2234 1399 2254 12.

286 2286 325 2312 cf.
350 2284 465 2319 (ἶνας,
487 2283 516 2310 in
534 2282 609 2318 disp.
631 2283 732 2316 laud„
754 2291 784 2317 p.
799 2291 909 2318 4-ιτ,
