1507 2876
232 185 324 215 XIV

233 285 372 329 ticinia
385 283 586 341 quaedam
601 312 613 334 ‚
643 280 873 325 difficiliora
888 280 1255 335 Euangeliorum
1268 281 1340 326 lo·

234 370 308 409 ca,
340 355 485 399 diebus
502 354 642 406 lunae,
668 351 812 395 martis
831 357 870 393 et
887 349 1104 403 mercurii,
1136 350 1246 395 hora
1260 352 1336 398 IX.

295 434 586 487 Theologiam
620 429 923 484 dogmaticam
962 425 1130 469 docebit
1185 426 1340 472 [ΗΕ-

234 503 438 555 RINGA,
463 501 513 544 E.
531 499 581 543 F.
616 498 760 542 diebus
791 497 936 549 lunae,
965 497 1135 550 martis,
1164 497 1270 550 iovis
1300 505 1341 542 et

232 572 418 624 veneris,
447 570 552 613 hora
573 567 666 612 XII.

291 650 441 690 Colloc
430 646 671 688 titionibus
712 643 763 686 de
817 644 1094 698 Theologia
1114 647 1339 701 populari

232 717 397 762 vacabit
435 716 468 760 I.
487 713 769 762 HERINGA‚
788 712 839 757 E.
855 711 903 756 F.
947 712 1014 756 die
1049 712 1180 768 iovis,
1221 715 1338 799 horis

231 787 472 848 vespertinis
503 801 527 829 a
560 785 651 829 VII.
673 783 727 826 ad
742 783 816 827 IX.

286 863 719 922 DisquisitionibuS,
764 873 858 903 cum
894 859 1230 918 provectioribus
1266 862 1339 907 in-

231 935 473 987 stituendis,
521 931 761 992 probationi
796 931 1098 977 ecclesiastieae
1131 933 1336 991 praeviis,

226 1007 393 1052 vacabit
423 1001 825 1093 1.HER1NGA‚E
840 1001 891 1045 F.
925 1001 991 1046 die
1006 1003 1224 1059 mercurii,
1249 1003 1336 1049 ho-

228 1093 276 1122 ra
296 1077 390 1122 XII.

286 1155 561 1197 Doctrinam
586 1166 761 1193 morum
790 1151 1101 1193 Christianam
1123 1151 1182 1194 ita
1203 1151 1338 1196 doce-

228 1224 318 1278 bit,
357 1230 402 1267 ut
427 1223 472 1266 in
504 1220 757 1280 exponendis
791 1220 961 1275 Officiis
984 1223 1262 1265 Christianis·
1289 1225 1336 1266 et

227 1296 446 1338 Ascetica
487 1299 631 1351 pergat
665 1291 717 1335 H.
736 1291 768 1335 I.
788 1290 1140 1346 ROYAARDS,
1187 1293 1335 1338 diebus

228 1369 371 1418 lunae,
404 1364 547 1408 martis
583 1370 622 1407 et
653 1361 873 1415 mercurii,
904 1361 1010 1406 hora
1037 1363 1071 1407 I.

283 1445 513 1499 Praecepta
555 1443 815 1483 homiletica
868 1439 1008 1483 tradet
1062 1438 1096 1483 I.
1125 1439 1335 1486 HERIN-

230 1516 331 1567 GA,
354 1514 404 1558 E.
420 1513 469 1557 F.
500 1512 644 1556 diebus
672 1512 790 1554 lunae
820 1518 860 1555 et
883 1511 1014 1564 iovis,
1052 1510 1159 1556 hora
1186 1511 1302 1559 VIII.

283 1591 652 1634 Exercitationes
680 1591 907 1631 oratorios
939 1605 1098 1631 sacras·
1133 1589 1336 1634 modera-

228 1662 341 1706 bitur
379 1660 712 1712 LHERINGA,
731 1658 846 1703 E.F.
893 1659 960 1703 die
998 1659 1218 1715 mercurii,
1250 1661 1336 1706 ho-

229 1748 278 1776 ra
299 1733 350 1776 X.

293 1809 451 1863 Officia
473 1811 707 1850 doctorum
729 1817 772 1850 et
788 1810 1046 1851 antistitum
1060 1811 1106 1852 in
1121 1809 1336 1852 Ecclesia

232 1883 497 1923 Christiana
528 1885 704 1935 exponet
734 1878 1135 1932 1.HER1NGA,E.
1153 1878 1204 1924 F.
1243 1879 1336 1924 die-

230 1952 310 1995 bus
334 1949 477 1993 martis
507 1956 546 1992 et
569 1949 755 2002 veneris,
788 1949 893 1993 hora
914 1950 1027 1994 VIII.

287 2031 551 2070 Puerorum
589 2026 801 2071 doctrinae
832 2027 1094 2072 Christianae
1119 2031 1336 2072 erudiem-

233 2104 396 2143 doram
453 2097 784 2141 exercitationem
841 2099 1024 2142 instituet
1076 2099 1110 2144 Ι.
1128 2099 1337 2144 HERIN-

233 2172 332 2223 GA,
362 2169 476 2213 RF.
510 2168 575 2212 die
603 2169 787 2222 veneris,
820 2169 926 2213 hora
947 2171 1020 2215 XI.

291 2246 676 2299 Commilitonibus,
714 2250 942 2290 orationes
973 2246 1225 2292 habentibus
1255 2264 1339 2290 sa-

1210 2333 1335 2373 cras,
