1507 2876
267 259 312 284 12
491 239 1156 284 COMMENTATIO

261 365 326 400 ce,
343 352 433 401 quid
455 351 663 390 faciendum
692 358 816 396 esset,
833 359 876 388 ut
897 356 1050 402 καρποὺς
1075 356 1195 403 ἀξίους
1219 360 1284 400 τῆς
1306 373 1374 405 m·

260 426 403 468 τανοίας
438 421 672 470 proferrent,
722 420 999 469 interrogatus,
1038 423 1188 461 minime
1221 423 1266 463 iis
1299 425 1377 464 bel-

258 495 334 531 lurn
375 491 593 538 interdixit,
630 490 697 528 sed
731 491 926 539 stipendiis
968 503 1167 532 contentos
1200 505 1305 542 esse,
1336 505 1375 534 et

259 564 304 602 ab
350 562 563 601 hominibus
602 561 779 598 vexandis
818 562 1031 610 iniusteque
1067 564 1106 601 in
1138 576 1202 603 eos
1229 565 1371 614 agendo

258 633 444 672 abstinere
475 631 603 682 jussit.
681 630 811 668 Officia
859 633 1026 671 militaria
1063 645 1108 672 ex
1144 635 1256 683 hujus
1291 647 1374 673 sen-

253 703 368 742 tentia
402 712 478 739 non
522 711 725 749 repugnare
778 701 952 739 videntur
1006 703 1281 752 resipiscentiae
1331 717 1372 743 ac

254 773 396 822 pietati.
468 771 605 809 Paulus
639 778 739 808 certe
779 782 856 809 non
891 771 1050 810 militum
1085 773 1270 821 praesidio
1311 775 1376 812 ad-

253 853 384 880 versus
416 839 490 877 vim
528 851 620 878 usus
655 838 818 888 fuisset,
846 839 879 877 si
903 841 1010 878 talem
1035 853 1144 890 opem
1181 842 1372 881 habuisset

254 912 433 950 illicitam.
486 911 661 949 Attamen
690 909 793 948 dedit
819 922 966 958 operam
982 939 994 957 ‚
1020 921 1061 948 ut
1085 923 1105 948 a
1135 912 1172 949 vi
1192 912 1373 951 ‹munire-

252 992 314 1021 tur
352 981 438 1032 (1).
503 982 561 1019 De
598 991 637 1019 re
673 980 820 1018 militari
848 982 1030 1029 *exempla
1071 990 1183 1028 atque
1222 993 1373 1030 compa-

248 1053 411 1092 rationes
440 1052 629 1089 duxerunt
658 1051 770 1100 Jesus
803 1059 838 1088 et
874 1052 1037 1098 Paulus,
1080 1052 1146 1099 qui
1182 1061 1280 1090 certe
1310 1064 1370 1090 res

250 1132 377 1171 turpes
405 1122 449 1160 ad
473 1123 710 1159 honestarum
751 1123 916 1170 exempla
948 1121 1135 1159 actionum
1173 1132 1238 1160 aut
1269 1134 1372 1160 com-

250 1192 476 1240 parationem
495 1201 573 1228 non
597 1191 852 1229 adhibuissent
881 1191 964 1242 (2).
1018 1192 1098 1230 Iino
1120 1200 1250 1230 auctor
1269 1192 1370 1240 epis·

250 1264 348 1301 tolae
385 1262 431 1299 ad
478 1261 667 1299 Hebraeos
721 1260 922 1298 celebravit
974 1261 1212 1308 Gideonem‚
1262 1262 1371 1300 Bara-

247 1344 357 1378 cum,
385 1333 656 1379 Sampsonem,
689 1330 877 1379 Jepthen‚
920 1331 1124 1379 Davidem,
1163 1332 1368 1381 praeclaros

248 1404 377 1441 herotis
395 1431 407 1449 ,
436 1413 640 1449 eorumque
672 1400 781 1438 animi
819 1400 1074 1438 fortitudinem
1108 1402 1277 1440 attribuit
1306 1405 1366 1443 πί-

248 1491 351 1521 στει,
379 1482 482 1512 antea
509 1470 579 1522 (3)
605 1471 810 1519 descriptae
836 1470 1139 1519 christianisque
1179 1483 1368 1510 commen-

250 1546 368 1584 datae.

1156 1615 1159 1618 ¹
1216 1632 1218 1634 ,
1251 1592 1369 1643 Quid-

285 1667 338 1706 (ι)
357 1669 425 1696 Act.
451 1667 560 1695 XXIII.
579 1672 629 1698 23.
654 1672 708 1698 31,
730 1672 777 1699 32·
799 1665 834 1692 ad
859 1671 950 1698 quern
973 1664 1075 1691 Iocum
1104 1662 1144 1691 cf.
1173 1663 1355 1696 Grotius,

250 1728 365 1754 Annot.
388 1725 423 1753 ad
441 1725 548 1753 Matth.
571 1724 607 1751 V.
624 1729 672 1759 40.
690 1730 720 1756 p.
744 1730 796 1758 ¹97
825 1728 856 1749 et
875 1721 909 1748 de
926 1721 961 1757 J.
974 1721 1013 1748 B.
1033 1726 1065 1746 et
1081 1723 1137 1755 P„
1162 1720 1219 1748 lib.
1233 1720 1259 1748 1.
1278 1727 1305 1747 c.
1321 1720 1361 1749 11.

268 1801 277 1811 .
307 1791 343 1817 7,
371 1789 414 1809 tt.

247 1783 263 1819 s
284 1837 337 1876 (ε)
358 1839 430 1867 Luc.
453 1840 532 1867 XIV.
551 1847 608 1872 31,
627 1847 677 1871 32·
705 1847 721 1866 2
739 1835 819 1863 Tim·
841 1835 895 1862 IV.
919 1845 946 1864 2.
977 1835 1017 1864 εἴ.
1039 1835 1164 1862 omnino
1190 1833 1362 1863 Henrici

243 1895 512 1924 Constantini
541 1896 654 1929 Cras,
681 1894 855 1929 disputatio
883 1900 940 1926 qua
969 1893 1208 1928 demonstratur,
1238 1894 1360 1920 nullum

247 1954 280 1980 in
305 1952 421 1980 Ethica
449 1953 632 1979 Christiana
659 1956 858 1986 praeceptum
885 1958 969 1981 esse,
994 1959 1049 1985 quo
1075 1957 1107 1977 et
1137 1951 1256 1986 singuli
1280 1951 1360 1979 cives

245 2012 282 2039 in
304 2009 459 2037 commodis
484 2010 547 2037 suis
571 2008 752 2044 sequendis,
778 2013 809 2034 ot
831 2007 988 2042 principes
1009 2008 1042 2034 in
1065 2009 1224 2043 republica
1252 2017 1359 2036 secun-

245 2068 314 2096 dum
336 2068 481 2102 politices
510 2067 634 2102 regulas
662 2064 910 2095 administranda
925 2083 936 2097 ,
951 2064 1184 2099 impediantur,-
1206 2073 1281 2100 quae
1301 2065 1359 2094 dis-

244 2123 363 2160 putatio
389 2122 523 2158 praemio
555 2130 658 2150 ornata
684 2121 840 2149 invenitur
864 2120 894 2148 in
924 2121 999 2156 Opp.
1026 2129 1042 2148 a
1065 2121 1254 2150 curatoribus
1285 2125 1363 2151 stol-

245 2181 330 2218 piani
349 2179 448 2213 Legati
467 2179 556 2208 editis
570 2179 605 2207 (Ιε
624 2189 736 2206 marum
755 2179 897 2206 doctrina
920 2178 1104 2205 Christiana
1124 2178 1161 2207 Τ.
1176 2179 1229 2206 Iv.
1250 2177 1356 2213 ibique

248 2247 280 2272 p.
306 2240 353 2271 67.
379 2236 445 2265 »id-
467 2244 498 2263 et
519 2236 740 2270 Get-hardi,
763 2236 827 2264 1.1.
852 2243 887 2270 p.
907 2236 981 2270 818,
1007 2238 1073 2270 8¹9·

288 2294 340 2331 (3)
359 2296 396 2323 C.
424 2294 476 2322 XI.
508 2301 631 2328 ,γι-34.
660 2292 708 2319 cff.
736 2292 1043 2326 Mosheim,1.1‚
1065 2300 1094 2326 p.
1112 2298 1178 2324 271.
1212 2300 1241 2320 et
1266 2296 1358 2322 Cras

250 2351 279 2380 in
307 2351 418 2385 disput.
439 2350 518 2378 laud.
544 2358 572 2384 p.
590 2357 638 2383 4]-
