1564 2750
358 163 430 200 140
495 153 750 194 COMM.
805 150 1311 193 LITERARIA.

348 262 436 299 anni
471 273 583 309 vere,
610 261 894 301 Atheniensium
915 261 1025 300 classi
1050 262 1259 310 praefectus
1286 269 1386 309 erat,
1411 272 1454 300 ac

348 332 572 380 Leotychidi
600 333 805 379 Spartano,
834 331 951 369 totius
982 331 1210 370 Graecorum
1236 330 1366 370 classis
1387 331 1456 369 du-

346 405 380 438 ci
396 430 410 449 ,
424 414 505 439 sese
517 403 743 451 adjunxerat.
772 401 1101 439 Commorantibus
1111 401 1169 439 his
1187 401 1231 438 ad
1243 401 1421 448 Aeginam
1437 426 1451 447 ‚

346 472 412 510 ubi
442 472 641 510 maritimae
671 472 898 510 Graecorum
929 471 1057 519 copiae
1082 469 1377 519 colligebantur,
1404 480 1450 507 eo

343 549 524 579 venerunt
565 541 671 589 legati
711 551 756 579 ex
787 537 919 582 Ionia,
972 540 1039 587 qui
1083 539 1241 588 primum
1285 539 1452 587 Spartam

340 611 531 660 profecti,
561 611 644 648 inde
677 622 761 648 sese
795 611 838 648 ad
871 610 1077 647 classiarios
1107 610 1365 655 contulerant,
1393 617 1454 644 ro-

341 689 464 730 gatum
504 689 545 718 ut
584 681 622 718 in
665 680 802 718 Ioniam
843 680 1072 727 navigarent.
1131 680 1182 716 At
1207 688 1284 716 non
1320 685 1453 725 potue-

340 759 429 789 runt
469 751 560 798 ipsis
602 750 849 798 persuadere,
903 757 945 786 ut
987 749 1082 786 ultra
1114 748 1248 786 Delum
1278 746 1453 795 procede-

338 829 447 867 rent,
476 829 554 858 tum
584 828 740 868 propter
774 820 943 857 locorum
978 816 1252 867 ignorantiam,
1288 824 1368 854 tum
1397 813 1449 853 ob

339 889 506 927 hostium
533 898 687 928 metum.
735 889 796 938 *Hi
828 900 917 927 vero
942 887 1081 926 infelici
1107 886 1306 926 Salaminio
1341 896 1452 935 proe-

338 960 389 998 lio
421 960 634 1008 perterriti,
662 970 740 997 non
773 959 868 997 ultra
901 959 1050 997 Samum
1087 955 1440 1006 progrediebantur:

338 1031 425 1071 οὕτω
456 1032 526 1075 δέος
561 1033 602 1071 τὸ
637 1032 742 1079 μέσον
777 1030 966 1078 ἐφύλασσέ
998 1033 1118 1078 σφεων
1157 1027 1240 1076 (1).
1305 1025 1448 1063 Interea

338 1099 445 1149 legati
473 1111 492 1137 c
514 1096 623 1137 Samo
660 1100 751 1136 clam
792 1098 913 1136 Persis
944 1099 1077 1135 Delum
1109 1095 1293 1143 veniunt,
1331 1094 1450 1134 Grae·

337 1171 467 1216 cisque
501 1169 697 1215 nuntiant,
749 1168 887 1214 Iones,
935 1167 1137 1205 dummodo
1173 1177 1237 1203 eos
1269 1165 1442 1210 videant,

336 1250 356 1276 a
400 1237 503 1286 Rege
541 1237 753 1275 defecturos
791 1247 899 1284 esse,
953 1235 1092 1283 quibus
1139 1235 1248 1273 dictis
1285 1233 1445 1283 permoti

335 1308 415 1345 vela
450 1306 591 1344 faciunt
615 1305 700 1355 (2).
756 1305 885 1343 Persae
926 1317 1038 1352 vero,
1067 1305 1190 1342 audita
1215 1306 1445 1343 Graecorum

334 1378 372 1415 in
410 1388 450 1414 se
485 1376 752 1423 expeditione,
805 1385 885 1413 sese
930 1375 974 1413 ad
1012 1374 1186 1423 Mycalen
1226 1382 1448 1422 promonto-

333 1447 426 1484 rium
452 1446 660 1493 recipiunt,
691 1453 765 1482 erat
795 1444 890 1482 enim
915 1443 967 1481 ibi
993 1443 1199 1492 exercitus,
1219 1455 1330 1491 quem
1352 1443 1444 1481 Xer-

335 1528 400 1554 xes
427 1515 552 1554 Ioniae
587 1514 850 1552 custodiendae
877 1525 1008 1551 caussa
1043 1513 1081 1550 in
1113 1513 1328 1551 continente
1360 1511 1445 1550 reli-

337 1595 492 1634 querat3
546 1585 703 1627 deinde,
753 1596 867 1631 quum
898 1583 1227 1622 animadverterent
1252 1593 1295 1621 se
1322 1582 1444 1621 navali

335 1655 480 1704 proelio
515 1654 671 1702 impares
699 1651 810 1698 fore,
850 1653 1008 1691 navibus
1043 1653 1236 1691 subductis
1268 1653 1442 1701 valloque

335 1725 514 1771 munitis,
553 1736 593 1762 se
634 1732 730 1761 terra
772 1721 968 1761 defendere
1009 1722 1134 1760 conati
1169 1731 1273 1762 sunt.
1337 1724 1444 1773 Quae

335 1806 393 1832 res
427 1796 518 1832 male
539 1793 612 1831 illis
638 1793 773 1841 cessit3
803 1804 962 1841 namque
986 1801 1074 1841 post
1091 1792 1304 1831 acerrimum
1332 1804 1444 1842 proe-

334 1865 424 1902 lium
471 1873 508 1901 et
546 1862 740 1901 maximam
784 1863 1027 1901 Barbarorum
1076 1874 1257 1912 stragem,
1309 1863 1444 1903 Graeci

333 1945 446 1973 naves
476 1934 688 1981 vallumque
716 1934 938 1980 incendunt,
969 1942 1080 1981 atque
1105 1933 1191 1972 inde
1216 1934 1439 1975 avehuntur.

331 2004 602 2042 Excelluerunt
636 2012 714 2040 tum
741 2003 894 2041 maxime
918 2003 1168 2042 Athenienses
1194 2004 1290 2055 (3),
1316 2015 1441 2054 eoque

1331 2085 1441 2124 proe-

371 2136 423 2175 (ι)
444 2138 558 2167 Herod.
580 2138 658 2166 VIII.
677 2145 743 2172 cap.
766 2145 927 2174 nso—132.
949 2152 985 2160 -
1005 2139 1099 2168 Diod.
1120 2139 1179 2168 Sic.
1199 2139 1251 2169 XI.
1267 2146 1334 2176 cap.
1352 2147 1402 2175 34.

370 2193 421 2232 (a)
443 2195 559 2222 Herod.
581 2194 632 2222 IX.
652 2202 719 2229 cap.
742 2201 869 2232 90-92.
890 2207 931 2216 ·—
949 2195 1044 2224 Diod.
1069 2197 1126 2225 sic.
1147 2198 1170 2226 1.
1193 2204 1222 2226 c.

370 2250 423 2288 (3)
442 2250 567 2280 Minime
591 2250 672 2280 enim
697 2251 862 2281 audiendus
890 2261 933 2281 est
959 2252 1110 2289 Jusdnus,
1139 2252 1191 2287 qui
1216 2252 1285 2282 Lib.
1306 2253 1345 2282 11.
1371 2260 1439 2288 cap.

1395 2318 1439 2345 ¹4·
