1502 2767
168 202 211 237 18
386 185 1044 234 COMMENTATIO

167 307 274 346 facile
312 305 396 354 quis
425 311 514 352 post
547 298 832 340 Reinhardi
867 307 905 336 et
947 293 1274 346 Planckiio)

170 388 316 426 operam
342 373 553 423 negaverit,
581 381 691 409 unam
715 369 889 407 novimus
919 367 1183 407 Christianam.
1212 367 1274 405 Ab

171 448 238 485 hac
256 475 269 494 ‚
298 444 392 495 (nisi
409 443 520 492 Jesus
549 441 725 479 Christus
745 438 842 477 forte
866 438 1076 487 putaverit,
1105 437 1276 475 homines

169 517 217 554 ‘ad
251 525 364 554 unum
403 523 557 559 omnes,
593 518 682 559 post
721 520 825 548 suam
852 509 1100 547 introductam
1133 507 1283 556 religio-

170 596 254 623 nem
273 613 286 631 ‚
313 583 384 622 fide
411 582 516 631 quasi
547 582 699 619 stimulo
723 588 851 626 act05,
878 579 1079 628 perfectam
1102 580 1279 617 virtutem

175 664 442 702 assecuturos;
473 653 575 700 quod
597 662 707 689 nemo
730 649 836 688 facile
871 650 1054 698 dixerit),
1081 648 1125 687 ab
1149 648 1286 687 Ethice

176 723 418 770 Christiana,
447 734 541 770 quae
583 721 753 759 homines
780 720 927 768 quidem
953 720 991 757 in
1015 717 1284 768 perfectionem

174 795 347 832 moralem
383 792 482 839 niti,
526 800 696 838 tanquam
724 790 863 838 finem,
901 789 1034 839 Jubet,
1062 800 1130 827 nec
1166 798 1288 826 tamen

176 863 377 912 perfectam
409 874 531 900 rerum
570 862 810 898 humanarum
851 859 1101 898 conditionem
1148 857 1291 907 perfec-

180 945 319 981 tosque
351 933 424 970 sibi
455 931 624 969 homines
657 931 885 979 proposuit3
915 929 948 968 si
979 938 1176 978 quaeratur
1215 930 1294 968 bel-

177 1005 254 1041 lum
293 1003 483 1040 licitumne
523 1002 573 1039 sit
605 1012 651 1038 an
680 1001 832 1049 minusg.
869 1009 906 1038 et
938 1000 970 1038 si
1000 1000 1111 1039 simul
1146 999 1292 1038 aliunde

180 1081 327 1112 constet
357 1072 496 1110 bellum
535 1070 662 1109 evitari
698 1081 775 1108 non
811 1082 950 1119 posse,
976 1071 1058 1119 jure
1085 1070 1297 1118 meritoque

182 1154 428 1191 auguramur,
468 1140 621 1180 Ethices
656 1139 891 1179 Christianae
919 1140 1124 1178 doctrinam
1155 1140 1296 1178 bellum

182 1213 325 1252 licitum
359 1213 634 1250 declaraturam.

224 1285 379 1322 Bellum
395 1291 518 1320 autem
540 1292 665 1319 revera
685 1292 754 1328 pro
775 1281 842 1318 hac
866 1280 1060 1318 hominum
1082 1279 1299 1318 conditione

189 1353 400 1391 inevitabile
436 1363 545 1399 esse,
595 1359 757 1399 quatuor
792 1349 1033 1398 potissimum
1070 1348 1298 1398 argumentis

190 1423 351 1461 breviter
388 1420 744 1470 comprobabimus:

246 1492 306 1540 1.)
332 1492 521 1539 Primum,
569 1481 672 1539 quod
707 1489 927 1538 Philosophi
975 1488 1107 1527 afferre
1152 1491 1303 1537 solent,

192 1563 331 1611 petitur
357 1573 402 1600 ex
431 1562 510 1609 ipsa
546 1560 674 1599 mundi
709 1569 839 1598 natura
869 1568 905 1597 et
937 1559 1164 1601 conditione.

246 1632 309 1680 2.)
338 1633 508 1670 Alterum
540 1631 712 1677 sequitur
739 1642 784 1668 ex
829 1629 1008 1668 hodierna
1046 1629 1191 1677 generis
1238 1630 1307 1668 hu-

196 1703 294 1741 mani
331 1704 527 1750 depravata
558 1700 792 1739 conditione.

254 1774 315 1822 3.)
344 1773 513 1810 Tertium
552 1783 596 1810 ex
627 1772 853 1820 populorum
881 1770 1006 1808 indole
1030 1778 1066 1807 et
1086 1769 1248 1818 ingenio.

251 1847 315 1892 4.)
341 1844 526 1882 Ultimum
562 1841 722 1890 denique
754 1853 799 1879 ex
823 1841 960 1879 frustra
997 1839 1174 1878 adhibitis
1201 1850 1311 1878 cona-

202 1916 302 1953 tibus
330 1915 508 1961 illorum,
544 1913 610 1961 qui
641 1923 769 1961 pacem
793 1912 994 1950 voluerunt
1014 1917 1246 1960 perpetuam.

241 2048 293 2085 (ι)
313 2040 405 2082 Legg'.
429 2046 648 2079 Reinhard,
689 2046 771 2073 Plan
801 2053 860 2072 van
888 2043 944 2070 den
978 2042 1111 2071 stt'cbter
1133 2042 1183 2070 des
1212 2042 1316 2071 Chris-

208 2106 350 2134 tendoms.
379 2106 417 2133 G.
439 2105 470 2142 J.
488 2103 660 2137 Nauck,
692 2100 956 2136 Geschiedkundig
975 2101 1079 2134 bewijr
1096 2108 1168 2129 voor
1184 2099 1219 2127 ele
1240 2099 1319 2126 God-

204 2163 376 2197 delijkkaid
391 2163 440 2190 des
459 2159 743 2196 clu-istendoms,p.
767 2165 926 2189 100—121.
944 2152 990 2186 Τί
1003 2156 1184 2197 ttman,in
1202 2157 1316 2193 opusc.

209 2220 249 2248 T.
272 2221 295 2248 i.

1227 2333 1316 2381 §.2.
