1502 2767
396 204 989 250 THEOLOGICA.
1183 220 1255 260 127

148 318 281 372 populi
305 320 500 368 tyrannide
526 320 817 369 opprimuntur,
853 321 913 359 vel
938 319 1063 370 pravis
1084 319 1259 369 legibus,

150 390 290 440 quibus
313 399 390 427 non
417 389 584 427 omnium
606 390 705 428 salus
735 399 1025 437 promoveatur,
1053 389 1263 437 gubernen-
1324 403 1330 409 ·

148 469 237 508 tur,
263 458 522 507 similiaque,
563 471 658 506 quae
689 460 727 497 in
758 459 951 497 hominum
991 461 1083 498 male
1122 468 1264 499 morata

146 529 363 569 conditione
383 540 513 567 causas
536 528 674 567 habent
694 529 788 579 (ι),
817 528 1052 577 probantque
1076 540 1140 566 eos
1163 540 1266 567 amo-

152 600 225 648 ris,
259 599 451 650 justitiae,
488 599 684 648 aequitatis
722 610 849 648 parurn
887 599 1066 637 rationem
1105 598 1264 646 habere,

151 670 342 720 dignitatis
375 665 520 718 generis
552 669 704 708 humani
737 670 839 707 nulla
876 669 1035 707 notione
1071 668 1264 717 imbutos,

151 752 230 779 non
257 742 302 780 ad
334 741 446 779 alium
477 739 587 778 finem
624 740 771 778 tendere
791 767 804 787 ,
830 751 939 787 quam
976 747 1045 786 ut,
1073 737 1268 787 qualicun-

154 824 229 861 que
265 811 374 850 etiam
411 810 583 858 ratione,
631 809 802 849 sensibili
830 809 1017 858 voluptati
1056 807 1272 858 cupiditati-

155 881 306 930 busque
343 880 573 929 indulgeant.

203 951 261 990 Ut
283 951 353 989 hae
385 958 475 987 sunt
511 949 694 986 bellorum
731 959 889 996 causae,
929 948 980 987 ita
1020 949 1268 989 deterioribus

153 1019 348 1070 principiis
382 1028 419 1056 et
452 1017 616 1056 atrocius
667 1018 790 1056 eadem
826 1027 1029 1067 gerentur,
1083 1031 1161 1068 quo
1200 1020 1272 1059 ho-

156 1089 275 1135 mines
311 1088 526 1126 rudioribus
568 1089 729 1137 gaudent
771 1089 969 1138 moribus,
1020 1091 1197 1131 sensibus
1235 1100 1275 1132 et

155 1159 282 1209 pravis
311 1157 424 1196 animi
453 1157 652 1196 affectibus
685 1158 946 1208 abripiuntur,
973 1161 1128 1200 rationis
1155 1160 1277 1202 domi-

156 1230 260 1267 nium
276 1229 447 1278 rejiciunt
463 1254 476 1276 ‚
503 1228 603 1276 irae,
631 1228 842 1277 vindictae,
868 1228 1013 1279 furori,
1046 1232 1133 1270 odio
1151 1232 1276 1272 indul-

160 1310 276 1349 gent3
302 1299 464 1346 verbo,
506 1310 583 1347 quo
607 1298 732 1338 minus
769 1300 866 1338 bene
901 1301 947 1339 de
971 1301 1165 1342 hominum
1195 1304 1277 1353 dig-

161 1370 280 1409 nitate
317 1369 484 1407 sentiunt
525 1377 564 1407 et
601 1369 719 1418 magis
754 1371 850 1408 male
896 1371 1028 1409 morati
1063 1372 1179 1422 Sunt,
1231 1386 1277 1414 eo

161 1440 270 1489 plura
309 1451 391 1478 esse
431 1439 527 1477 bella
563 1440 765 1487 eademque
802 1441 1040 1489 pravioribus
1076 1445 1279 1494 consiliis,

161 1509 357 1564 principiis
393 1518 430 1548 et
463 1510 626 1548 atrocius
661 1521 738 1548 non
774 1519 891 1559 posse
941 1522 1020 1550 non
1071 1514 1173 1563 geri,
1237 1523 1280 1554 ut

162 1581 245 1630 ipsa
279 1580 333 1619 rei
367 1579 489 1628 ratio,
516 1579 567 1618 ita
603 1580 763 1618 historia
798 1582 923 1620 docet.

214 1650 320 1701 Quid
344 1659 467 1690 autem
493 1659 579 1696 est,
634 1650 737 1699 quod
774 1650 944 1689 homines
977 1651 1110 1690 melius
1135 1650 1280 1693 'sentire

163 1721 256 1761 facit
289 1729 327 1759 et
348 1722 578 1759 ,moratiores
609 1721 759 1759 reddit?
788 1722 880 1760 Non
902 1721 1173 1771 Philosophia,
1199 1734 1278 1762 non

161 1799 288 1838 artes,
327 1801 405 1828 non
429 1791 578 1839 literae;
619 1802 702 1829 nam
719 1819 733 1839 ,
775 1802 824 1830 ne
859 1785 1003 1839 dicam,
1042 1793 1176 1831 horum
1202 1803 1283 1833 stu·

152 1862 268 1915 ‚dium
306 1869 450 1899 tantum
491 1862 537 1900 ad
575 1861 822 1910 paucissimos
859 1863 1067 1911 pertinere,
1124 1864 1282 1904 historia

164 1931 359 1981 gentium,
388 1943 482 1980 quae
510 1931 556 1970 ab
584 1931 817 1982 humanitate
845 1934 1007 1972 nominis
1029 1934 1280 1975 celebritatem

1135 2030 1140 2047 ς
1199 2016 1284 2045 nae·

194 2125 263 2164 -<1)
283 2126 349 2156 Cfr.
379 2133 455 2161 quae
487 2126 607 2161 scripsit
630 2134 803 2158 vener.,v.
833 2128 865 2155 d.
895 2128 1064 2163 Woude,
1099 2127 1131 2157 in
1156 2129 1286 2167 mario,

177 2183 411 2213 Lettcrlievend
427 2184 680 2220 Maandschrn'ft,
706 2184 798 2213 Tom.
811 2184 911 2213 XVII.
932 2192 1001 2219 pars
1018 2193 1049 2220 4.
1071 2187 1141 2214 Bas
1153 2188 1286 2225 edow,

171 2239 207 2267 in
233 2240 418 2269 ‘Pvacetszshe
458 2240 652 2277 Philosophte
676 2241 739 2276 far
771 2242 834 2268 ane
867 2242 1024 2276 standan,
1061 2250 1091 2270 α.
1120 2227 1181 2272 ἰ’-ὴ.
1218 2244 1289 2277 seir.

175 2294 586 2334 aoeiss-z-sovMosheim,
607 2298 774 2334 Zedeleer,
795 2298 887 2327 Toms
910 2299 976 2327 VH.
999 2295 1031 2336 ξ’.
1055 2283 1178 2333 13-r6.
1212 2285 1217 2288 ²
