1538 2689
529 114 877 156 ME=D1c-A‚
1233 126 1282 166 ις

170 226 516 281 ejusquevaginam
536 233 573 264 et
595 232 718 274 partes
742 222 1028 268 circumdantes.
1049 222 1282 271 Coagulum

167 299 253 339 inde
273 305 408 341 -ortum
441 306 555 345 supra
585 303 624 334 et
650 295 744 334 infra
767 303 973 345 aperturam
996 304 1064 343 per
1091 293 1188 332 duos
1222 294 1286 332 vel

167 367 423 418 trespollices'
438 378 479 405 se
498 365 747 414 extendebat;
771 365 938 406 'crassius
963 363 1284 407 verojsecundum

164 437 643 487 alios:supra„,apetturam.
670 436 850 477 Celeriter
862 433 1062 478 ,oriebatur
1086 420 1282 472 exsudatio

162 507 340 558 ⁴lymphae
369 506 543 557 plasticae
564 517 609 545 ex
632 504 1038 555 parietibusarteriae,
1066 514 1162 552 quae
1182 504 1287 543 clau-

159 576 293 616 ·debat:
310 576 553 627 etujungebat
576 584 782 624 aperturam
817 584 887 623 et,⁴
907 574 1019 617 sicuti
1049 573 1096 619 inv
1117 573 1285 623 partibus

161 647 345 687 mollibus
362 647 573 694 fierlsolet,
589 645 816 685 cicatrisatio-
829 644 1015 684 oriebatur
1028 643 1114 696 (Ι).
1138 642 1284 682 Eodem

167 718 299 756 modo'*
316 727 364 756 ex
395 715 908 764 circumdantibuspartibus
929 715 1102 770 lymphae
1132 713 1287 760 exsuda-

169 788 233 826 tio
253 788 378 826 locum
391 786 587 827 habebat-z.
615 786 784 827 Necesse
805 794 930 826 autem
954 792 1036 831 est,
1063 792 1105 822 ut
1127 783 1166 821 in
1185 793 1289 822 men-

171 866 246 896 tem
267 868 513 905 revocemus,
539 865 718 905 quantum
738 856 799 894 hic
819 854 1014 893 elasticitas
1049 861 1087 891 et
1118 861 1288 899 contrac-

169 927 225 966 tio
270 927 484 966 arteriarum
523 927 693 974 valeant3
743 935 826 962 narn
841 952 855 971 ‚
903 923 938 961 si
978 922 1090 961 laesio
1125 921 1289 971 longitu-

166 996 300 1036 dinalis
338 1005 415 1034 non
457 995 567 1033 nimis
603 1004 735 1042 magna
770 993 848 1040 sit,
871 993 944 1043 jam
981 992 1055 1031 illis
1083 990 1163 1030 fere
1181 1002 1288 1040 aper·

169 1074 253 1104 tura
294 1064 480 1104 clauditur
512 1064 608 1114 (2);
659 1063 800 1102 scilicet
840 1062 998 1112 parietes
1035 1061 1082 1100 ad
1117 1070 1286 1100 centrum

166 1142 341 1184 vergunt.
400 1133 463 1173 Sic
498 1133 656 1181 accidit,
695 1142 764 1181 ut,
802 1132 906 1174 brevi
947 1132 1126 1181 temporis
1162 1130 1288 1180 spatio

168 1212 285 1254 post,
331 1203 394 1244 vix
440 1204 631 1253 possimus
670 1213 898 1252 cognoscere
941 1202 1102 1241 laesonis
1142 1200 1288 1240 cicatri-

164 1286 261 1313 cem.
654 1275 660 1281 ”
696 1279 698 1281 “

215 1345 382 1383 Vulnera
425 1342 682 1382 transversalia
723 1341 909 1380 difficilius
938 1348 1145 1387 sanantur,
1173 1351 1284 1388 quam

166 1414 445 1465 longitudinalia
462 1442 475 1462 ,
503 1413 590 1462 quia
622 1412 791 1462 priorum
813 1424 878 1450 ora
913 1404 1027 1460 tnagis
1070 1410 1282 1449 dehiscunt.

167 1485 209 1523 Si
234 1493 366 1523 contra
397 1484 458 1522 illa
487 1484 641 1522 vulnera
668 1482 924 1520 transversalia
946 1491 1024 1519 non
1047 1480 1158 1520 nimis
1186 1491 1287 1528 mag-

168 1566 217 1594 na
229 1564 317 1595 sunt
330 1583 344 1603 .,
354 1563 397 1593 ut
408 1552 902 1603 longitudinalia-sanantur3
917 1552 985 1590 sed
999 1562 1042 1588 ex
1055 1549 1286 1599 experimen-

167 1625 217 1663 tis
248 1633 373 1674 patet,
398 1624 432 1662 si
452 1625 591 1662 vulnus
623 1632 880 1661 transversum
905 1620 1058 1659 arteriae
1085 1620 1208 1669 ipsius
1227 1620 1286 1657 di-

167 1696 281 1735 midio
317 1695 436 1745 majus
474 1702 564 1740 est,
623 1692 881 1731 difficillimam
911 1702 994 1729 esse
1038 1691 1283 1730 sanationem.

165 1766 336 1814 Coagula
375 1764 566 1812 sanguinis
607 1763 825 1812 temporaria
875 1761 1041 1800 habenda
1086 1769 1174 1799 sunt
1191 1789 1205 1808 ‚
1242 1763 1299 1798 et'

169 1835 297 1884 pro-uti
327 1836 482 1884 coagula
509 1834 709 1883 lymphae,
735 1832 997 1871 absorbentur.
1051 1832 1094 1870 In
1121 1832 1285 1870 vulneri-

168 1905 241 1943 bus
258 1933 272 1953 ‚
295 1914 334 1944 et
351 1903 668 1955 longitudinaliter
679 1912 718 1941 et
740 1902 1033 1941 transversaliter
1059 1901 1281 1951 productis,

1200 1983 1283 2018 per-

207 2068 262 2106 (ι)
278 2070 408 2098 Trew.
427 2070 550 2097 Aneur.
581 2068 680 2104 Spar..
702 2067 778 2094 hist.
798 2073 830 2095 et
859 2076 927 2096 cur.
958 2069 1000 2096 im
1030 2068 1178 2104 Lauth,
1199 2069 1282 2097 coll.

167 2134 205 2160 p.
225 2129 290 2160 562.

204 2182 261 2219 (2)
280 2183 307 2218 J.
331 2183 432 2217 Betl,
452 2183 564 2210 Princ.
584 2182 778 2218 assurget-y.
