1564 2750
439 146 941 196 LITERARIA.
1188 158 1238 205 ⁶5

405 362 970 406 SECTIOII.

322 524 441 557 v1R1
493 528 1058 558 CHARACTERISMUSa

450 669 921 698 W

623 788 659 838 ς.
715 801 750 828 ι.

513 932 684 984 Corporis
713 933 860 981 forma.

179 1073 389 1141 Enarratis
434 1099 508 1148 iis,
560 1111 654 1148 quae
696 1101 741 1139 de
785 1100 937 1140 Periclis
976 1101 1052 1141 vita
1087 1099 1239 1141 dicenda

129 1178 257 1218 erant,
306 1179 405 1207 nunc
443 1177 670 1208 transeamus
709 1170 755 1209 ad
788 1171 949 1218 alterum,
976 1181 997 1208 a
1034 1170 1240 1210 Nobilissi-

131 1251 190 1278 ma
222 1240 411 1278 Facultate
449 1248 646 1288 rogatum;
674 1248 711 1277 et
744 1240 789 1278 de
820 1241 900 1290 eJ'us
936 1240 1075 1290 ingenii
1111 1241 1239 1280 animi·-

132 1321 207 1358 que
239 1309 392 1348 dotibus
420 1320 586 1358 agamus.
637 1309 766 1360 Quum
796 1318 916 1348 autem
947 1311 1050 1349 hicce
1076 1312 1238 1351 Charac-

130 1378 304 1418 terismus
335 1378 376 1416 id
407 1378 561 1416 maxime
592 1377 734 1417 efficere
766 1379 924 1426 debeat,
973 1389 1016 1419 ut
1048 1381 1235 1420 hominem

128 1447 250 1496 ipsum
284 1448 395 1486 nobis
427 1455 722 1495 representemus
753 1459 794 1487 ac
827 1450 933 1496 quasi
966 1451 1087 1489 oculis
1118 1451 1237 1502 subji-

129 1517 291 1567 ciamus;
317 1528 407 1566 age,
437 1517 600 1555 dicamus
634 1517 791 1566 primum
831 1520 1085 1574 quaedamKde
1117 1530 1236 1559 exter-

127 1599 174 1627 na
203 1589 284 1638 ejus
315 1587 410 1627 facie
439 1599 479 1626 ac
511 1588 680 1637 corporis
713 1587 844 1637 figura,
897 1589 1025 1637 Atque
1053 1598 1130 1627 erat
1153 1590 1236 1639 qui-

128 1659 210 1698 dem
253 1658 387 1707 reliqui
422 1658 595 1708 corporis
630 1657 750 1696 forma
788 1657 956 1706 decenti,
1010 1672 1137 1698 verum
1176 1672 1235 1699 ca-

127 1738 198 1778 put
226 1728 334 1767 nimis
370 1728 575 1776 oblongum
607 1735 710 1774 erat,
738 1738 805 1765 nec
839 1740 925 1766 cum
956 1729 1087 1767 ceteris
1123 1741 1235 1768 mem-

123 1799 208 1845 Vbris
244 1797 487 1848 congruebat.
540 1797 789 1846 Quamobrem
826 1797 1004 1846 plurimas
1036 1800 1117 1849 ejus
1147 1800 1234 1839 ima·

128 1870 234 1920 gines
268 1869 369 1918 galea
401 1877 517 1906 tectas
558 1867 702 1915 fuisse,
753 1867 864 1906 nobis
901 1876 1057 1906 testatur
1091 1870 1235 1908 Plutar-

127 1941 221 1979 chus
248 1940 335 1990 (1).
401 1938 599 1988 Ejusmodi
633 1938 785 1978 Periclis
824 1938 962 1987 imago·
984 1938 1168 1986 reperitur
1192 1940 1231 1978 in

127 2011 267 2050 Museo
302 2009 560 2056 clementino,
599 2019 753 2056 eamque
779 2008 973 2046 Dacierius
997 2009 1234 2047 Plutarcheae

127 2079 275 2119 Periclis
297 2079 432 2126 Vitae,
464 2091 484 2117 a
508 2090 548 2116 se
577 2077 617 2115 in
647 2077 862 2116 Francicum
895 2087 1098 2117 sermonem
1141 2089 1232 2116 con·

1146 2152 1229 2186 ver-

165 2224 216 2261 (1)
236 2226 314 2254 Plut.
341 2225 372 2254 in
393 2228 457 2255 Per.
483 2233 548 2261 cap.
569 2231 597 2258 ε.
613 2232 647 2261 p·
671 2233 735 2260 153.
757 2225 796 2253 Da

174 2294 299 2322 CLAR.
652 2282 686 2320 E
