1564 2750
417 159 922 206 LITERARM.
1174 176 1218 212 41

121 278 261 327 phisma
301 278 338 315 in
387 277 650 326 Megarenses,
703 288 722 313 e
772 274 948 311 sententia
989 271 1121 310 Meieri
1171 273 1221 310 V.

121 340 314 394 G-,huic
336 358 431 385 anno
459 346 741 385 adscribendum
779 353 835 381 est
861 343 942 391 (1).
985 342 1097 390 (Vid.
1134 342 1221 379 Obs.

117 417 310 465 XXXL).

119 487 284 526 ‘Primo
327 497 446 525 autem
487 498 570 524 vere
606 485 833 532 insequentis
876 484 961 521 anni
1005 481 1305 528 Corinthii,4s2·

119 557 291 596 omnibus
347 558 532 595 sociorum
590 556 710 604 copiis
763 555 954 600 collectis,
1015 553 1226 601 paratisque

117 637 211 675 quae
254 627 299 665 ad
335 626 470 664 bellum
506 626 711 663 necessaria
752 635 834 661 esse
875 631 1057 671 possent,
1111 632 1225 668 quum

116 705 233 735 noctu
265 708 284 734 a
311 696 501 735 Chimerio
529 696 755 740 solvissent,
784 693 906 742 primo
938 692 1104 730 diluculo
1132 691 1227 729 Cor·

115 777 268 814 cyraeos
325 765 397 803 sibi
444 766 593 803 obviam
648 764 861 812 navigantes
916 764 1224 801 animadvertunt.

114 834 227 874 Acies
261 834 373 883 igitur
407 835 592 882 utrimque
621 833 844 879 instruitur,
873 833 1066 882 signisque
1103 833 1229 870 subla-

115 905 164 943 tis
199 904 372 943 acerrima
404 904 447 942 fit
483 915 631 953 pugna,
669 904 708 940 in
745 915 817 950 qua
842 903 1091 940 Athenienses
1131 903 1227 941 Cor-

113 974 254 1023 cyraeis
299 974 419 1012 sicubi
466 983 747 1021 premerentur,
770 998 772 1003 2
796 972 961 1009 alacriter
994 983 1101 1019 opem
1134 972 1227 1008 tule-

116 1053 216 1082 runt.
244 1044 334 1081 Non
356 1055 444 1081 vero
464 1043 684 1081 Corinthios
706 1042 870 1090 aggressi
889 1050 976 1079 sunt
994 1070 1006 1087 ‚
1021 1041 1091 1079 nisi
1110 1053 1224 1088 quum

115 1114 183 1160 hi,
210 1113 430 1161 Corcyraeis
458 1113 493 1150 in
526 1112 651 1161 fugam
689 1111 909 1158 conversis,
949 1111 987 1148 in
1021 1111 1225 1149 Athenien-

113 1193 172 1221 ses
194 1182 371 1229 impeturn
393 1181 574 1220 fecerunt.
612 1182 662 1220 Et
688 1183 886 1218 voluerunt
910 1180 1100 1220 Corinthii
1128 1181 1227 1230 ejus-

113 1253 196 1290 dem
238 1251 310 1289 diei
342 1263 494 1299 vespera
532 1252 663 1288 iterum
699 1251 736 1288 in
764 1252 999 1299 Corcyraeos
1025 1250 1224 1297 invadere,

113 1332 229 1369 quum
266 1321 596 1358 animadverterunt
637 1321 768 1369 viginti
804 1332 919 1359 naves
943 1321 1089 1358 Atticas
1119 1321 1226 1370 (Plu-

112 1380 261 1428 tarchus
284 1390 394 1428 habet
415 1390 537 1428 decern
567 1389 699 1439 (2))‚
730 1391 1087 1438 appropinquantes.
1127 1391 1226 1429 Peri.

113 1460 190 1497 cles
228 1459 294 1497 has
327 1459 515 1508 prioribus
549 1461 673 1498 decem
702 1461 911 1507 addiderat,
939 1462 1083 1509 populo
1121 1472 1227 1509 aegre

111 1529 282 1576 ferente,
334 1531 436 1576 quod
469 1530 801 1568 Lacedaemonium
841 1539 909 1567 tam
948 1542 1079 1577 parvae
1117 1531 1226 1568 classi

112 1599 402 1646 praeposuisset.
440 1599 687 1648 Quamobrem
716 1600 1156 1647 Corinthii‚1neruentes
1180 1613 1226 1639 ne

113 1669 251 1706 recenti
286 1669 373 1707 huic
404 1669 540 1707 auxilio
568 1670 724 1718 impares
745 1669 864 1708 futuri
887 1679 1038 1717 essent,
1066 1671 1224 1719 primum

114 1738 262 1786 quidem
284 1750 303 1776 a
320 1739 464 1786 proelio
485 1739 746 1777 abstinuerunt
761 1768 774 1787 ,
801 1749 837 1778 et
857 1749 1009 1789 postero
1033 1741 1093 1779 die
1118 1741 1225 1779 indu-

48 1845 54 1851 ,
113 1808 187 1846 cias
201 1806 393 1856 fecerunt,
405 1816 446 1845 ut
462 1809 571 1846 salvis
586 1808 656 1847 sibi
670 1810 819 1847 domurn
836 1810 953 1847 redire
966 1811 1105 1848 liceret.
1133 1811 1221 1859 Quo

138 1880 141 1882 ’
1147 1880 1221 1918 fac.

149 2005 203 2044 (1)
219 2008 314 2050 Index
338 2009 441 2038 Lectt.
456 2009 630 2053 ,Universin
655 2009 869 2045 Gryphisvald.
901 2014 983 2039 1821.
1004 2018 1036 2044 p.
1060 2013 1089 2041 6.
1114 2011 1220 2039 citatus

113 2074 130 2095 ι
151 2067 322 2108 Kruegero,
340 2067 374 2094 ad
388 2066 482 2096 clim.
502 2067 537 2113 ¹F.
550 2068 586 2096 H.
608 2068 643 2095 ad
661 2075 730 2098 ann.
752 2076 821 2109 433.
844 2068 936 2096 conf.
961 2066 1053 2095 Diod.
1077 2067 1133 2097 Sic.
1149 2068 1217 2095 ΧΗ.

113 2114 178 2157 cap.
194 2114 250 2159 39.

149 2178 202 2215 (2)
221 2179 254 2207 ln
278 2179 504 2208 Pseudo-plut.
533 2180 621 2210 etiam
651 2180 760 2217 iegitur
787 2179 903 2213 εἴκοσι.
938 2181 997 2212 Vir.
1018 2183 1054 2212 X.
1078 2184 1163 2212 Orat.
1186 2182 1215 2210 in

116 2235 234 2264 Andoc.
257 2234 324 2266 init.
345 2242 375 2270 p,
400 2239 468 2273 834·
491 2237 526 2265 C.
