1502 2767
212 207 283 241 228
450 200 1110 241 COMMENTATIO

220 312 357 359 quibus
397 311 488 360 justi
524 319 562 349 et
594 311 704 359 aequi
750 321 880 350 sensus
918 312 1114 360 cernitur,
1163 313 1204 351 hi
1243 323 1330 352 eum

220 379 328 418 animi
381 381 574 428 voluptate
617 381 847 430 saevientes,
883 381 1007 421 Italiae
1047 382 1217 432 incolas,
1253 367 1341 422 nisi

218 461 346 488 omnes
372 450 545 489 trucidari
567 453 711 498 velint,
740 452 914 491 Venetias
946 452 1150 502 confugere
1168 461 1324 502 cogunt*-

218 520 254 557 T
256 528 421 558 estentut·
435 521 748 570 Burgundiones,
771 523 993 572 Alemanni,
1010 523 1095 571 alii,
1124 535 1225 573 quos»
1244 524 1326 572 paci

216 591 403 628 studuisse
431 591 502 630 fide
533 592 633 641 digni
667 592 832 631 referunt
865 593 1094 642 scriptores3
1146 602 1328 633 testentur

216 660 374 708 Equites
412 662 506 711 Justi
543 673 579 700 et
609 664 718 713 aequi
754 663 880 702 studio
921 665 1142 715 flagrantes,
1169 663 1236 713 qui
1275 665 1331 703 vi,-

217 732 306 769 duas
345 741 382 769 et
408 733 594 781 orphanos
628 745 709 772 sese
747 733 912 773 tuituros
937 737 1120 785 Jurarent.
1180 733 1328 772 Lauda»

219 801 293 839 bile
317 802 408 840 illud
423 803 526 853 Juris
545 804 734 850 studium,
755 816 857 842 amor
880 805 941 842 ille
967 804 1182 851 hominum,
1210 803 1326 852 quiin

216 871 400 918 Equitum
421 866 613 912 ordinibus
626 875 807 922 cernitur,
825 886 911 912 mox
920 875 966 913 ad
986 875 1169 923 populum
1183 873 1332 912 univer-

219 953 302 979 sum
331 943 478 982 transiit
511 945 606 993 (1),
637 955 684 982 ne
708 945 754 982 de
776 945 856 983 aliis
883 945 1077 994 permultis
1114 947 1325 993 loquamur.

221 1012 336 1062 Quod
361 1014 521 1062 denique
548 1027 568 1052 a
593 1016 706 1054 sacris
733 1027 888 1063 quoque
920 1016 1128 1055 reformatis
1155 1024 1214 1053 tot
1238 1015 1332 1054 bella

220 1093 337 1130 eaque
351 1083 401 1120 ob
420 1085 635 1132 religionem
649 1086 846 1124 crudeliter
868 1095 970 1135 gesta
993 1087 1147 1125 historia
1175 1086 1330 1136 prodat,

222 1152 442 1191 observetur
466 1155 574 1192 velim
591 1154 705 1200 ‚olim
734 1167 863 1204 parurn
896 1156 1005 1204 pretii
1031 1157 1211 1194 tributum
1237 1155 1330 1194 fuis·

222 1233 263 1274 se
289 1223 476 1270 religionis
505 1225 735 1273 diversitati3
775 1225 865 1273 quid
888 1227 1018 1263 mirum
1047 1227 1137 1263 adeo
1165 1226 1328 1273 populos

222 1291 486 1340 Christianos,
527 1305 641 1340 quum
678 1295 747 1344 (ne
785 1295 901 1332 dicam
944 1295 1107 1343 plurium
1149 1295 1330 1334 bellorum

222 1372 351 1400 causas
388 1363 519 1410 potius
553 1364 591 1401 in
620 1364 784 1411 politicis
818 1364 928 1403 rebus
967 1365 1191 1411 quaerendas
1226 1365 1330 1413 esse)

221 1444 291 1480 pro
334 1433 486 1471 meliore
523 1445 634 1472 causa
671 1446 739 1482 pro
772 1446 860 1473 vero
889 1435 961 1473 Dei
999 1436 1105 1472 cultu
1134 1446 1177 1474 se
1197 1444 1336 1474 certare

223 1504 385 1550 scirent,
414 1503 515 1541 omni
538 1505 576 1542 vi
601 1505 638 1542 id
655 1505 775 1554 egisse
795 1516 836 1542 ut
862 1506 927 1542 lux
952 1505 997 1543 de
1021 1505 1184 1543 tenebris
1209 1505 1331 1544 victo·

226 1574 314 1611 riam
341 1575 575 1622 reportaret?

273 1644 347 1682 Sed
379 1644 468 1682 satis
500 1645 572 1693 Jam
622 1656 808 1693 superque
844 1646 883 1682 in
922 1645 1197 1694 objectionibus
1233 1645 1332 1683 refu-

224 1713 343 1751 tandis
381 1715 516 1752 versati
544 1726 689 1753 sumus.
743 1716 899 1762 Nemo,
938 1715 1010 1752 nisi
1053 1715 1117 1762 qui
1152 1715 1333 1763 praeiudi-

224 1785 315 1821 catis
343 1784 585 1832 opinionibus
618 1775 793 1831 ducitur}
820 1784 927 1823 facile
960 1785 1170 1833 negaverit,
1212 1796 1334 1833 popu-

224 1856 283 1891 los
313 1854 515 1893 hodiernos
550 1855 788 1895 Christianos
822 1857 990 1893 universe
1025 1863 1183 1893 mentem
1207 1866 1228 1892 a
1255 1854 1331 1893 bel-

225 1926 261 1962 lo
295 1925 427 1963 habere
449 1926 626 1971 alienam,
668 1925 807 1974 idque,
847 1925 923 1973 geri
955 1925 986 1963 si
1025 1935 1123 1974 opus
1151 1924 1228 1972 sit,
1253 1934 1330 1962 non

1275 1994 1339 2032 da-

257 2109 311 2149 (ῑ)
334 2111 397 2139 Cfr.
419 2112 467 2140 Cl.
488 2112 525 2140 Η.
535 2111 563 2147 J.
586 2111 670 2144 Roy
683 2110 814 2141 aards,
830 2111 892 2138 Hes
914 2110 1125 2138 Christcndm
1142 2111 1175 2137 a'n
1193 2109 1227 2137 de
1246 2107 1334 2136 Mid-

219 2168 439 2203 dcl-Eeuwen‚
475 2168 504 2197 in
536 2168 678 2204 Archias
701 2176 771 2195 voor
809 2166 988 2200 Kerkelijke
1025 2166 1262 2199 Gcschiedcnh,
1293 2166 1333 2196 11.

221 2225 295 2253 Deel
319 2232 349 2254 xe
377 2229 418 2255 st.
444 2235 474 2260 p.
495 2232 542 2261 57.
561 2233 627 2260 sqq.
651 2227 902 2259 venenssroes,
921 2224 1005 2252 Kerk
1027 2233 1062 2252 an
1100 2225 1212 2260 Suae,
1234 2224 1323 2253 Tom.

222 2283 260 2310 ll.
284 2284 334 2311 ubi
363 2292 447 2312 acute
469 2287 506 2312 de
530 2284 718 2313 hierarchiae
735 2283 902 2312 commodis
927 2283 999 2319 agit.
