1507 2876
382 207 983 249 THEOLOGICm
1187 220 1234 257 π

117 321 249 360 »ιίεηᾶει
282 327 398 367 sunt,
437 319 505 357 ubi
546 319 723 368 imagines
760 318 928 367 singulae
962 328 1039 356 non
1065 329 1234 366 premen-

122 392 177 431 lae
187 418 199 439 ‚
222 391 287 429 sed
300 402 345 428 ex
360 389 479 437 hisce,
503 401 630 427 secum
645 389 803 437 invicem
812 388 1039 437 *comparatis
1053 399 1231 437 ,sgenera-

112 461 158 500 lis
197 461 304 500 notio
340 461 545 510 quaerenda
559 489 572 508 ,
620 472 713 509 quae
753 471 839 498 cum
876 458 1054 497 omnibus
1091 469 1231 496 conve-

107 532 187 571 niat
219 532 305 583 (1).
356 531 410 570 Hi
434 530 622 569 finxerunt
645 541 788 568 auream
818 529 918 567 illam
943 536 1125 575 aetatem,
1153 540 1227 575 qua

105 614 180 653 pax
214 611 408 651 regnatura
437 601 536 640 foret
577 610 756 650 perpetua
780 600 848 649 (2)
865 627 879 647 ‚
928 608 966 637 et
1012 598 1229 637 cecinerunt.

104 685 228 712 rerum
249 673 502 711 conditionem
518 701 531 720 ,
560 683 634 719 qua
657 682 786 709 omnes
804 667 871 718 per
892 678 1016 708 totum
1044 677 1222 706 terrarum

46 800 50 802 ἡ
108 743 237 781 orbem
273 752 401 792 gentes
429 744 474 781 ad
506 742 700 781 Christum
737 741 915 787 veniant,
954 740 988 777 ei
1012 738 1226 778 submissos

106 826 190 855 sese
209 814 430 863 praebeant,
459 814 594 862 acejus
615 812 821 861 praeceptis
834 810 1002 860 perfecte
1017 808 1221 855 obediant,

106 885 161 924 Et
187 885 360 933 profecto
377 912 389 933 ,
405 893 446 923 ut
480 883 641 937 primum
670 893 800 920 omnes
828 882 907 920 sine
932 881 1010 918 ullo
1037 879 1225 918 discrimi-

104 965 153 993 ne
174 953 334 1003 perfecti
360 962 486 992 essent
512 948 731 997 Christiani,
749 961 935 998 nusquam
950 949 1049 987 foret
1061 949 1226 986 bellum:

107 1034 190 1062 nam
212 1024 327 1070 bella,
345 1023 459 1060 immo
474 1023 574 1072 Justa
589 1050 603 1070 ‚
631 1033 675 1059 ex
685 1021 819 1070 injuria
833 1048 846 1067 ‚
874 1020 919 1057 ab
947 1020 1062 1057 altero
1075 1019 1221 1067 populo

106 1095 216 1132 allatzi
229 1121 243 1140 ‚
260 1093 447 1131 oriuntur.
489 1092 586 1139 Sed,
613 1091 762 1130 ubinam
787 1099 964 1128 terrarum
977 1089 1224 1137 conspicuum

103 1162 241 1211 est‚uti
262 1164 409 1212 fingunt
432 1166 564 1211 po'etae
578 1190 590 1209 ‚
607 1163 711 1210 quod
725 1161 886 1209 quisque
898 1168 1052 1207 tutus-et
1066 1170 1222 1198 securus

102 1235 197 1286 (sub
219 1233 296 1273 vite
319 1245 359 1272 ac
384 1233 505 1281 oliva)
528 1233 691 1271 habitare
714 1231 786 1269 dici
809 1238 941 1280 posset
956 1230 1025 1279 (3)
1040 1229 1059 1268 ἓ
1074 1228 1222 1278 Quodsi

103 1306 219 1356 igitur
241 1315 364 1352 neque
386 1315 514 1342 omues
528 1303 700 1341 homines
726 1300 873 1341 Christi
895 1310 1033 1337 nomen
1058 1298 1222 1347 professi

104 1377 203 1425 sint,
217 1387 284 1414 nec
295 1375 417 1414 minus
437 1386 560 1412 veram
578 1372 689 1411 fidem
710 1372 871 1410 habeant
885 1370 935 1417 ei,
958 1381 1081 1418 neque
1096 1369 1221 1407 ubivis

107 1447 269 1496 quisque
290 1446 401 1485 vitam
428 1453 512 1494 agat
534 1455 698 1482 securam
714 1454 754 1480 ac
777 1443 1002 1479 incolumem
1018 1452 1031 1488 ;
1048 1440 1136 1477 haec
1160 1450 1224 1477 va-

1177 1517 1226 1546 ti·

125 1626 193 1676 ί(ι)
214 1637 273 1667 cff.
296 1635 454 1669 Seuer,
472 1633 648 1668 Bijhelsche
668 1631 897 1668 Uittegkunae,
919 1631 986 1667 (ed.
1003 1631 1051 1658 C1.
1077 1629 1222 1659 Heriu-

103 1692 223 1734 ψιλῇ.
247 1699 312 1725 161.
337 1702 370 1729 p.
395 1700 462 1730 193.
485 1696 512 1730 §-
534 1701 602 1721 πο.
625 1700 656 1726 p.
680 1695 747 1720 282.
771 1698 801 1719 et
821 1692 991 1723 Pareau,
1021 1687 1136 1717 Instit.
1155 1688 1221 1716 lnt.

103 1754 173 1782 Vn.
201 1753 307 1786 Tm„
328 1759 360 1786 p.
381 1753 450 1783 506.

144 1808 198 1848 (2)
216 1809 269 1838 cf.
286 1806 558 1836 Rosenmulle
570 1812 655 1840 rus,
682 1804 722 1832 ad
747 1804 777 1831 Ιι.
806 1804 831 1832 l.
860 1802 916 1832 me
937 1808 1084 1830 memorat
1105 1802 1142 1829 ad
1157 1801 1222 1838 Jes.
1252 1840 1254 1842 ,

99 1869 153 1898 xl.
171 1876 199 1896 ι.
211 1866 357 1903 plurimos
369 1864 550 1899 interpretes
561 1868 696 1897 putasse,
713 1857 926 1896 a'vateJesaija
944 1867 1000 1894 per
1016 1860 1142 1887 sobolem
1154 1858 1220 1886 Da-

99 1927 184 1955 vidis
201 1932 252 1954 aut
263 1924 406 1952 Histriam
417 1921 716 1958 ‚autZerubahelem
727 1938 736 1953 ‚
747 1918 846 1947 innui.
865 1916 930 1945 Alii
939 1918 1020 1945 hunc
1036 1918 1140 1944 locum
1160 1922 1224 1944 tan-

101 1991 165 2012 tum
178 1982 315 2011 referunt
335 1981 371 2008 ad
389 1980 573 2017 judaeorum
583 1977 752 2011 regionem.
776 1974 863 2011 (vid.
882 1975 932 2004 Cl.
952 1982 1023 2002 van
1043 1974 1071 2002 H
1084 1975 1221 2008 enge1‚

102 2040 317 2071 Geschiedenis
335 2038 390 2066 der
408 2036 561 2070 zedelijke
581 2044 616 2062 en
632 2034 860 2070 godsdiensrige
878 2032 1074 2068 Beschaving
1086 2051 1097 2066 ‚
1136 2030 1163 2060 1.
1188 2038 1223 2066 P.

97 2104 167 2134 371.
186 2097 275 2134 sqq.)
293 2096 324 2125 Si
342 2094 415 2123 huic
442 2093 684 2128 interpretandae
703 2090 813 2120 rationi
839 2089 1093 2119 consentiendum
1121 2095 1221 2122 esset,

99 2154 242 2184 vaticinia
267 2153 392 2182 minime
416 2158 548 2186 unquam
564 2151 601 2179 ad
629 2148 819 2177 Christianos
836 2147 991 2184 pertinere
1009 2147 1149 2184 possent.
1168 2146 1219 2175 Cf.

98 2212 316 2247 Pareau,1.
342 2211 365 2239 1.
388 2217 422 2245 p.
444 2215 509 2242 501.

139 2269 192 2307 (3)
211 2268 308 2297 Micb.
325 2269 377 2297 1v.
399 2273 436 2302 3,
455 2277 487 2304 4.
