1502 2767
227 192 296 227 Χ49,
464 175 1128 218 COMMENTATIO

244 287 381 336 debet,
422 285 583 326 obtineri
615 297 692 324 non
719 297 856 335 posse,
893 286 992 335 nisi,
1033 287 1098 326 ubi
1135 288 1239 327 aliter
1272 276 1353 329 fieri

241 359 373 407 nequit
387 385 399 405 ‚
428 357 559 406 populi
577 358 660 407 jura
681 359 718 395 vi
731 366 766 395 et
781 358 890 396 armis
904 358 1089 397 vindicare
1112 359 1255 398 licitum
1281 361 1346 399 sit.

290 441 328 467 2.
357 427 481 474 Magis
508 426 741 475 peculiariter
766 439 810 466 ex
836 428 1041 467 officiorum
1070 429 1221 478 indole,
1258 442 1350 478 quae

237 499 399 549 principi
433 506 469 536 et
497 497 620 537 cuivis
644 498 719 536 civi
747 498 960 537 Christiano
989 500 1234 548 incumbunt,
1263 513 1355 549 pro-

236 569 323 607 bare
355 568 602 616 conabimur,
629 568 780 617 utrique
821 569 963 607 licitum
998 581 1079 608 esse
1115 571 1253 610 bellum
1291 582 1354 620 ge·

237 651 330 678 rere.

288 722 325 760 3.
353 710 533 748 Nostram
564 711 610 748 de
639 710 728 747 belli
761 710 916 758 gerundi
949 709 1095 748 licentia
1129 709 1356 748 sententiam.

232 780 448 829 urgebimus
481 791 553 827 eo,
609 780 713 828 quod
748 779 884 817 diserta
919 764 1077 818 Ethices
1115 779 1350 819 Christianae

231 851 401 890 doctrina
435 851 509 897 sit,
549 850 693 888 homini
727 849 947 888 Christiano
986 850 1121 897 licere,
1159 851 1243 900 jura
1284 860 1353 888 sua

233 921 422 961 vindicare
446 930 482 959 et
509 921 583 959 vim
615 920 652 958 vi
686 921 878 969 repellere.

286 1003 326 1039 4.
355 993 484 1042 Quum
514 992 560 1029 de
596 990 684 1028 belli
720 990 873 1039 gerundi
908 990 1056 1028 licentia
1093 998 1243 1028 nostrae
1268 1000 1356 1035 sen-

231 1062 396 1110 tentiae,
449 1062 566 1111 prima
601 1061 753 1108 fronte,
809 1071 854 1098 ex
894 1061 1048 1100 Ethices
1091 1061 1186 1100 Chr.
1226 1061 1353 1098 indole

232 1134 348 1171 multa
374 1132 522 1170 obstare
544 1132 760 1178 videantur,
787 1140 825 1168 et
861 1130 1017 1168 historia
1044 1130 1173 1168 doceat
1212 1130 1351 1168 multos

232 1201 351 1241 fuisse
380 1211 416 1240 et
446 1202 644 1240 etiamnum
679 1213 788 1247 esse,
819 1201 884 1249 qui
910 1213 930 1239 a
967 1200 1077 1238 nobis
1114 1199 1352 1248 discrepent,

233 1273 266 1312 si
291 1272 458 1320 alicubi,
486 1272 548 1310 hie
571 1280 671 1309 certe
694 1280 731 1309 et
754 1271 866 1308 altera
899 1282 984 1318 pars
1010 1270 1215 1318 audiend23
1244 1281 1355 1317 quae-

235 1353 309 1390 que
353 1351 502 1380 nostrae
544 1342 746 1380 sententiae
795 1340 938 1389 opponi
987 1341 1136 1388 solent,
1188 1349 1354 1379 accurate

234 1413 463 1462 exploranda
501 1420 633 1460 erunt3
664 1411 803 1460 quibus
839 1411 877 1449 in
914 1410 1118 1449 refutandis
1146 1411 1259 1448 simul
1290 1422 1357 1449 co-

235 1484 299 1533 pia
336 1483 448 1522 nobis
477 1483 575 1530 erit,
614 1483 719 1530 aliis,
747 1483 833 1520 licet
872 1482 1033 1533 minoris
1068 1481 1271 1528 momenti,
1300 1492 1358 1518 ar-

236 1554 451 1604 gumentis,
487 1563 654 1591 nostram
694 1554 739 1591 de
777 1552 865 1590 belli
901 1551 1056 1600 gerundi
1091 1550 1238 1588 licentia
1270 1560 1354 1587 sen-

237 1623 420 1671 tentiam,
464 1635 507 1662 ex
540 1623 645 1661 Novi
672 1622 850 1661 Foederis
882 1621 1026 1660 Codice
1050 1620 1242 1659 fulciendi.
1297 1608 1382 1659 Ut‘

239 1694 402 1743 denique

290 1776 328 1813 5.
365 1764 495 1803 Paucis
545 1765 590 1802 de
637 1763 822 1801 bellorum
861 1760 1069 1800 commodis
1117 1759 1268 1798 monitis
1310 1771 1356 1798 ex

239 1834 465 1884 disputatis,
505 1834 596 1883 quid
635 1842 837 1882 sequatur,
871 1831 1091 1881 colligamus
1128 1839 1165 1869 et
1202 1831 1355 1869 conclu·

242 1908 385 1946 damus.
