1538 2689
243 133 288 159 12
453 117 1121 159 COMMENTATIO

288 234 345 268 1⁰.
374 228 583 277 Coagulum
608 236 799 267 externum
825 225 945 266 forma
981 235 1017 266 et
1038 228 1254 267 extensione
1281 228 1336 268 di·

231 309 378 337 versum
400 307 456 336 est
471 309 543 345 pro
566 297 711 336 diverso
731 297 996 335 vulnerationis
1021 298 1159 346 mod03
1177 298 1211 336 si
1231 309 1334 337 nem·

227 379 298 417 pe,
341 379 411 406 una
430 379 515 405 cum
541 368 693 415 arteria,
717 367 846 416 vagina
861 395 875 414 ‚
902 378 1016 405 venae
1042 375 1079 405 et
1102 367 1204 405 nervi
1228 377 1335 416 pror-

229 449 296 477 sus
327 438 546 476 transcissae
574 445 661 475 sunt
680 465 693 484 ‚
722 448 762 475 ea
788 435 908 475 forma
942 445 979 475 et
1004 436 1172 475 extensio
1196 436 1335 485 depen-

225 509 312 546 dent
345 519 365 545 a
385 507 603 546 retractione
634 507 786 545 relativa
827 506 977 545 arteriae
1013 506 1051 545 in
1084 506 1331 556 proportione

223 578 269 615 ad
281 577 444 625 vaginam
460 605 473 624 ,
489 587 524 615 et
546 588 659 626 porro
676 604 689 623 ‚
703 588 723 614 a
738 577 873 625 majore
898 577 957 614 vel
981 577 1124 614 minore
1146 584 1250 624 parte
1275 583 1331 614 te-

222 648 278 685 lae
292 647 490 685 cellulosae
502 675 514 694 ‚
539 658 631 695 quae
649 646 694 684 ab
720 646 848 683 arteria
864 655 1067 694 separatur.
1095 645 1183 683 Sola
1201 644 1332 683 arteria

222 718 418 755 transcissa
442 725 478 754 et
509 716 641 765 vagina
667 715 981 765 longitudinaliter
1018 724 1169 764 aperta,
1195 725 1333 763 coagu-

219 787 294 824 lum
314 813 328 833 ‚
354 786 457 834 quod
492 785 672 824 formatur
696 786 791 823 circa
827 785 1011 823 orificium
1037 785 1216 833 arteriae,
1255 782 1330 823 dif-

218 853 292 894 fert
313 856 543 904 longitudine
558 867 578 894 a
592 864 720 904 quarta
740 864 842 905 parte
864 855 1011 905 pollicis
1036 858 1083 895 ad
1108 854 1301 895 dimidium
1316 882 1332 904 ,

223 933 260 963 et
284 926 418 973 gaudet
445 925 565 963 forma
588 926 783 965 conoidea.

269 995 326 1032 2⁰.
355 994 399 1032 In
427 996 642 1033 extensione
671 1004 709 1034 et
740 995 961 1034 formatione
985 997 1131 1045 coaguli
1157 997 1324 1044 interni,

217 1059 388 1103 distantia
424 1063 513 1102 rami
548 1066 767 1103 collateralis
799 1067 954 1103 multum
994 1067 1116 1115 valet,
1171 1066 1223 1105 ita
1254 1074 1324 1112 ut,

217 1131 253 1170 si
277 1132 406 1170 arteria
432 1130 511 1170 fere
541 1141 671 1181 quarta
691 1142 796 1180 parte
820 1134 970 1181 pollic1s
995 1135 1068 1172 sub
1103 1146 1205 1173 ramo
1237 1136 1326 1173 late-

216 1202 281 1241 rali
307 1202 501 1241 transcissa
522 1203 572 1239 sit
587 1230 600 1249 ‚
629 1203 691 1240 vix
704 1203 843 1240 oriatur
863 1205 1087 1252 coagulu1n3
1115 1216 1198 1242 nam
1217 1215 1327 1243 exsu-

213 1271 314 1311 datio
342 1272 514 1320 lymphae
536 1282 581 1308 ex
606 1280 710 1319 parte
734 1271 934 1310 transcissa
957 1272 1108 1311 arteriae
1123 1274 1198 1323 jam
1225 1273 1327 1312 suffi-

212 1342 266 1381 cit
288 1342 332 1380 ad
366 1340 601 1380 formandum
629 1343 850 1391 coagulum,
881 1343 984 1390 quod
1012 1341 1140 1392 implet
1175 1351 1324 1392 apertu-

214 1424 290 1451 ram
315 1412 493 1459 arteriae,
531 1413 686 1462 eJusque
728 1411 900 1450 distantia
937 1412 983 1450 ab
1005 1412 1090 1460 ipso
1118 1424 1219 1451 ramo
1243 1422 1316 1451 tam

213 1493 325 1531 parva
374 1490 459 1530 est,
510 1490 551 1519 ut
583 1483 779 1529 coagulum
832 1482 1016 1521 internum
1063 1483 1213 1521 formari
1254 1494 1322 1522 ne-

213 1560 323 1601 queat
360 1552 445 1602 (1).
497 1551 702 1589 Nonnullis
737 1553 775 1589 in
815 1552 963 1591 casibus
993 1553 1238 1592 inveniuntur
1267 1555 1319 1592 la·

209 1621 328 1660 minae
355 1620 544 1668 sanguinis
575 1621 759 1668 coagulati
785 1622 1039 1660 crassitudinis
1066 1623 1219 1662 duarum
1254 1625 1316 1662 vel

209 1690 320 1730 trium
348 1691 523 1728 linearum
542 1718 555 1736 ‚
584 1690 728 1738 positae
757 1703 870 1740 super
906 1694 1102 1741 coagulum
1127 1694 1315 1743 lymphae.

256 1760 425 1800 Procedit
456 1760 628 1808 lymphae
666 1762 862 1809 coagulum
896 1763 1163 1809 aliquantulum
1189 1763 1230 1801 in
1257 1775 1318 1802 ca-

208 1832 326 1869 nalem
343 1858 356 1877 ,
382 1830 490 1879 cujus
512 1840 617 1867 causa
641 1829 789 1868 videtur
809 1842 890 1869 esse
916 1833 1146 1879 compressio
1162 1860 1176 1880 ‚
1204 1844 1313 1881 quam

209 1899 415 1939 contractio
450 1898 602 1936 arteriae
652 1901 828 1938 continua
855 1901 893 1937 in
929 1901 1117 1949 lympham
1155 1910 1314 1941 exercet.

209 1969 494 2009 Transcissione
516 1969 647 2017 procul
679 1981 700 2006 a
725 1981 826 2007 ramo
867 1971 1005 2009 laterali
1031 1971 1152 2019 facta,
1179 1983 1315 2021 coagu-

207 2039 282 2077 lum
318 2039 499 2077 internum
541 2039 673 2086 gaudet
704 2037 821 2078 forma
858 2040 1015 2090 conica,
1065 2043 1173 2092 cujus
1217 2042 1315 2082 basis

1235 2124 1317 2151 ver·

249 2192 300 2231 (α)
321 2193 460 2230 jones,
481 2193 546 2220 1.1.
568 2200 598 2228 p.
621 2195 670 2221 82.
