1502 2767
353 165 936 214 THEOLOGICffl
1123 173 1191 209 η)

95 293 210 337 bant,
247 297 284 326 et
318 286 434 330 haec,
471 281 638 319 libertate
666 286 701 314 et
732 275 877 325 juribus
912 272 966 309 uti
1000 269 1196 314 nesciens,

98 340 354 410 superioribus
383 351 606 409 resistebat3
633 347 742 393 hinc,
771 345 803 383 si
827 344 865 381 in
893 335 967 379 rem
993 338 1201 378 accuratius

99 428 287 479 inquiras,
315 423 458 473 imperii
486 420 606 460 forma
638 429 715 456 non
756 423 897 471 poterat
925 421 1000 449 non
1036 400 1206 447 homines

98 497 297 539 seditiosos
315 523 329 542 ,
381 494 569 542 injustos,
621 488 786 526 crudeles
819 482 1008 528 ieddere,
1041 479 1203 518 Graeco

101 580 184 607 rum
224 564 421 631 aequalitas
461 562 500 599 in
525 560 617 599 solis
654 554 926 603 rebuspublicis
951 552 1119 589 obtinere
1148 551 1214 598 po-

101 647 193 676 terat
208 665 222 683 ,
255 645 292 673 et
338 634 450 679 dum,
489 631 670 669 continuo
707 629 778 665 hoc
817 623 1047 672 aequalitatis
1090 620 1213 659 studio

103 708 231 753 ducti,
254 714 383 764 contra
406 702 603 752 optimates
627 709 662 736 et
690 696 925 744 magistratus
947 698 992 730 se
1015 679 1216 729 'effe'rebant

104 777 332 823 inferiores,
350 786 426 812 non
451 784 532 810 raro
559 772 603 808 ad
628 768 838 807 effrenatam
865 763 983 813 plebis
1005 749 1216 805 libidinem,

105 856 217 895 atque
255 827 339 883 inde
371 844 416 881 ad
444 841 699 890 tyrannidem,
726 848 789 874 eos
817 834 975 872 ducebat
989 830 1087 880 (ι).
1105 818 1220 877 Apud

107 905 300 955 Romanos
317 912 553 962 patriciorum
568 919 603 947 et
619 895 846 957 plebejorum
862 898 1080 947 discrimen,
1093 909 1128 937 et
1139 907 1217 937 orta

107 986 196 1023 hinc'
210 983 341 1022 aristo·
327 980 565 1019 -democratia
581 980 647 1025 qui
668 977 704 1014 in
719 984 938 1023 perpetuum
952 971 1082 1008 litibus
1098 978 1132 1006 et
1146 970 1226 1005 bel‘-

107 1054 177 1094 lis
168 1052 323 1094 mrernis
333 1047 465 1088 ansam
482 1048 623 1087 dederit
640 1075 652 1093 ,
668 1045 908 1094 populusque
925 1050 1129 1101 oppressus
1145 1038 1224 1084 sit,

109 1133 242 1163 notum
262 1131 332 1160 est.
360 1121 451 1159 Non
466 1121 597 1173 loquar
612 1112 981 1163 deImperatoribus,
996 1111 1066 1149 sub
1085 1098 1223 1159 jttibus
1252 1119 1255 1123 ’

112 1195 271 1234 Senatus
285 1204 364 1230 non
378 1190 451 1229 nisi
465 1189 588 1237 specie
602 1193 813 1235 supererat
826 1195 891 1220 nec
904 1181 972 1220 de
963 1180 1056 1230 ipsis
1073 1167 1228 1217 Senato-

113 1265 243 1312 ribus,
257 1262 335 1326 qui
343 1273 413 1299 una
432 1272 515 1298 cum
533 1253 823 1306 imperatoribus
836 1253 874 1291 id
888 1256 993 1300 agere
1008 1250 1114 1288 unice
1127 1248 1228 1286 vide-

111 1335 275 1380 bantur,
297 1328 338 1370 ut
352 1331 532 1379 populum
549 1329 757 1366 Romanum
773 1306 1053 1372 opprimerent,
1066 1330 1225 1365 eumque

112 1405 316 1454 injustum,
330 1395 605 1440 effoeminatum
626 1406 662 1433 et
686 1394 920 1433 luxuriosum
934 1391 1125 1428 redderent
1141 1387 1226 1437 (2).

164 1477 235 1516 Uti
260 1469 351 1514 hae‘c
384 1471 549 1520 deipsis
588 1450 740 1517 popinis
780 1463 936 1503 Graecis
980 1471 1015 1499 et
1051 1445 1228 1498 Romanis

115 1546 262 1604 siai-ent,
277 1545 327 1601 ita
339 1554 448 1581 nemo
462 1540 582 1579 nescit
597 1568 610 1585 ,
628 1539 693 1587 qui
712 1535 877 1585 populi,
897 1533 942 1571 ab
958 1541 1116 1580 utraque
1144 1542 1232 1578 gen-

115 1626 155 1655 te
180 1600 358 1660 subacti,
383 1596 748 1661 regnarenturjssqyi
774 1606 909 1658 Graeci
935 1605 973 1642 in
1000 1604 1202 1646 insuiarum
1222 1630 1234 1649 ,

120 1696 211 1733 quas
256 1683 466 1721 devicerant
482 1709 495 1727 ,
534 1688 660 1728 gentes
698 1675 926 1721 saevierint3
968 1676 1035 1721 qui
1072 1656 1234 1710 nrocon-

119 1756 243 1801 sums,
271 1750 517 1791 crudelissimi
538 1760 648 1796 saepe
684 1746 860 1796 tyranni,
887 1741 1136 1782 Provinciales
1152 1744 1235 1778 tor-

123 1830 279 1873 querent
303 1831 340 1860 et
367 1814 635 1859 excrnciarent.
687 1818 731 1855 In
764 1826 861 1863 quos
888 1813 965 1851 fere
992 1824 1120 1867 omnes
1144 1806 1234 1863 con-
1296 1857 1298 1859 ‚

125 1893 227 1949 venit
246 1893 325 1931 ilud
350 1891 639 1946 Sallustianum:
663 1885 821 1939 proinde
835 1887 945 1935 quasi
959 1863 1237 1933 &hymba-blsa-

123 1976 231 2011 cere,
258 1963 302 2002 id
323 1962 474 2002 damam
494 1969 581 1998 esset
601 1959 754 2009 imperio
782 1958 841 1993 uti
861 1955 948 2005 (3).
1095 1940 1101 1946 ⁴
1163 1978 1166 1980 -
1189 1978 1192 1982 ,

166 2078 217 2117 (1)
238 2079 318 2109 Vide
343 2079 393 2107 (ΣΙ.
423 2078 464 2106 N.
496 2077 537 2105 G.
564 2082 636 2103 van
658 2074 845 2107 Kampen‚
866 2073 899 2098 in
926 2071 1034 2098 Comm.
1065 2069 1139 2098 Ter‘l.
1169 2077 1236 2105 pag.

128 2138 253 2174 43-66·

169 2192 222 2230 (ε)
244 2194 326 2222 Idem
345 2200 413 2227 pag·
431 2198 480 2227 97·
500 2198 569 2226 sqq-

169 2250 222 2285 (3)
241 2251 429 2284 Porteus,
451 2255 518 2284 pag.
541 2256 588 2281 70.
610 2244 712 2280 ibique
734 2242 897 2278 scriptores
919 2241 1038 2277 iaudd.v
1090 2274 1092 2278 y
