1564 2750
396 175 904 217 LITERARIA·
1155 182 1204 220 97

1220 223 1320 256 sectio
1329 223 1368 254 1¹.
1386 219 1458 262 §.aa
1517 258 1519 262 ι

99 288 232 327 insano
265 295 347 325 esse
393 285 543 334 animo,
583 294 656 334 ut,
695 285 880 336 eJusmodi
921 283 1066 323 fabellis
1106 294 1209 332 spat-

102 356 258 407 gendis,
310 366 399 394 suae
449 356 570 404 ipsius
620 357 855 405 potissimum
888 355 1006 394 famae
1047 361 1208 401 noceat,

101 426 243 466 Mirum
277 434 398 464 tamen
441 426 580 474 cuique
623 426 836 475 videbitur,
888 426 1091 472 Periclem,
1144 423 1212 472 qui

100 503 206 535 tanto
240 495 367 535 studio
400 496 576 543 curabat,
606 505 649 535 ut
684 497 790 535 etiam
817 497 984 546 privatus
1015 495 1113 544 apud
1141 495 1215 533 Po-

101 567 233 616 pulum
262 565 474 614 inculpatus
509 574 637 615 esset,
661 567 751 605 adeo
780 567 840 605 sui
877 565 1035 604 oblitum
1069 563 1216 611 fuisse,

103 643 147 674 ut
174 636 248 674 tale
278 635 371 683 quid
399 635 438 673 in
476 647 516 675 se
549 636 773 675 admitteret.
825 636 967 674 Verum
994 635 1040 674 ad
1074 645 1218 673 amores

102 703 179 743 fuit
217 704 468 754 propensior;
520 714 634 754 atque
680 706 777 744 inter
814 716 973 753 causas,
1024 704 1075 743 ob
1126 715 1218 752 quas

104 774 226 825 priori
250 775 404 824 conjugi
439 774 588 815 invisus
614 775 718 824 fuit,
744 776 966 814 recensenda
1002 775 1110 813 etiam
1148 774 1220 812 erit

104 847 367 892 consuetudO,
396 857 505 894 quam
540 857 626 884 cum
656 846 847 895 Chrysilla
876 844 1074 884 Corinthia
1109 844 1222 882 habe-

105 914 170 954 bat
194 916 290 965 (1);
319 926 388 954 nec
419 915 595 954 libentius
623 915 851 955 Dinomache
876 915 937 954 alii
964 913 1139 963 nupsisse
1166 913 1223 952 vi·

105 984 239 1032 detur,
267 996 376 1034 quam
409 985 490 1033 ipse
521 985 718 1034 Aspasiam
750 985 872 1037 duxit.
926 984 1090 1022 Omnino
1124 983 1223 1022 enim

105 1054 304 1094 Plutarcho
327 1055 602 1093 assentiendum
629 1054 807 1102 videtur,
843 1054 1003 1092 dicenti:
1044 1053 1225 1092 lascivum

104 1125 260 1174 potius,
312 1135 422 1171 quam
466 1136 487 1162 e
523 1124 712 1163 literarum
750 1123 1066 1171 humanitatisque
1099 1123 1224 1162 studio

105 1202 229 1233 ortum
247 1221 262 1241 ,
294 1205 456 1242 amorem
492 1194 548 1232 illi
587 1206 672 1232 cum
705 1194 866 1243 Aspasia
911 1193 1046 1233 fuisse.
1097 1194 1227 1241 Atque

109 1263 181 1303 etsi
219 1265 389 1304 Assenus
429 1264 481 1303 V.
523 1266 573 1304 C.
618 1264 715 1315 (2),
774 1264 955 1313 Aspasiae
997 1263 1226 1311 Periclisque

91 1329 230 1383 'partes
264 1334 512 1373 defendendas
548 1334 814 1373 humanissime
839 1334 912 1372 sibi
949 1333 1108 1380 sumsit,
1148 1344 1226 1371 eam

106 1414 244 1443 vocans
291 1404 530 1443 humanitatis
570 1404 871 1452 domesticaeque
911 1402 1099 1441 felicitatis
1126 1403 1228 1451 prin-

106 1474 228 1524 cipem
270 1474 367 1512 inter
409 1474 578 1513 Graecos
625 1474 849 1522 fautricem;
905 1482 1024 1512 tamen
1070 1482 1226 1520 metuo,

109 1555 157 1590 ne
189 1556 309 1593 aequo
336 1544 468 1582 melius
500 1555 583 1594 erga
617 1555 694 1583 eam
727 1544 911 1583 animatus
946 1528 1073 1581 futrit.
1126 1543 1235 1597 Nam·

110 1615 311 1664 quominus
351 1616 570 1663 credamus,
623 1614 816 1663 Aspasiam
865 1614 1054 1651 literarum
1101 1614 1223 1651 solum

109 1697 232 1725 amore
264 1686 439 1734 ductam,
479 1685 647 1723 Athenas
673 1684 896 1732 advenisse,
937 1683 1137 1734 prohibent
1169 1682 1223 1720 di-

112 1765 210 1794 serta
241 1755 421 1794 Veterum
466 1754 702 1803 testimonia3
753 1766 773 1792 e
805 1754 942 1801 quibus
972 1752 1222 1799 comperimus

110 1838 189 1867 eam
217 1827 291 1875 jam
326 1833 433 1864 antea
464 1825 653 1872 Megaris,
681 1823 810 1862 deinde
844 1823 1005 1861 Athenis
1040 1822 1220 1860 officinam

112 1903 290 1936 tractasse
347 1906 476 1946 parum
539 1895 731 1933 honestam
783 1904 824 1932 ac
877 1894 1074 1941 decoram3
1129 1904 1223 1940 quae

112 1967 258 2017 puellas
297 1966 344 2005 ad
386 1973 583 2014 quaestum
630 1975 790 2013 corpore
829 1961 1042 2002 faciundum
1083 1963 1222 2011 aleret,

1188 2040 1225 2069 et

154 2138 208 2175 (ι)
226 2139 335 2169 Athen.
357 2139 379 2167 1.
398 2139 420 2167 1.
441 2136 536 2167 Conf.
553 2137 588 2165 X.
608 2143 643 2172 p.
664 2137 733 2174 436.
758 2136 789 2165 F.

154 2195 208 2234 (α)
227 2198 260 2225 ln
277 2196 356 2225 libro
373 2196 492 2225 laudato
511 2203 545 2231 p.
567 2199 693 2232 34—37.
710 2205 749 2215 --
770 2192 864 2221 Conf.
894 2191 1040 2227 Kampeni
1067 2190 1145 2220 Hist.
1172 2191 1225 2220 Gr.

115 2254 203 2283 Tom.
222 2253 260 2284 Π.
278 2262 309 2289 p.
331 2262 396 2289 332·
417 2252 449 2281 in
468 2259 536 2282 not.
