1564 2750
454 157 958 199 L1TERAR1A.
1221 170 1276 212 3⁵-

161 278 242 307 rum
262 277 349 305 cum
375 265 562 315 sexaginta
582 267 739 306 navibus
753 276 881 307 contra
903 269 1046 308 Samios
1069 269 1263 310 miserunt.

157 338 218 385 Is,
242 337 400 377 sedecim
423 348 535 376 naves
560 337 599 375 in
625 338 764 377 Chium
798 339 1040 387 Lesbumque
1064 340 1235 391 ablegans
1250 370 1264 389 ,

159 418 254 457 quae
272 407 478 447 Phoenices
500 408 764 456 observarent,
793 417 906 456 atque
926 406 1141 458 ubicunque
1165 422 1267 449 man-

155 477 313 525 darent,
365 485 407 515 ut
445 476 606 515 insulani
629 477 923 516 Atheniensibus
957 479 1126 518 venirent
1163 481 1266 519 auxi-

152 546 206 585 lio
223 574 237 595 ,
262 547 345 595 ipse
365 557 450 585 cum
479 546 633 594 reliquis
664 544 871 587 Samiorum
903 549 1057 588 classem
1074 578 1087 598 ,
1126 551 1264 589 Mileto

152 616 366 655 redeuntem
381 644 395 664 ,
419 617 630 665 profligavit
651 617 697 655 ad
721 617 892 666 Tragiam
921 618 1095 658 insulam.
1149 621 1266 659 Dein·

154 686 201 726 de
233 686 471 735 quadraginta
508 687 693 726 Chiorum
734 696 771 726 et
812 688 946 738 viginti
985 690 1128 728 duabus
1169 690 1266 729 Les-

153 756 302 795 biorum
338 757 496 795 navibus
537 757 821 796 Atheniensium
855 759 964 796 classi
1002 759 1159 806 additis,
1197 760 1271 798 Pe·v

157 825 266 864 ricles
293 825 428 865 milites
454 837 549 865 suos
585 827 781 865 escendere
811 829 952 877 J‘ussit3
999 830 1098 877 qui,
1135 831 1265 878 pedes·

151 895 201 933 tri
242 896 382 945 praelio
425 896 615 944 victores,
667 897 874 935 Samiorum
925 897 1051 936 urbem
1100 901 1262 947 undique

150 965 372 1012 cinxerunt,
423 974 535 1013 atque
569 978 591 1004 a
629 966 718 1004 mari
754 966 856 1003 omni
891 976 1100 1005 commeatu
1146 969 1265 1006 inter-

150 1037 298 1074 cludere
323 1035 448 1073 conati
483 1043 586 1074 sunt.
639 1036 739 1074 Dum
775 1036 864 1074 haec
884 1045 1088 1084 geruntur,
1129 1037 1262 1076 Pericli

148 1104 304 1144 nuntius
343 1104 519 1152 affertur,
554 1105 761 1144 Phoenices
801 1106 1148 1155 appropinquare3-
1171 1120 1261 1155 qua-

147 1183 305 1224 propter
344 1173 532 1223 sexaginta
572 1174 759 1222 navibus,
810 1187 856 1214 ex
897 1175 943 1216 iis
982 1188 1075 1224 quae
1121 1178 1166 1216 ad
1198 1178 1260 1216 lit-

147 1253 210 1283 tus
242 1245 486 1293 appulerant,
536 1246 699 1292 sumtis‚
748 1246 915 1284 celeriter
949 1255 1080 1285 contra
1114 1258 1180 1286 eos
1217 1248 1256 1286 in

148 1313 296 1353 Cariam
332 1314 522 1362 profectus
562 1323 633 1353 est.
686 1315 1041 1364 Opportunitatem,
1084 1329 1156 1365 qua
1187 1306 1270 1356 ob-x

148 1383 347 1422 sidentium
381 1385 564 1423 exercitus
601 1385 824 1433 Imperatore
859 1397 1061 1435 magnaque
1095 1387 1255 1426 militum

146 1461 251 1502 parte
292 1453 444 1492 orbatus
481 1465 584 1502 erat,
624 1455 801 1503 oppidani
834 1466 1084 1505 usurparunt,
1116 1466 1254 1506 atque,

148 1523 311 1562 Melisso
339 1525 456 1571 duce,
483 1525 529 1562 de
558 1524 765 1573 improviso
791 1536 832 1563 ac
858 1535 1008 1574 repente
1032 1538 1076 1564 ex
1096 1527 1187 1566 urbe
1215 1529 1253 1567 in

147 1593 432 1632 Atheniensium
457 1594 685 1642 exercitum,
718 1596 819 1633 nulla
844 1596 1048 1634 munitione
1085 1605 1222 1636 tectum
1239 1625 1252 1644 ,

147 1666 365 1705 invadentes
382 1694 396 1714 ,
422 1677 486 1704 eos
521 1664 629 1704 facile
655 1667 694 1704 in
716 1665 841 1714 fugam
873 1674 1063 1705 verterunt
1080 1695 1094 1714 ,
1124 1677 1253 1704 naves-

150 1747 250 1784 que,
277 1748 370 1784 quae
392 1747 462 1785 pro
495 1737 624 1774 castris
649 1736 688 1773 in
711 1737 872 1774 statione
896 1744 1128 1784 manserant,
1156 1737 1255 1775 dele·

150 1814 302 1846 verunt.
351 1806 517 1852 Deinde,
545 1817 669 1855 pugna
693 1817 777 1844 cum
807 1805 937 1843 ceteris
963 1806 1121 1844 navibus
1152 1818 1254 1844 com-

149 1879 286 1926 missa,
313 1888 374 1915 eas
409 1876 681 1925 profligarunt,
709 1887 749 1913 ac
775 1887 840 1923 per
867 1875 1149 1924 quatuordecim
1177 1876 1254 1913 dies

148 1941 258 1980 maris
291 1940 432 1980 domini
465 1941 632 1980 fuerunt.
702 1939 856 1977 Diutius
893 1949 1014 1978 tamen
1046 1940 1138 1988 ipsis
1168 1940 1258 1977 mari

150 2011 268 2049 libero
290 2010 345 2049 uti
372 2022 449 2048 non
470 2010 588 2051 licuit.
624 2009 812 2047 Reversus
839 2009 935 2046 enim
957 2009 1001 2046 ab
1027 2008 1259 2056 expeditione

152 2079 339 2129 Pericles,
388 2079 496 2119 novis
513 2108 525 2127 ,
577 2091 670 2127 quae
719 2079 942 2127 Thucydide
991 2072 1086 2116 duce
1134 2079 1260 2118 allatae

154 2158 281 2197 erant,
317 2150 498 2199 suppetiis
534 2151 711 2199 adiutus,
739 2150 839 2186 omni
872 2149 998 2186 studio
1027 2149 1156 2187 ur-bem
1192 2161 1260 2198 op-

156 2230 319 2269 pugnare
349 2220 512 2268 incepit3
540 2220 606 2258 hac
635 2220 673 2257 in
697 2230 737 2256 re
758 2219 971 2257 Artemonis
1005 2230 1114 2266 opera
1144 2231 1260 2258 usus:

657 2288 691 2326 C
725 2300 747 2325 2
1221 2300 1260 2326 ac

1265 1834 1334 1865 439·

1381 344 1519 375 LXXXV.
