1502 2767
612 58 661 82 ..ς
704 67 708 69 -

288 131 642 185 CONsPEcTus
670 131 1191 175 COMMENTATIONIS.
1248 145 1317 181 179

386 286 659 328 ›SECTIO
712 286 1134 326 POSTERIOR.

242 440 524 474 SENTENTIAM
552 443 843 474 CONTRARIAM
871 445 947 484 QUI
973 443 1128 472 SECUTI
1155 443 1293 478 SUNT,

334 511 477 544 FALsxs
502 516 594 543 EAM
624 514 882 544 PROBARUNT
909 512 1204 542 ARGUMENTIS.

211 650 249 698 S.
304 661 344 699 9.
373 650 560 693 Nonnulli
597 652 895 691 Christianorum
930 650 1062 691 bellum
1096 649 1173 688 illi-

411 721 529 760 citum
557 733 630 759 esse
662 720 802 760 Codicis
816 723 933 770 ksacri
948 722 1175 759 auctoritate

413 789 667 830 demonstrare
689 791 815 832 conati
841 798 944 829 sunt.
999 816 1011 828 .
1063 816 1078 827 .
1134 815 1147 827 .
1199 808 1252 818 -
1276 800 1325 836 42

211 877 250 924 §.
284 889 346 917 10.
374 878 617 927 Refutantur
630 878 932 917 Christianorum
947 879 1149 915 sententiae
1164 905 1177 923 ‚

414 951 481 998 qui
506 957 672 987 nostram
695 949 918 987 sententiam
934 974 948 995 ‚
960 950 1061 985 sacri
1075 945 1180 986 Codi-

412 1019 466 1055 cis
491 1019 719 1057 auctoritate
742 1030 788 1057 ac
800 1016 920 1057 indole
941 1017 1130 1067 religionis

413 1086 653 1135 christinae,
681 1089 894 1140 oppugizant
898 1111 1150 1127 .....
1203 1106 1256 1116 --
1284 1095 1331 1134 53

212 1176 251 1225 §.
282 1186 342 1214 11.
371 1174 592 1215 Auctoritas
614 1177 751 1215 veteris
773 1176 963 1215 Ecclesiae
983 1178 1024 1213 in
1050 1184 1179 1215 nostra

411 1257 454 1284 re
474 1246 580 1286 nulla
604 1256 658 1285 est
661 1271 1150 1286 ........
1201 1267 1245 1275 -
1282 1248 1333 1294 65

215 1332 253 1380 §-
285 1344 347 1374 12.
375 1335 495 1383 Sunt,
521 1336 588 1385 qui
602 1343 767 1386 ponant,
781 1334 914 1374 bellum
927 1362 941 1383 ,
950 1344 1042 1387 pace
1060 1342 1182 1374 aeter·

416 1417 468 1444 na
489 1404 682 1454 confecta,
725 1405 808 1444 tolli
833 1415 949 1456 posse.
1004 1430 1018 1444 .
1072 1432 1083 1443 .
1139 1431 1151 1443 .
1204 1425 1257 1434 —
1283 1405 1332 1451 67

216 1490 250 1540 §-
283 1505 345 1543 13.
374 1493 452 1544 Qui
481 1504 612 1545 pacem
647 1503 800 1545 sperant
829 1503 1021 1533 aeternam
1036 1521 1049 1542 ,
1071 1492 1182 1541 finem
1206 1484 1210 1488 ⁴

416 1564 566 1602 minime
589 1565 760 1613 consequi
787 1572 953 1616 possunt.
1007 1590 1019 1602 .
1075 1589 1087 1601 .
1141 1587 1156 1601 .
1205 1582 1260 1593 -
1287 1573 1334 1610 72

218 1653 254 1701 §-
286 1664 346 1701 14.
373 1651 544 1692 Provida
569 1650 647 1691 Dei
667 1663 766 1691 cura
795 1654 836 1691 in
871 1652 962 1693 bello
987 1650 1188 1690 admitten-

420 1719 466 1759 do
492 1718 723 1770 defenditur.
807 1747 1153 1762 ......
1208 1742 1260 1752 —
1287 1724 1333 1769 78

1205 2285 1348 2326 PARS
