1507 2876
254 248 301 287 ⁶2
380 296 384 302 ι
478 240 1144 289 οοΜΜΕΝΊ-Ατίο

253 358 384 404 Itaque
408 356 480 394 hoc
506 356 591 394 loco
620 366 698 394 non
717 355 918 404 docemur,
942 365 1159 396 nostrorum
1183 357 1365 408 salutem,

256 427 339 466 sive
363 435 595 473 terrestrem,
631 427 711 465 sive
739 436 950 475 aeternam,
979 428 1146 468 hostium
1167 439 1279 468 causa
1307 440 1373 468 ne-

258 498 395 547 gligere
428 509 469 535 ac
506 497 697 544 omittere,
751 497 818 536 sed
861 509 1082 547 monemur,
1133 506 1177 538 ut
1213 499 1373 539 fratrum

258 570 370 607 causa
406 577 569 606 nostram
604 569 760 605 salutern
797 567 901 615 parvi
933 567 1126 610 faciamus,
1178 570 1234 609 Ita
1264 570 1373 610 miles

256 637 495 677 Christianus
519 637 638 686 probe
664 649 832 687 quaeque
854 637 1035 677 dirissima
1050 640 1190 688 patitur
1205 668 1219 687 ‚
1241 649 1285 680 ut
1310 641 1375 680 de-

259 694 388 746 fendat
412 709 628 746 innocentes
657 707 742 757 (1).

308 779 410 817 Haec
438 779 520 817 loca
543 778 658 828 igitur
673 807 686 826 ‚
707 779 807 827 'quae
828 778 998 827 inprimis
1024 780 1070 818 ad
1091 780 1232 819 bellum
1261 792 1372 820 omne

259 849 515 887 detestandum
529 848 649 887 afferri
677 850 800 887 solent
815 879 828 897 .‚
854 850 923 888 rite
937 850 1172 899 interpretata
1186 878 1200 898 ‚
1221 851 1371 890 minime

255 930 329 958 nos
363 920 476 969 hujus
510 920 711 958 sententiae
747 920 968 958 convincere
1000 929 1187 970 possunt3
1227 914 1372 971 reliqua

258 996 380 1029 autem
409 989 502 1028 nihil
527 990 778 1029 demonstrare
795 1019 807 1038 ‚
833 991 972 1039 cuique
998 1000 1133 1040 sponte
1166 993 1232 1031 sna
1255 1000 1373 1041 patet.

259 1061 459 1101 Contraria
489 1062 670 1099 sententia
698 1056 893 1110 propterea
928 1070 987 1100 tot
1021 1072 1144 1100 sacrae
1166 1062 1374 1111 scripturae

260 1130 354 1170 locis
368 1129 581 1168 confirmari
602 1131 713 1169 solita
735 1130 828 1178 fuit,
858 1131 961 1179 quod
977 1141 1074 1170 recta
1090 1132 1345 1181 interpretatio
1359 1162 1374 1182 ‚

261 1201 308 1240 ad
330 1200 508 1241 Codicem
528 1201 570 1240 S.
586 1200 656 1239 rite
679 1198 958 1249 intelligendum
972 1212 1044 1241 tarn
1059 1206 1286 1253 necessaria,
1299 1196 1381 1244 no'n'

258 1269 422 1309 adhibita
443 1270 558 1309 fuerit
585 1271 607 1321 ζ
613 1271 678 1321 2).
731 1272 773 1309 In
797 1272 915 1311 literis
930 1274 1043 1312 sacris
1064 1274 1380 1325 interpretandi&

259 1348 409 1380 nostrae
447 1341 650 1379 sententiae
681 1342 879 1380 adversarii
913 1344 1067 1382 maxime
1103 1347 1370 1393 neglexerunt:

261 1412 382 1449 multa
412 1410 536 1449 doceri
558 1414 599 1449 in
625 1412 666 1451 S.
697 1412 739 1451 C.
755 1441 767 1459 ‚
798 1426 895 1463 qaae
918 1426 988 1452 non
1010 1418 1187 1465 proprie,
1216 1415 1281 1454 sed
1297 1425 1377 1456 tro·

254 1483 337 1531 pice
370 1481 473 1520 dieta
511 1481 580 1531 (3)
596 1510 608 1529 ,
661 1496 757 1533 qaae
793 1493 951 1536 propter
983 1485 1182 1535 allegorias
1220 1499 1291 1526 non
1323 1487 1380 1526 ad

258 1552 410 1590 literam
451 1553 739 1603 interpretanda
777 1563 865 1592 sant
902 1553 1002 1604 (4),·
1051 1557 1174 1594 malta
1191 1585 1204 1604 ‚
1243 1558 1376 1608 quibas

261 1623 433 1661 universe
462 1631 498 1661 et
527 1624 747 1675 simpliciter
771 1637 829 1663 res
855 1624 1000 1676 quidem
1027 1626 1374 1677 reprehendantur,

259 1705 425 1742 quaeqae
453 1702 578 1731 tamen
620 1702 690 1731 aut
725 1694 900 1742 ejusmodi
932 1705 1040 1742 sant,
1082 1706 1125 1735 ut
1163 1709 1234 1734 non
1270 1699 1375 1749 ipsae

260 1774 320 1801 res
337 1791 352 1810 ,
378 1775 506 1801 veram
530 1763 663 1802 abusus
697 1772 846 1802 tantum
882 1776 928 1802 ac
950 1766 1071 1813 vitia,
1096 1767 1144 1804 iis
1173 1767 1282 1816 vulgo
1305 1766 1375 1805 ad-

1291 1837 1380 1877 hae·

265 1940 607 1976 Bretschneider,
629 1941 841 1971 tnch.adv.
863 1937 1037 1982 ὑπομένω,
1058 1943 1379 1982 Grotius,Flatt‚

265 1998 328 2028 alii.
442 2031 445 2032 ⁷

298 2054 354 2092 (ι)
375 2056 422 2086 Cf.
444 2058 614 2090 Pareau,
636 2063 666 2090 p.
686 2059 760 2091 216,
782 2064 851 2091 217.
914 2058 915 2061 ’

303 2115 356 2155 (2)
380 2112 430 2143 Cf.
449 2112 574 2140 omnino
596 2113 709 2147 Cras,
730 2113 761 2140 in
778 2113 857 2148 disp.
876 2114 977 2149 laud.,
996 2121 1028 2147 p.
1049 2121 1085 2149 ιγ
1099 2115 1194 2149 -67.
1220 2115 1344 2150 pissim.

300 2170 354 2207 (3)
375 2170 424 2198 Cf.
452 2169 634 2204 Ernesti,
669 2170 748 2198 Inst.
777 2170 918 2206 Interpr.
948 2171 993 2200 N.
1016 2171 1051 2201 F.
1074 2174 1107 2200 Ρ.
1131 2172 1159 2201 1.
1188 2171 1216 2208 S.
1243 2179 1269 2201 1.
1295 2181 1323 2203 c.
1349 2183 1376 2204 2.

268 2224 297 2264 ς).
317 2237 346 2256 2.
366 2234 431 2261 seq.
452 2230 531 2255 Sect.
551 2227 588 2255 11.
614 2234 641 2255 c.
662 2236 691 2264 4.

307 2287 359 2322 (4)
379 2285 429 2313 ef.
454 2283 641 2321 Ernesti,
659 2285 681 2315 1.
707 2286 730 2314 1.
757 2284 790 2314 P.
815 2286 841 2315 1.
869 2284 899 2314 S.
925 2285 950 2314 1.
976 2293 1005 2314 c.
1028 2292 1054 2315 ι.
1086 2285 1115 2322 §.
1133 2294 1164 2323 9.
1198 2286 1282 2316 Sect.
1303 2286 1374 2317 Ila:-

267 2340 294 2380 §.
323 2352 355 2379 4.
377 2347 429 2372 13.
459 2350 545 2377 seqq.
