1523 2745
0 1504 27 1559 l

0 1562 1 1624 l

471 119 974 165 LlTERARIA
1228 139 1276 178 η

177 229 238 267 vel
259 228 421 277 patriae:
451 237 530 268 tum
563 230 658 269 nihil
682 243 703 270 a
736 232 877 271 Pericle
902 242 1032 283 postea
1058 233 1197 274 factum
1221 236 1276 274 vi-

173 300 270 347 deo,
299 301 404 348 quod
428 300 616 350 ingenium
644 302 767 341 minus
800 305 980 352 populare
1001 304 1165 354 indicet3
1193 316 1275 344 narn

174 370 278 416 quod
316 371 455 408 ultimis
500 371 607 411 XIV.
638 372 740 410 annis
779 373 927 421 saepius
972 372 1074 413 frena
1113 376 1285 414 licentiae

172 439 443 478 Athenensium
467 440 631 491 injecerit
647 469 660 488 ‚
687 442 760 479 hoc
779 453 856 480 non
884 444 972 481 odio
988 473 1003 492 ‚
1041 447 1108 484 sed
1124 447 1287 495 pruden-

173 510 247 548 tiae
280 510 516 548 tribuendum
556 521 706 550 censeo.
760 513 876 550 Porro
912 522 1016 562 pater
1062 516 1142 565 ejus
1185 517 1287 556 Xan·

173 578 359 627 thippus‚
394 579 575 618 Miltiadis
609 581 835 620 adversarius
868 592 904 621 et
929 593 1152 633 accusator,
1191 588 1286 630 mul·

106 688 112 693 ,
173 655 298 687 torum
333 649 490 698 potius,
528 661 637 698 quam
676 651 859 690 nobilium
893 652 1017 692 fautor
1042 654 1161 694 fuisse
1184 657 1286 696 vide·

172 724 234 754 tur
261 717 345 767 (1).
397 719 512 769 Quod
542 720 573 757 si
608 731 685 758 non
711 730 846 760 temere
868 723 1006 762 dictum·
1037 725 1112 772 sit,
1141 726 1283 776 aliquid

172 787 299 842 saltem
321 787 466 826 afferret
489 789 535 826 ad
559 790 773 839 opinionem
815 803 979 832 nostram
1013 796 1279 841 stabiliendam.

172 855 350 905 Denique
368 859 586 897 Plutarchus
611 860 692 909 ipse
718 873 796 900 non
822 873 958 902 certam
983 867 1200 906 sententiam
1235 869 1282 908 de

171 926 322 965 Periclis
353 928 478 966 indole
513 930 687 970 habuisse
721 932 869 972 videtur
904 935 990 983 (2).
1045 937 1161 975 Erant
1184 940 1281 977 mul-

174 1004 208 1034 ta
225 1024 239 1042 ‚
286 997 425 1045 quibus
449 1000 494 1037 ad
530 999 610 1038 illas
649 1010 772 1049 partes
812 1004 1063 1043 traduceretur
1098 1007 1278 1055 Pericles,

171 1066 401 1114 partiquuo
426 1067 541 1117 magis
563 1077 686 1108 tutum
712 1081 752 1108 se
774 1080 974 1119 praestaret
994 1073 1040 1110 ab
1069 1075 1278 1115 OStracistni

173 1141 302 1182 metu,
329 1135 461 1184 partim
495 1138 598 1185 quod
617 1138 762 1177 videbat
793 1140 1017 1190 Cimonem,
1045 1144 1280 1193 optimatium

168 1213 292 1252 partes
330 1214 500 1244 secutum
536 1216 573 1244 et
606 1218 690 1246 cum
731 1220 857 1248 eorum
901 1212 1048 1260 gratia,
1084 1223 1162 1253 tum
1195 1215 1276 1254 suis

168 1273 310 1322 opibus
343 1276 547 1314 valentem:
586 1277 649 1316 cui
682 1279 953 1329 adversarium,
994 1295 1104 1331 quam
1143 1296 1279 1324 secun·

169 1345 257 1383 dum
287 1356 369 1384 esse
406 1346 575 1385 malebat.
639 1347 692 1386 Et
720 1360 809 1387 vero
838 1349 943 1389 brevi
971 1352 1174 1402 Periclem,
1212 1355 1277 1404 qui

168 1425 254 1453 cum
291 1415 440 1454 vivendi
478 1416 645 1464 ratione,
697 1427 776 1458 tum
809 1420 1041 1468 eloquentiae
1077 1424 1186 1472 copia
1218 1436 1280 1464 ex-

167 1483 349 1531 cellebat,
376 1485 510 1533 populi
537 1486 652 1534 gratia
684 1487 882 1538 floruisse,
909 1492 967 1530 vel
993 1492 1065 1530 hoc
1087 1504 1282 1544 argumen-

168 1561 210 1591 to
251 1561 334 1601 est,
371 1554 475 1602 quod
504 1555 653 1602 publice
683 1556 746 1595 ille
776 1568 919 1598 creatus
953 1569 1040 1609 est,
1092 1563 1157 1611 qui
1189 1576 1275 1604 cum

166 1622 248 1661 aliis
266 1622 459 1663 Cimonem
477 1634 674 1677 ⁴accusaret
694 1626 776 1677 (3).
816 1629 888 1668 Hic
912 1631 1055 1669 scilicet
1075 1642 1165 1682 post
1183 1637 1279 1674 mul-

169 1698 206 1731 ta
242 1693 423 1741 praeclara
458 1693 623 1733 facinora
659 1697 698 1734 in
733 1698 865 1746 capitis
902 1700 1099 1740 discrimen
1142 1703 1275 1753 venit',

169 1762 275 1809 quasi
307 1762 465 1815 pecunia
502 1773 704 1814 corruptus
739 1769 1056 1818 opportunitatem
1081 1774 1276 1813 vastandae

168 1831 408 1871 Macedoniae
438 1833 661 1883 respuisset.

1146 1913 1275 1963 Quum

205 2019 258 2057 (t)
281 2021 331 2051 Cf.
350 2021 544 2051 Wachsmuth
561 2022 645 2053 Hell.
661 2025 794 2055 Alterth·
818 2026 885 2054 T.1
926 2031 957 2058 Ρ.
972 2029 1009 2058 Π.
1035 2037 1066 2064 p.
1089 2039 1137 2066 ⁵2·

205 2078 255 2114 (ε)
278 2078 347 2106 Vid.
358 2078 396 2107 ad
411 2085 476 2108 not.
488 2087 516 2113 5·
531 2081 580 2110 cl.
597 2088 655 2111 van
666 2083 762 2112 Assen
779 2084 814 2113 ad
824 2085 990 2121 elegantem
1006 2085 1095 2117 sunm
1108 2087 1265 2120 libellum:

165 2135 296 2165 Pericles
314 2143 371 2165 van
388 2135 522 2167 Athene.

204 2191 256 2230 (3)
278 2194 345 2222 Plut
372 2192 451 2222 cim.
470 2201 515 2230 14·
536 2194 581 2224 m.
600 2196 669 2227 Per.
694 2205 739 2227 10.
