1502 2767
229 187 275 225 32
451 173 1111 216 COMMENTATIO

223 286 537 333 exspectandum,
573 283 605 321 si
638 284 698 321 alii
732 284 862 323 foedus
899 285 1074 332 inierint,
1113 284 1205 323 alios
1239 295 1331 323 con-

225 355 375 391 trarium
411 354 458 391 iis
489 353 620 391 foedus
659 355 865 402 pacturos‘.2
903 355 1004 402 Se'd,
1050 354 1082 392 si
1115 356 1175 393 vel
1212 365 1331 403 ponas

226 435 354 462 omnes
394 434 520 472 gentes
549 424 585 461 in
624 434 668 461 eo
704 425 929 472 convenire,
979 425 1046 463 hac
1084 427 1158 463 una
1191 424 1350 462 ratione>

225 493 319 531 bella
353 493 529 541 componi
563 504 701 541 posse,
731 505 820 532 suos
859 505 1033 542 quosque
1071 495 1211 543 legatos
1247 491 1333 532 mit-

223 572 326 608 tere,
379 574 421 600 ac
453 574 577 600 revera
613 564 683 600 tale
711 563 909 602 concilium
944 564 1127 610 existere,
1167 575 1212 601 an
1249 570 1328 602 tum

224 633 330 670 etiam
365 632 529 670 omnium
554 633 782 681 populorum
810 644 883 680 pax
910 633 1117 681 speranda?
1143 631 1329 680 Equidem

222 712 407 749 auguror,
445 701 529 739 talis
567 702 718 739 concilii
749 702 894 740 decreta
931 703 1018 740 huic
1053 702 1155 740 illive
1186 702 1331 750 populo

222 783 314 811 mox
338 771 590 819 displicitura;
647 772 773 818 hunc,
823 772 889 809 ubi
915 784 997 809 cum
1033 772 1137 820 aliis,
1189 771 1329 819 quibus

220 841 345 879 itidem
367 841 590 889 displicuere
604 869 617 889 ‚
649 842 872 890 conjunctus
887 870 900 890 ,
917 841 1126 880 facultatem
1142 841 1212 879 sibi
1229 840 1332 879 obla·

221 920 295 949 tam
325 923 405 950 esse
432 911 560 958 videt,
587 919 629 951 ut
655 911 763 950 armis
794 913 876 962 J'ura
906 923 1001 960 sua,
1029 912 1108 950 sive
1141 922 1228 950 vera
1250 911 1330 949 sive

222 981 399 1029 opinata,
437 980 623 1028 vindicet,
665 981 801 1019 bellum
834 981 1105 1029 excitaturum,
1145 981 1251 1030 ipsos
1279 982 1333 1019 le-

220 1060 326 1099 gatos
360 1061 469 1099 saepe
504 1050 711 1089 dissociatis
743 1051 825 1089 fore
855 1051 1013 1098 animis,
1042 1059 1084 1088 ut
1110 1051 1219 1088 altera
1242 1061 1325 1098 pars

219 1121 320 1168 hoc,
365 1121 458 1159 illud
494 1121 604 1159 altera
638 1130 788 1160 statuat.
864 1120 967 1171 Quid
1005 1120 1151 1159 multa?
1192 1128 1228 1158 et
1266 1120 1329 1157 hic

218 1202 290 1240 pro
322 1203 451 1239 parum
488 1191 591 1228 finita
625 1191 719 1240 justi
752 1199 789 1228 et
823 1191 930 1238 aequi
968 1191 1122 1229 notione
1160 1190 1338 1238 disputa·v

220 1261 323 1299 bitur
353 1270 390 1299 et
427 1261 465 1298 in
498 1261 614 1300 varias
646 1260 846 1298 sententias
883 1260 1094 1298 discedetur
1119 1258 1204 1308 (1).

271 1331 386 1381 Quod
417 1340 537 1369 autem
574 1331 755 1376 diximus,
795 1331 959 1378 exempla
992 1341 1073 1367 esse
1106 1329 1330 1376 civitatum,

218 1401 319 1449 pacis
350 1401 620 1439 conservandae
653 1400 795 1449 gratia,
846 1399 993 1438 foedere
1027 1401 1264 1450 junctarum,
1291 1399 1330 1438 id

218 1471 336 1519 prima
363 1478 503 1508 tantum
545 1471 668 1519 specie
705 1471 825 1518 valet;
856 1482 968 1518 quum
999 1471 1070 1508 tale
1097 1469 1228 1508 foedus
1251 1480 1327 1507 uon

219 1542 314 1578 inter
335 1552 462 1578 omnes
479 1568 492 1585 ,
517 1540 582 1579 sed
602 1540 845 1588 paucissimos
872 1549 1038 1587 tautum,
1065 1537 1191 1579 1‘0cum
1229 1539 1328 1578 obti-

220 1611 366 1657 nuerit,
398 1621 433 1648 et
450 1639 462 1657 ,
497 1611 599 1658 quod
622 1619 770 1648 nostrae
798 1610 1000 1648 sententiae
1037 1610 1193 1648 maxime
1218 1609 1325 1648 fidem

216 1679 331 1731 facit,
359 1680 512 1719 historia
545 1682 703 1726 doceat,
739 1680 907 1718 civitates
943 1680 1023 1717 illas
1061 1679 1147 1718 olim
1179 1679 1327 1718 foedere

214 1753 387 1801 J'unctas,
416 1762 502 1788 mox
533 1751 664 1788 iterum
688 1751 890 1799 disjunctas
915 1748 1047 1787 fuisse,

270 1821 418 1871 Quodsi
452 1822 624 1868 politicae
653 1820 935 1869 conjunctiones
970 1828 1111 1857 tautum
1148 1829 1225 1858 non
1263 1831 1327 1858 va·

216 1894 339 1936 leant,
393 1902 468 1929 nou
504 1890 610 1928 facile
644 1890 751 1937 quis,
803 1889 990 1936 religionis
1026 1891 1122 1928 Chr.
1162 1890 1323 1929 indolem

219 1961 471 2010 perspiciens,
510 1960 582 1999 hoc
617 1960 661 1997 ab
700 1958 893 2005 Ecclesia,
943 1959 1119 1998 Pontifice
1155 1958 1321 1998 Maximo

218 2033 276 2070 vel
300 2032 371 2069 alio
394 2031 476 2069 viro
492 2030 530 2068 in
548 2030 715 2068 Ecclesia
741 2029 913 2078 primario
928 2056 940 2077 ,
968 2029 1095 2077 perfici
1121 2029 1320 2077 cupiverit,

1196 2100 1295 2137 Nam·
1313 2127 1326 2146 ,

260 2198 310 2232 (ι)
333 2197 388 2225 Csr
421 2197 593 2231 lirug‚z‘n
615 2197 814 2232 Aplzorismen
826 2204 884 2224 zur
906 2196 1101 2232 Plzilosophte
1118 2194 1167 2224 des
1188 2195 1325 2231 Rechts,

221 2256 310 2283 Ἱόςη.
336 2255 357 2282 l.
381 2263 411 2289 p.
439 2257 501 2289 ιε).
522 2261 589 2288 sqq.
