<?xml version="1.0" encoding="UTF-8"?>
<!DOCTYPE html PUBLIC "-//W3C//DTD XHTML 1.0 Transitional//EN"
    "http://www.w3.org/TR/xhtml1/DTD/xhtml1-transitional.dtd">
<html xmlns="http://www.w3.org/1999/xhtml" xml:lang="en" lang="en">
 <head>
  <title>
</title>
<meta http-equiv="Content-Type" content="text/html;charset=utf-8" />
  <meta name='ocr-system' content='tesseract 3.04.00' />
  <meta name='ocr-capabilities' content='ocr_page ocr_carea ocr_par ocr_line ocrx_word'/>
</head>
<body>
  <div class='ocr_page' id='page_1' title='image "annalesacademiae33rhen_0390.png"; bbox 0 0 1502 2767; ppageno 0'>
   <div class='ocr_carea' id='block_1_1' title="bbox 194 170 1072 228">
    <p class='ocr_par' dir='ltr' id='par_1_1' title="bbox 194 170 1072 228">
     <span class='ocr_line' id='line_1_1' title="bbox 194 170 1072 228; baseline -0.009 0"><span class='ocrx_word' id='word_1_1' title='bbox 194 191 266 228; x_wconf 84' lang='lat'><strong>106</strong></span> <span class='ocrx_word' id='word_1_2' title='bbox 412 170 1072 227; x_wconf 74' lang='lat' dir='ltr'><strong>COMMENTATIO</strong></span> 
     </span>
    </p>
   </div>
   <div class='ocr_carea' id='block_1_2' title="bbox 186 290 1310 2235">
    <p class='ocr_par' dir='ltr' id='par_1_2' title="bbox 186 290 1310 2235">
     <span class='ocr_line' id='line_1_2' title="bbox 194 290 1297 336; baseline -0.005 0"><span class='ocrx_word' id='word_1_3' title='bbox 194 297 278 336; x_wconf 89' lang='lat' dir='ltr'><strong>Tali</strong></span> <span class='ocrx_word' id='word_1_4' title='bbox 305 296 475 334; x_wconf 85' lang='lat' dir='ltr'><strong>inimicos</strong></span> <span class='ocrx_word' id='word_1_5' title='bbox 515 292 692 332; x_wconf 89' lang='lat' dir='ltr'><strong>tractandi</strong></span> <span class='ocrx_word' id='word_1_6' title='bbox 724 292 865 330; x_wconf 87' lang='lat' dir='ltr'><strong>ratione</strong></span> <span class='ocrx_word' id='word_1_7' title='bbox 899 290 1106 331; x_wconf 79' lang='lat' dir='ltr'><strong>Christiani</strong></span> <span class='ocrx_word' id='word_1_8' title='bbox 1145 291 1297 331; x_wconf 82' lang='lat' dir='ltr'><strong>nomine</strong></span> 
     </span>
     <span class='ocr_line' id='line_1_3' title="bbox 192 362 1295 417; baseline -0.005 -11"><span class='ocrx_word' id='word_1_9' title='bbox 192 369 325 417; x_wconf 87' lang='lat' dir='ltr'><strong>dignos</strong></span> <span class='ocrx_word' id='word_1_10' title='bbox 349 377 430 404; x_wconf 91' lang='lat' dir='ltr'><strong>sese</strong></span> <span class='ocrx_word' id='word_1_11' title='bbox 446 372 697 413; x_wconf 88' lang='lat' dir='ltr'><strong>praestarent,</strong></span> <span class='ocrx_word' id='word_1_12' title='bbox 726 371 762 400; x_wconf 89' lang='lat' dir='ltr'><strong>et</strong></span> <span class='ocrx_word' id='word_1_13' title='bbox 776 374 861 411; x_wconf 89' lang='lat' dir='ltr'><strong>prae</strong></span> <span class='ocrx_word' id='word_1_14' title='bbox 885 362 1086 412; x_wconf 87' lang='lat' dir='ltr'><strong>gentilibus</strong></span> <span class='ocrx_word' id='word_1_15' title='bbox 1104 362 1177 409; x_wconf 89' lang='lat' dir='ltr'><strong>‚ab</strong></span> <span class='ocrx_word' id='word_1_16' title='bbox 1191 362 1295 400; x_wconf 89' lang='lat' dir='ltr'><strong>hisce</strong></span> 
     </span>
     <span class='ocr_line' id='line_1_4' title="bbox 189 432 1296 483; baseline -0.005 -7"><span class='ocrx_word' id='word_1_17' title='bbox 189 437 303 476; x_wconf 84' lang='lat' dir='ltr'><strong>animi</strong></span> <span class='ocrx_word' id='word_1_18' title='bbox 329 435 500 474; x_wconf 86' lang='lat' dir='ltr'><strong>sensibus</strong></span> <span class='ocrx_word' id='word_1_19' title='bbox 523 445 679 483; x_wconf 86' lang='lat' dir='ltr'><strong>prorsus</strong></span> <span class='ocrx_word' id='word_1_20' title='bbox 694 432 820 471; x_wconf 81' lang='lat' dir='ltr'><strong>alienis</strong></span> <span class='ocrx_word' id='word_1_21' title='bbox 835 461 848 480; x_wconf 85' lang='lat'>‚</span> <span class='ocrx_word' id='word_1_22' title='bbox 866 434 976 482; x_wconf 88' lang='lat' dir='ltr'><strong>longe</strong></span> <span class='ocrx_word' id='word_1_23' title='bbox 993 433 1230 471; x_wconf 88' lang='lat' dir='ltr'><strong>excellerent.</strong></span> <span class='ocrx_word' id='word_1_24' title='bbox 1244 455 1296 462; x_wconf 96' lang='lat'><strong>—</strong></span> 
     </span>
     <span class='ocr_line' id='line_1_5' title="bbox 189 502 1295 556; baseline -0.005 -10"><span class='ocrx_word' id='word_1_25' title='bbox 189 509 231 546; x_wconf 84' lang='lat' dir='ltr'>U</span> <span class='ocrx_word' id='word_1_26' title='bbox 234 506 388 556; x_wconf 61' lang='lat' dir='ltr'><strong>tilgitur</strong></span> <span class='ocrx_word' id='word_1_27' title='bbox 400 506 467 543; x_wconf 86' lang='lat' dir='ltr'><strong>hac</strong></span> <span class='ocrx_word' id='word_1_28' title='bbox 485 504 559 542; x_wconf 88' lang='lat' dir='ltr'><strong>loci</strong></span> <span class='ocrx_word' id='word_1_29' title='bbox 582 503 883 552; x_wconf 86' lang='lat' dir='ltr'><strong>interpretatione</strong></span> <span class='ocrx_word' id='word_1_30' title='bbox 892 505 965 554; x_wconf 72' lang='lat' dir='ltr'><strong>Jam</strong></span> <span class='ocrx_word' id='word_1_31' title='bbox 981 511 1082 552; x_wconf 89' lang='lat' dir='ltr'><strong>patet</strong></span> <span class='ocrx_word' id='word_1_32' title='bbox 1094 503 1192 541; x_wconf 90' lang='lat' dir='ltr'><strong>haud</strong></span> <span class='ocrx_word' id='word_1_33' title='bbox 1202 502 1295 540; x_wconf 86' lang='lat' dir='ltr'><strong>adeo</strong></span> 
     </span>
     <span class='ocr_line' id='line_1_6' title="bbox 189 572 1297 626; baseline -0.006 -10"><span class='ocrx_word' id='word_1_34' title='bbox 189 578 277 616; x_wconf 88' lang='lat' dir='ltr'><strong>belli</strong></span> <span class='ocrx_word' id='word_1_35' title='bbox 304 577 457 626; x_wconf 84' lang='lat' dir='ltr'><strong>gerundi</strong></span> <span class='ocrx_word' id='word_1_36' title='bbox 486 574 670 613; x_wconf 85' lang='lat' dir='ltr'><strong>licentiam</strong></span> <span class='ocrx_word' id='word_1_37' title='bbox 696 573 910 622; x_wconf 86' lang='lat' dir='ltr'><strong>prohiberi,</strong></span> <span class='ocrx_word' id='word_1_38' title='bbox 940 573 990 610; x_wconf 89' lang='lat' dir='ltr'><strong>ita</strong></span> <span class='ocrx_word' id='word_1_39' title='bbox 1008 601 1021 617; x_wconf 83' lang='lat'>‚</span> <span class='ocrx_word' id='word_1_40' title='bbox 1050 584 1146 621; x_wconf 90' lang='lat' dir='ltr'><strong>quae</strong></span> <span class='ocrx_word' id='word_1_41' title='bbox 1171 572 1297 610; x_wconf 83' lang='lat' dir='ltr'><strong>forsan</strong></span> 
     </span>
     <span class='ocr_line' id='line_1_7' title="bbox 189 640 1298 691; baseline -0.008 -4"><span class='ocrx_word' id='word_1_42' title='bbox 189 649 275 687; x_wconf 86' lang='lat' dir='ltr'><strong>huie</strong></span> <span class='ocrx_word' id='word_1_43' title='bbox 294 647 395 685; x_wconf 89' lang='lat' dir='ltr'><strong>illive</strong></span> <span class='ocrx_word' id='word_1_44' title='bbox 413 645 596 683; x_wconf 87' lang='lat' dir='ltr'><strong>dubitatio</strong></span> <span class='ocrx_word' id='word_1_45' title='bbox 619 643 857 689; x_wconf 81' lang='lat' dir='ltr'><strong>remanserit,</strong></span> <span class='ocrx_word' id='word_1_46' title='bbox 885 654 1039 691; x_wconf 88' lang='lat' dir='ltr'><strong>prorsus</strong></span> <span class='ocrx_word' id='word_1_47' title='bbox 1063 640 1267 690; x_wconf 83' lang='lat' dir='ltr'><strong>disparebit</strong></span> <span class='ocrx_word' id='word_1_48' title='bbox 1284 669 1298 688; x_wconf 88' lang='lat'><strong>,</strong></span> 
     </span>
     <span class='ocr_line' id='line_1_8' title="bbox 189 713 1301 762; baseline -0.006 -7"><span class='ocrx_word' id='word_1_49' title='bbox 189 717 255 756; x_wconf 89' lang='lat' dir='ltr'><strong>ubi</strong></span> <span class='ocrx_word' id='word_1_50' title='bbox 293 716 543 762; x_wconf 86' lang='lat' dir='ltr'><strong>attendimus,</strong></span> <span class='ocrx_word' id='word_1_51' title='bbox 584 726 678 762; x_wconf 89' lang='lat' dir='ltr'><strong>quae</strong></span> <span class='ocrx_word' id='word_1_52' title='bbox 713 713 1012 753; x_wconf 88' lang='lat' dir='ltr'><strong>Christianorum</strong></span> <span class='ocrx_word' id='word_1_53' title='bbox 1039 721 1128 750; x_wconf 88' lang='lat' dir='ltr'><strong>tunc</strong></span> <span class='ocrx_word' id='word_1_54' title='bbox 1156 714 1301 760; x_wconf 82' lang='lat' dir='ltr'><strong>tempo·</strong></span> 
     </span>
     <span class='ocr_line' id='line_1_9' title="bbox 187 773 1301 832; baseline -0.004 -8"><span class='ocrx_word' id='word_1_55' title='bbox 187 787 239 825; x_wconf 88' lang='lat' dir='ltr'><strong>ris</strong></span> <span class='ocrx_word' id='word_1_56' title='bbox 268 785 381 824; x_wconf 88' lang='lat' dir='ltr'><strong>fuerit</strong></span> <span class='ocrx_word' id='word_1_57' title='bbox 417 784 583 823; x_wconf 90' lang='lat' dir='ltr'><strong>conditio</strong></span> <span class='ocrx_word' id='word_1_58' title='bbox 608 793 643 821; x_wconf 90' lang='lat' dir='ltr'><strong>et</strong></span> <span class='ocrx_word' id='word_1_59' title='bbox 668 784 893 832; x_wconf 88' lang='lat' dir='ltr'><strong>quibuscum</strong></span> <span class='ocrx_word' id='word_1_60' title='bbox 921 782 1133 820; x_wconf 86' lang='lat' dir='ltr'><strong>hominibus</strong></span> <span class='ocrx_word' id='word_1_61' title='bbox 1165 773 1301 820; x_wconf 72' lang='lat' dir='ltr'><strong>etma-</strong></span> 
     </span>
     <span class='ocr_line' id='line_1_10' title="bbox 188 847 1303 906; baseline -0.005 -12"><span class='ocrx_word' id='word_1_62' title='bbox 188 856 405 906; x_wconf 88' lang='lat' dir='ltr'><strong>gistratibus</strong></span> <span class='ocrx_word' id='word_1_63' title='bbox 440 867 515 893; x_wconf 90' lang='lat' dir='ltr'><strong>rem</strong></span> <span class='ocrx_word' id='word_1_64' title='bbox 553 854 709 892; x_wconf 84' lang='lat' dir='ltr'><strong>maxime</strong></span> <span class='ocrx_word' id='word_1_65' title='bbox 750 853 913 891; x_wconf 89' lang='lat' dir='ltr'><strong>habituri</strong></span> <span class='ocrx_word' id='word_1_66' title='bbox 950 847 1099 891; x_wconf 83' lang='lat' dir='ltr'><strong>essent.</strong></span> <span class='ocrx_word' id='word_1_67' title='bbox 1179 847 1303 889; x_wconf 83' lang='lat' dir='ltr'><strong>Nimi-</strong></span> 
     </span>
     <span class='ocr_line' id='line_1_11' title="bbox 188 920 1304 973; baseline -0.004 -8"><span class='ocrx_word' id='word_1_68' title='bbox 188 938 271 966; x_wconf 78' lang='lat' dir='ltr'><strong>rum</strong></span> <span class='ocrx_word' id='word_1_69' title='bbox 295 926 463 965; x_wconf 88' lang='lat' dir='ltr'><strong>futurum</strong></span> <span class='ocrx_word' id='word_1_70' title='bbox 488 933 591 973; x_wconf 87' lang='lat' dir='ltr'><strong>erat,</strong></span> <span class='ocrx_word' id='word_1_71' title='bbox 616 933 658 962; x_wconf 93' lang='lat' dir='ltr'><strong>ut</strong></span> <span class='ocrx_word' id='word_1_72' title='bbox 672 924 765 972; x_wconf 86' lang='lat' dir='ltr'><strong>Jesu</strong></span> <span class='ocrx_word' id='word_1_73' title='bbox 790 931 1004 962; x_wconf 88' lang='lat' dir='ltr'><strong>sectatores·</strong></span> <span class='ocrx_word' id='word_1_74' title='bbox 1023 933 1169 960; x_wconf 89' lang='lat' dir='ltr'><strong>summo</strong></span> <span class='ocrx_word' id='word_1_75' title='bbox 1192 920 1304 960; x_wconf 86' lang='lat' dir='ltr'><strong>habe·-</strong></span> 
     </span>
     <span class='ocr_line' id='line_1_12' title="bbox 188 990 1301 1042; baseline -0.007 -6"><span class='ocrx_word' id='word_1_76' title='bbox 188 1006 315 1036; x_wconf 83' lang='lat' dir='ltr'><strong>rentur</strong></span> <span class='ocrx_word' id='word_1_77' title='bbox 343 1004 559 1042; x_wconf 86' lang='lat' dir='ltr'><strong>contemtu,</strong></span> <span class='ocrx_word' id='word_1_78' title='bbox 588 1003 624 1032; x_wconf 91' lang='lat' dir='ltr'><strong>et</strong></span> <span class='ocrx_word' id='word_1_79' title='bbox 653 994 685 1032; x_wconf 88' lang='lat' dir='ltr'><strong>si</strong></span> <span class='ocrx_word' id='word_1_80' title='bbox 722 1005 797 1031; x_wconf 88' lang='lat' dir='ltr'><strong>rem</strong></span> <span class='ocrx_word' id='word_1_81' title='bbox 834 993 878 1031; x_wconf 89' lang='lat' dir='ltr'><strong>ad</strong></span> <span class='ocrx_word' id='word_1_82' title='bbox 914 991 1150 1041; x_wconf 82' lang='lat' dir='ltr'><strong>magistratus</strong></span> <span class='ocrx_word' id='word_1_83' title='bbox 1183 990 1301 1039; x_wconf 85' lang='lat' dir='ltr'><strong>(qui,</strong></span> 
     </span>
     <span class='ocr_line' id='line_1_13' title="bbox 186 1056 1305 1114; baseline -0.008 -8"><span class='ocrx_word' id='word_1_84' title='bbox 186 1069 353 1107; x_wconf 86' lang='lat' dir='ltr'><strong>Deorum</strong></span> <span class='ocrx_word' id='word_1_85' title='bbox 385 1065 526 1114; x_wconf 90' lang='lat' dir='ltr'><strong>quippe</strong></span> <span class='ocrx_word' id='word_1_86' title='bbox 544 1066 697 1103; x_wconf 89' lang='lat' dir='ltr'><strong>audaces</strong></span> <span class='ocrx_word' id='word_1_87' title='bbox 722 1071 973 1101; x_wconf 89' lang='lat' dir='ltr'><strong>contemtores</strong></span> <span class='ocrx_word' id='word_1_88' title='bbox 998 1056 1210 1109; x_wconf 79' lang='lat' dir='ltr'><strong>summique</strong></span> <span class='ocrx_word' id='word_1_89' title='bbox 1232 1060 1305 1097; x_wconf 89' lang='lat' dir='ltr'><strong>Im-</strong></span> 
     </span>
     <span class='ocr_line' id='line_1_14' title="bbox 189 1128 1304 1188; baseline -0.008 -13"><span class='ocrx_word' id='word_1_90' title='bbox 189 1137 283 1188; x_wconf 87' lang='lat' dir='ltr'><strong>perii</strong></span> <span class='ocrx_word' id='word_1_91' title='bbox 323 1135 529 1185; x_wconf 86' lang='lat' dir='ltr'><strong>occupandi</strong></span> <span class='ocrx_word' id='word_1_92' title='bbox 566 1134 692 1173; x_wconf 86' lang='lat' dir='ltr'><strong>studio</strong></span> <span class='ocrx_word' id='word_1_93' title='bbox 733 1133 868 1170; x_wconf 91' lang='lat' dir='ltr'><strong>ductos</strong></span> <span class='ocrx_word' id='word_1_94' title='bbox 914 1130 1151 1170; x_wconf 88' lang='lat' dir='ltr'><strong>Christianos</strong></span> <span class='ocrx_word' id='word_1_95' title='bbox 1188 1128 1304 1178; x_wconf 85' lang='lat' dir='ltr'><strong>pestis</strong></span> 
     </span>
     <span class='ocr_line' id='line_1_15' title="bbox 191 1201 1307 1251; baseline -0.009 -5"><span class='ocrx_word' id='word_1_96' title='bbox 191 1207 306 1246; x_wconf 88' lang='lat' dir='ltr'><strong>instar</strong></span> <span class='ocrx_word' id='word_1_97' title='bbox 336 1205 500 1244; x_wconf 86' lang='lat' dir='ltr'><strong>habituri</strong></span> <span class='ocrx_word' id='word_1_98' title='bbox 537 1202 661 1251; x_wconf 86' lang='lat' dir='ltr'><strong>erant)</strong></span> <span class='ocrx_word' id='word_1_99' title='bbox 697 1201 903 1248; x_wconf 89' lang='lat' dir='ltr'><strong>deferrent,</strong></span> <span class='ocrx_word' id='word_1_100' title='bbox 957 1201 1064 1250; x_wconf 87' lang='lat' dir='ltr'><strong>peJ&#39;us</strong></span> <span class='ocrx_word' id='word_1_101' title='bbox 1099 1201 1145 1238; x_wconf 90' lang='lat' dir='ltr'><strong>de</strong></span> <span class='ocrx_word' id='word_1_102' title='bbox 1175 1210 1215 1236; x_wconf 92' lang='lat' dir='ltr'><strong>se</strong></span> <span class='ocrx_word' id='word_1_103' title='bbox 1248 1209 1307 1236; x_wconf 86' lang='lat' dir='ltr'><strong>ac·</strong></span> 
     </span>
     <span class='ocr_line' id='line_1_16' title="bbox 191 1267 1304 1325; baseline -0.011 -8"><span class='ocrx_word' id='word_1_104' title='bbox 191 1287 270 1317; x_wconf 88' lang='lat' dir='ltr'><strong>tum</strong></span> <span class='ocrx_word' id='word_1_105' title='bbox 304 1275 490 1325; x_wconf 87' lang='lat' dir='ltr'><strong>experturi</strong></span> <span class='ocrx_word' id='word_1_106' title='bbox 526 1281 655 1319; x_wconf 83' lang='lat' dir='ltr'><strong>erant,</strong></span> <span class='ocrx_word' id='word_1_107' title='bbox 697 1282 805 1319; x_wconf 87' lang='lat' dir='ltr'><strong>quam</strong></span> <span class='ocrx_word' id='word_1_108' title='bbox 839 1270 899 1318; x_wconf 92' lang='lat' dir='ltr'><strong>si,</strong></span> <span class='ocrx_word' id='word_1_109' title='bbox 937 1270 1119 1318; x_wconf 87' lang='lat' dir='ltr'><strong>patienter</strong></span> <span class='ocrx_word' id='word_1_110' title='bbox 1153 1267 1304 1318; x_wconf 82' lang='lat' dir='ltr'><strong>inJ‘urias</strong></span> 
     </span>
     <span class='ocr_line' id='line_1_17' title="bbox 189 1339 1305 1393; baseline -0.012 -5"><span class='ocrx_word' id='word_1_111' title='bbox 189 1350 376 1393; x_wconf 85' lang='lat' dir='ltr'><strong>ferentes,</strong></span> <span class='ocrx_word' id='word_1_112' title='bbox 402 1345 593 1383; x_wconf 90' lang='lat' dir='ltr'><strong>siluissent</strong></span> <span class='ocrx_word' id='word_1_113' title='bbox 619 1342 762 1390; x_wconf 87' lang='lat' dir='ltr'><strong>potius.</strong></span> <span class='ocrx_word' id='word_1_114' title='bbox 811 1341 951 1379; x_wconf 90' lang='lat' dir='ltr'><strong>Nonne</strong></span> <span class='ocrx_word' id='word_1_115' title='bbox 976 1339 1014 1377; x_wconf 91' lang='lat' dir='ltr'><strong>in</strong></span> <span class='ocrx_word' id='word_1_116' title='bbox 1043 1339 1106 1377; x_wconf 91' lang='lat' dir='ltr'><strong>tali</strong></span> <span class='ocrx_word' id='word_1_117' title='bbox 1128 1339 1305 1386; x_wconf 84' lang='lat' dir='ltr'><strong>civitate,</strong></span> 
     </span>
     <span class='ocr_line' id='line_1_18' title="bbox 190 1404 1307 1466; baseline -0.01 -9"><span class='ocrx_word' id='word_1_118' title='bbox 190 1419 284 1464; x_wconf 88' lang='lat' dir='ltr'><strong>ubi,</strong></span> <span class='ocrx_word' id='word_1_119' title='bbox 323 1420 512 1466; x_wconf 83' lang='lat' dir='ltr'><strong>grassante</strong></span> <span class='ocrx_word' id='word_1_120' title='bbox 546 1412 623 1452; x_wconf 90' lang='lat' dir='ltr'><strong>veri</strong></span> <span class='ocrx_word' id='word_1_121' title='bbox 661 1404 805 1465; x_wconf 15' lang='lat' dir='ltr'><strong>cultus*</strong></span> <span class='ocrx_word' id='word_1_122' title='bbox 831 1411 903 1449; x_wconf 90' lang='lat' dir='ltr'><strong>Dei</strong></span> <span class='ocrx_word' id='word_1_123' title='bbox 939 1410 1145 1459; x_wconf 85' lang='lat' dir='ltr'><strong>ignorantia</strong></span> <span class='ocrx_word' id='word_1_124' title='bbox 1171 1418 1207 1447; x_wconf 90' lang='lat' dir='ltr'><strong>et</strong></span> <span class='ocrx_word' id='word_1_125' title='bbox 1244 1421 1307 1447; x_wconf 89' lang='lat' dir='ltr'><strong>su-</strong></span> 
     </span>
     <span class='ocr_line' id='line_1_19' title="bbox 189 1480 1304 1538; baseline -0.009 -12"><span class='ocrx_word' id='word_1_126' title='bbox 189 1487 439 1538; x_wconf 85' lang='lat' dir='ltr'><strong>perstitione,</strong></span> <span class='ocrx_word' id='word_1_127' title='bbox 476 1483 595 1522; x_wconf 85' lang='lat' dir='ltr'><strong>cuivis</strong></span> <span class='ocrx_word' id='word_1_128' title='bbox 636 1483 789 1531; x_wconf 88' lang='lat' dir='ltr'><strong>impune</strong></span> <span class='ocrx_word' id='word_1_129' title='bbox 826 1481 944 1528; x_wconf 83' lang='lat' dir='ltr'><strong>alios,</strong></span> <span class='ocrx_word' id='word_1_130' title='bbox 986 1492 1082 1528; x_wconf 91' lang='lat' dir='ltr'><strong>quos</strong></span> <span class='ocrx_word' id='word_1_131' title='bbox 1119 1480 1304 1518; x_wconf 89' lang='lat' dir='ltr'><strong>innocuos</strong></span> 
     </span>
     <span class='ocr_line' id='line_1_20' title="bbox 192 1549 1303 1602; baseline -0.01 -4"><span class='ocrx_word' id='word_1_132' title='bbox 192 1569 390 1598; x_wconf 91' lang='lat' dir='ltr'><strong>commune</strong></span> <span class='ocrx_word' id='word_1_133' title='bbox 418 1555 545 1594; x_wconf 88' lang='lat' dir='ltr'><strong>odium</strong></span> <span class='ocrx_word' id='word_1_134' title='bbox 570 1552 833 1602; x_wconf 87' lang='lat' dir='ltr'><strong>persequitur,</strong></span> <span class='ocrx_word' id='word_1_135' title='bbox 865 1550 1000 1599; x_wconf 73' lang='lat' dir='ltr'><strong>injttria</strong></span> <span class='ocrx_word' id='word_1_136' title='bbox 1025 1550 1167 1588; x_wconf 86' lang='lat' dir='ltr'><strong>afficere</strong></span> <span class='ocrx_word' id='word_1_137' title='bbox 1189 1549 1303 1595; x_wconf 80' lang='lat' dir='ltr'><strong>licet,</strong></span> 
     </span>
     <span class='ocr_line' id='line_1_21' title="bbox 193 1620 1308 1678; baseline -0.01 -11"><span class='ocrx_word' id='word_1_138' title='bbox 193 1629 323 1678; x_wconf 88' lang='lat' dir='ltr'><strong>potius</strong></span> <span class='ocrx_word' id='word_1_139' title='bbox 365 1626 414 1665; x_wconf 90' lang='lat' dir='ltr'><strong>sit</strong></span> <span class='ocrx_word' id='word_1_140' title='bbox 444 1627 573 1664; x_wconf 83' lang='lat' dir='ltr'><strong>damna</strong></span> <span class='ocrx_word' id='word_1_141' title='bbox 610 1631 646 1661; x_wconf 92' lang='lat' dir='ltr'><strong>et</strong></span> <span class='ocrx_word' id='word_1_142' title='bbox 679 1622 897 1660; x_wconf 87' lang='lat' dir='ltr'><strong>detrimenta</strong></span> <span class='ocrx_word' id='word_1_143' title='bbox 936 1620 1108 1668; x_wconf 87' lang='lat' dir='ltr'><strong>corporis</strong></span> <span class='ocrx_word' id='word_1_144' title='bbox 1157 1630 1308 1668; x_wconf 87' lang='lat' dir='ltr'><strong>posses-</strong></span> 
     </span>
     <span class='ocr_line' id='line_1_22' title="bbox 192 1690 1307 1745; baseline -0.012 -7"><span class='ocrx_word' id='word_1_145' title='bbox 192 1701 419 1745; x_wconf 87' lang='lat' dir='ltr'><strong>sionumque</strong></span> <span class='ocrx_word' id='word_1_146' title='bbox 463 1695 567 1744; x_wconf 87' lang='lat' dir='ltr'><strong>pati,</strong></span> <span class='ocrx_word' id='word_1_147' title='bbox 621 1693 712 1741; x_wconf 91' lang='lat' dir='ltr'><strong>quin</strong></span> <span class='ocrx_word' id='word_1_148' title='bbox 755 1692 828 1740; x_wconf 89' lang='lat' dir='ltr'><strong>ip‘si</strong></span> <span class='ocrx_word' id='word_1_149' title='bbox 870 1690 1031 1728; x_wconf 83' lang='lat' dir='ltr'><strong>libertati</strong></span> <span class='ocrx_word' id='word_1_150' title='bbox 1073 1690 1307 1737; x_wconf 86' lang='lat' dir='ltr'><strong>aliquatenus</strong></span> 
     </span>
     <span class='ocr_line' id='line_1_23' title="bbox 197 1758 1308 1815; baseline -0.012 -7"><span class='ocrx_word' id='word_1_151' title='bbox 197 1771 351 1815; x_wconf 87' lang='lat' dir='ltr'><strong>cedere,</strong></span> <span class='ocrx_word' id='word_1_152' title='bbox 402 1778 511 1815; x_wconf 88' lang='lat' dir='ltr'><strong>quam</strong></span> <span class='ocrx_word' id='word_1_153' title='bbox 562 1764 767 1802; x_wconf 84' lang='lat' dir='ltr'><strong>resistendo</strong></span> <span class='ocrx_word' id='word_1_154' title='bbox 816 1763 953 1811; x_wconf 77' lang='lat' dir='ltr'><strong>niaJ&#39;ore</strong></span> <span class='ocrx_word' id='word_1_155' title='bbox 1006 1761 1138 1798; x_wconf 87' lang='lat' dir='ltr'><strong>damno</strong></span> <span class='ocrx_word' id='word_1_156' title='bbox 1185 1758 1308 1805; x_wconf 86' lang='lat' dir='ltr'><strong>affici,</strong></span> 
     </span>
     <span class='ocr_line' id='line_1_24' title="bbox 194 1829 1308 1888; baseline -0.013 -10"><span class='ocrx_word' id='word_1_157' title='bbox 194 1839 371 1888; x_wconf 65' lang='lat' dir='ltr'><strong>spoliari,</strong></span> <span class='ocrx_word' id='word_1_158' title='bbox 412 1836 529 1886; x_wconf 81' lang='lat' dir='ltr'><strong>premi</strong></span> <span class='ocrx_word' id='word_1_159' title='bbox 559 1843 595 1872; x_wconf 91' lang='lat' dir='ltr'><strong>et</strong></span> <span class='ocrx_word' id='word_1_160' title='bbox 629 1832 782 1881; x_wconf 87' lang='lat' dir='ltr'><strong>quaevis</strong></span> <span class='ocrx_word' id='word_1_161' title='bbox 812 1832 902 1869; x_wconf 85' lang='lat' dir='ltr'><strong>mala</strong></span> <span class='ocrx_word' id='word_1_162' title='bbox 943 1829 1114 1879; x_wconf 74' lang='lat' dir='ltr'><strong>perpeti?</strong></span> <span class='ocrx_word' id='word_1_163' title='bbox 1141 1829 1243 1879; x_wconf 89' lang='lat' dir='ltr'><strong>Quin</strong></span> <span class='ocrx_word' id='word_1_164' title='bbox 1270 1829 1308 1865; x_wconf 91' lang='lat' dir='ltr'><strong>in</strong></span> 
     </span>
     <span class='ocr_line' id='line_1_25' title="bbox 194 1896 1309 1954; baseline -0.013 -5"><span class='ocrx_word' id='word_1_165' title='bbox 194 1910 371 1954; x_wconf 87' lang='lat' dir='ltr'><strong>civitate,</strong></span> <span class='ocrx_word' id='word_1_166' title='bbox 424 1905 488 1943; x_wconf 89' lang='lat' dir='ltr'><strong>ubi</strong></span> <span class='ocrx_word' id='word_1_167' title='bbox 520 1903 609 1941; x_wconf 89' lang='lat' dir='ltr'><strong>boni</strong></span> <span class='ocrx_word' id='word_1_168' title='bbox 641 1904 690 1941; x_wconf 89' lang='lat' dir='ltr'><strong>ita</strong></span> <span class='ocrx_word' id='word_1_169' title='bbox 732 1900 1026 1950; x_wconf 88' lang='lat' dir='ltr'><strong>premebantur,</strong></span> <span class='ocrx_word' id='word_1_170' title='bbox 1080 1898 1193 1937; x_wconf 57' lang='lat' dir='ltr'><strong>facile*</strong></span> <span class='ocrx_word' id='word_1_171' title='bbox 1229 1896 1309 1935; x_wconf 87' lang='lat' dir='ltr'><strong>fieri</strong></span> 
     </span>
     <span class='ocr_line' id='line_1_26' title="bbox 194 1970 1310 2030; baseline -0.013 -11"><span class='ocrx_word' id='word_1_172' title='bbox 194 1988 369 2030; x_wconf 88' lang='lat' dir='ltr'><strong>poterat,</strong></span> <span class='ocrx_word' id='word_1_173' title='bbox 412 1985 453 2013; x_wconf 92' lang='lat' dir='ltr'><strong>ut</strong></span> <span class='ocrx_word' id='word_1_174' title='bbox 493 1972 726 2018; x_wconf 84' lang='lat' dir='ltr'><strong>Christiani,</strong></span> <span class='ocrx_word' id='word_1_175' title='bbox 758 1982 841 2009; x_wconf 88' lang='lat' dir='ltr'><strong>sese</strong></span> <span class='ocrx_word' id='word_1_176' title='bbox 867 1970 1004 2019; x_wconf 86' lang='lat' dir='ltr'><strong>inJ‘uste</strong></span> <span class='ocrx_word' id='word_1_177' title='bbox 1029 1975 1244 2006; x_wconf 64' lang='lat' dir='ltr'><strong>contemtos&gt;</strong></span> <span class='ocrx_word' id='word_1_178' title='bbox 1273 1974 1310 2004; x_wconf 89' lang='lat' dir='ltr'><strong>et</strong></span> 
     </span>
     <span class='ocr_line' id='line_1_27' title="bbox 196 2037 1309 2100; baseline -0.013 -12"><span class='ocrx_word' id='word_1_179' title='bbox 196 2057 342 2100; x_wconf 82' lang='lat' dir='ltr'><strong>spretos</strong></span> <span class='ocrx_word' id='word_1_180' title='bbox 386 2046 577 2098; x_wconf 79' lang='lat' dir='ltr'><strong>videntes,</strong></span> <span class='ocrx_word' id='word_1_181' title='bbox 613 2042 658 2080; x_wconf 91' lang='lat' dir='ltr'><strong>ab</strong></span> <span class='ocrx_word' id='word_1_182' title='bbox 698 2041 780 2079; x_wconf 87' lang='lat' dir='ltr'><strong>aliis</strong></span> <span class='ocrx_word' id='word_1_183' title='bbox 821 2050 861 2078; x_wconf 90' lang='lat' dir='ltr'><strong>se</strong></span> <span class='ocrx_word' id='word_1_184' title='bbox 896 2040 1131 2089; x_wconf 88' lang='lat' dir='ltr'><strong>sejungerent</strong></span> <span class='ocrx_word' id='word_1_185' title='bbox 1160 2037 1309 2083; x_wconf 88' lang='lat' dir='ltr'><strong>sibique</strong></span> 
     </span>
     <span class='ocr_line' id='line_1_28' title="bbox 197 2104 1310 2161; baseline -0.015 -3"><span class='ocrx_word' id='word_1_186' title='bbox 197 2119 269 2158; x_wconf 87' lang='lat' dir='ltr'><strong>soli</strong></span> <span class='ocrx_word' id='word_1_187' title='bbox 298 2117 492 2161; x_wconf 82' lang='lat' dir='ltr'><strong>viverent3</strong></span> <span class='ocrx_word' id='word_1_188' title='bbox 545 2111 649 2160; x_wconf 87' lang='lat' dir='ltr'><strong>quod</strong></span> <span class='ocrx_word' id='word_1_189' title='bbox 681 2121 729 2149; x_wconf 90' lang='lat' dir='ltr'><strong>ne</strong></span> <span class='ocrx_word' id='word_1_190' title='bbox 763 2108 890 2154; x_wconf 83' lang='lat' dir='ltr'><strong>fieret,</strong></span> <span class='ocrx_word' id='word_1_191' title='bbox 920 2117 1098 2145; x_wconf 82' lang='lat' dir='ltr'><strong>summus</strong></span> <span class='ocrx_word' id='word_1_192' title='bbox 1136 2104 1310 2154; x_wconf 87' lang='lat' dir='ltr'><strong>magister</strong></span> 
     </span>
     <span class='ocr_line' id='line_1_29' title="bbox 198 2172 1308 2235; baseline -0.017 -7"><span class='ocrx_word' id='word_1_193' title='bbox 198 2190 250 2228; x_wconf 86' lang='lat' dir='ltr'><strong>eis</strong></span> <span class='ocrx_word' id='word_1_194' title='bbox 288 2185 440 2235; x_wconf 88' lang='lat' dir='ltr'><strong>quaevis</strong></span> <span class='ocrx_word' id='word_1_195' title='bbox 466 2181 698 2221; x_wconf 87' lang='lat' dir='ltr'><strong>liberalitatis</strong></span> <span class='ocrx_word' id='word_1_196' title='bbox 730 2188 766 2218; x_wconf 87' lang='lat' dir='ltr'><strong>et</strong></span> <span class='ocrx_word' id='word_1_197' title='bbox 794 2172 1031 2217; x_wconf 71' lang='lat' dir='ltr'><strong>humanitatis</strong></span> <span class='ocrx_word' id='word_1_198' title='bbox 1062 2173 1180 2213; x_wconf 87' lang='lat' dir='ltr'><strong>officia</strong></span> <span class='ocrx_word' id='word_1_199' title='bbox 1202 2183 1308 2221; x_wconf 85' lang='lat' dir='ltr'><strong>prae·</strong></span> 
     </span>
    </p>
   </div>
   <div class='ocr_carea' id='block_1_3' title="bbox 199 2247 1306 2351">
    <p class='ocr_par' dir='ltr' id='par_1_3' title="bbox 199 2247 1306 2351">
     <span class='ocr_line' id='line_1_30' title="bbox 199 2247 1306 2312; baseline -0.016 -14"><span class='ocrx_word' id='word_1_200' title='bbox 199 2269 293 2299; x_wconf 74' lang='lat' dir='ltr'><strong>stare</strong></span> <span class='ocrx_word' id='word_1_201' title='bbox 329 2255 545 2312; x_wconf 84' lang='lat' dir='ltr'><strong>praecepit,</strong></span> <span class='ocrx_word' id='word_1_202' title='bbox 574 2252 667 2302; x_wconf 78' lang='lat'><strong>(42)</strong></span> <span class='ocrx_word' id='word_1_203' title='bbox 695 2261 772 2299; x_wconf 84' lang='lat' dir='ltr'><strong>quo</strong></span> <span class='ocrx_word' id='word_1_204' title='bbox 808 2247 1072 2292; x_wconf 85' lang='lat' dir='ltr'><strong>ostenderent,</strong></span> <span class='ocrx_word' id='word_1_205' title='bbox 1104 2255 1145 2283; x_wconf 90' lang='lat' dir='ltr'><strong>se</strong></span> <span class='ocrx_word' id='word_1_206' title='bbox 1170 2255 1215 2282; x_wconf 84' lang='lat' dir='ltr'><strong>ex</strong></span> <span class='ocrx_word' id='word_1_207' title='bbox 1237 2254 1306 2291; x_wconf 87' lang='lat' dir='ltr'><strong>op-</strong></span> 
     </span>
     <span class='ocr_line' id='line_1_31' title="bbox 1214 2322 1305 2351; baseline -0.011 0"><span class='ocrx_word' id='word_1_208' title='bbox 1214 2322 1305 2351; x_wconf 78' lang='lat' dir='ltr'><strong>timo</strong></span> 
     </span>
    </p>
   </div>
  </div>
 </body>
</html>
