1523 2745
350 185 1113 231 OBSERVAT10NES.
1222 198 1294 242 165

178 293 271 333 viris
293 302 443 333 tractata
458 323 471 344 ,
499 295 685 344 hodieque
710 297 829 335 adhuc
843 307 878 336 et
891 300 1171 348 expertissimos
1188 313 1292 350 pere·

178 365 410 413 grinatores‚
437 374 471 402 et
487 365 717 412 antiquitatis
733 368 978 414 peritissimos
993 379 1176 418 occupet3
1206 383 1290 419 spe-

177 447 256 472 rare
284 444 404 472 tamen
432 435 520 472 mihi
541 435 646 472 liceat
663 437 928 483 ‚Clarissimos
948 440 1059 488 hujus
1075 441 1288 487 scriptionis

172 505 346 556 J'udices‚
375 516 450 542 non
467 516 573 552 aegre
599 506 741 543 laturos
769 518 872 554 esse,
900 508 931 545 si
958 510 1125 546 modeste
1152 509 1290 548 indica-

176 585 295 622 vero,
336 575 425 621 quid
459 575 548 612 mihi
578 587 618 612 ea
644 577 688 614 de
722 588 760 613 re
791 578 972 614 videatur.
1028 578 1189 617 Primum
1223 580 1292 628 igi-

178 653 240 682 tur
274 644 312 681 in
341 656 491 682 censum
530 646 649 683 veniat
679 646 742 683 W.
773 646 833 683 M.
863 646 1026 685 Leakius
1054 649 1144 696 (1),
1180 650 1288 698 cujus

178 714 462 761 testimonium,
510 726 626 762 quum
657 717 735 753 loca
764 716 847 763 ipse
879 717 1042 765 viderit,
1084 719 1292 765 gravissimi

174 793 232 820 est
271 783 448 821 momenti
488 784 572 833 (2).
639 785 675 822 Is
704 796 786 822 cum
819 785 968 823 Valesio
1002 787 1292 834 Harpocrationi

176 853 423 900 obloquitur,
453 854 588 891 dicenti
617 855 709 903 (3):
737 862 847 905 Τριῶν
882 858 986 898 ὄντων
1021 863 1151 907 τειχῶν
1172 862 1212 899 ἐν
1246 868 1291 909 τῇ

174 917 340 973 Ἀττικῇ.
371 951 381 961 .
413 950 424 962 .
454 951 465 963 .
493 929 554 964 τοῦ
576 941 616 964 τε
641 927 774 975 Βορειόυ
809 928 868 966 καὶ
896 932 957 968 τοῦ
983 929 1111 968 Νοτίου
1145 931 1205 969 noe}
1229 934 1290 969 τοῦ

175 997 403 1043 Φαληρικοῦ,
431 997 489 1035 διὰ
512 997 622 1044 μέσου
663 998 794 1036 τούτων
835 998 982 1044 ἐλέγετο
1018 1000 1057 1038 τὸ
1092 1000 1218 1039 Νότιον
1253 998 1292 1039 οὗ

176 1066 386 1112 μνημονεύει
415 1067 473 1104 uxi
502 1067 655 1105 Πλάτων
676 1068 711 1106 ἐν
744 1067 895 1116 Γοργίᾳ.
948 1068 1134 1114 Agnoscit
1169 1077 1290 1106 autem

178 1132 340 1170 Leakius
388 1133 476 1171 duos
523 1142 665 1170 tantum
716 1146 869 1179 muros,
920 1141 1086 1182 quoruns
1111 1137 1290 1186 Piraicum

177 1202 335 1251 sso'pscov'j,
362 1201 592 1239 Phalericum
624 1204 731 1244 νότιον
758 1205 933 1250 appellat.
988 1204 1114 1253 Quum
1139 1218 1225 1243 vero
1255 1207 1292 1244 iu

177 1271 485 1320 Harpocrationis
515 1272 598 1308 loco
634 1272 671 1308 hi
708 1272 804 1310 muri
837 1284 913 1310 non
947 1283 1128 1312 vocentur
1163 1276 1263 1325 longi
1275 1291 1292 1324 ,-

179 1352 338 1388 tnurus,
376 1342 440 1388 qui
475 1353 494 1378 a
522 1341 773 1379 Grammatico
805 1342 1013 1381 Phalericus
1051 1354 1231 1390 vocatur,
1273 1358 1292 1383 e

173 1409 301 1449 Leakii
328 1411 536 1456 sententia,
566 1411 725 1457 spatium
742 1439 755 1454 .,
786 1412 887 1457 quod
910 1412 1057 1450 duobus
1072 1414 1195 1462 longis
1212 1426 1292 1451 mu-

174 1480 226 1517 ris
248 1480 532 1525 includebatur,
548 1491 566 1516 a
588 1480 741 1517 Phalero
766 1492 933 1528 separare
955 1482 1094 1528 potuit.
1124 1485 1291 1533 Conjicit

174 1558 387 1598 praeterea,
416 1549 775 1597 Harpocratiouem,
803 1551 950 1588 Comi-ci
977 1554 1186 1591 locumase
1200 1555 1291 1591 cita-

178 1627 257 1657 tum
273 1647 286 1666 ‚
300 1619 459 1656 fortasse
482 1619 605 1657 minus
619 1621 711 1656 bene
724 1619 951 1657 intellexisse
963 1650 974 1668 ,
993 1634 1107 1669 quum
1122 1632 1230 1671 poeta
1246 1624 1291 1661 de

1229 1694 1294 1731 Ci-

215 1765 268 1802 (r)
290 1766 324 1793 ln
349 1765 428 1794 libro
446 1773 535 1800 quem
553 1766 590 1793 de
615 1767 799 1794 Athenarum
819 1766 1032 1802 Topograpltia
1050 1768 1163 1804 edidit,
1191 1770 1290 1799 Lond.

179 1827 266 1853 1821.
287 1831 321 1858 p.
341 1832 408 1860 344·
431 1831 497 1858 sqq.

214 1880 270 1917 (α)
299 1880 465 1917 Quominus
507 1888 601 1909 tamen
642 1880 671 1908 in
709 1880 848 1908 omnibus
888 1880 954 1913 ejus
997 1882 1160 1911 narrationi
1199 1883 1290 1911 fidem
1313 1872 1315 1874 ι

177 1937 361 1972 tribuamus,
402 1946 469 1965 cum
504 1938 554 1966 alii
581 1937 771 1972 prohibent,
809 1945 871 1965 tum
906 1938 1034 1966 maxime
1061 1940 1291 1970 Forchhamtue-

177 2002 248 2027 rus,
274 1996 310 2023 V.
331 1995 392 2030 D.‚
410 1995 501 2022 hodie
521 1995 650 2023 Athenis
675 2001 814 2029 versans,
838 1996 908 2029 qui,
930 1997 959 2023 in
988 1996 1120 2030 Epistola
1138 2001 1172 2026 ad
1190 2000 1290 2028 Muel-

177 2053 274 2080 lerum
299 2054 336 2081 V.
361 2053 397 2081 C.
422 2052 550 2086 scripta,
572 2052 730 2080 contendit
757 2052 920 2085 Lemnum,
942 2052 1078 2087 aliosque
1104 2056 1290 2084 recentiores

181 2108 394 2143 itiner-atores,
424 2109 506 2136 falsis
532 2109 704 2142 mancisque
732 2109 950 2142 relationibus,
981 2112 1161 2138 Athenarum
1188 2113 1290 2146 Topo-

182 2165 332 2199 graphiam
352 2166 479 2200 penitus
496 2167 702 2200 pervertisse.
741 2164 844 2193 Conff.
866 2165 983 2193 Literne
1002 2167 1128 2195 Athenis
1145 2169 1180 2195 ad
1193 2170 1290 2197 Muel=

173 2224 293 2257 lerum,
313 2223 506 2257 Athenasque
531 2223 567 2250 ad
596 2223 874 2250 Forchhammerum
893 2223 1019 2257 missae,
1043 2227 1201 2253 vernacule
1224 2227 1288 2254 edi-

178 2287 224 2309 tae
249 2280 408 2314 Gottingae
430 2284 513 2315 1833.

213 2339 268 2376 (3)
289 2340 320 2369 ln
337 2347 415 2368 voce
439 2335 477 2368 τὶ
504 2332 560 2368 διαὶ
582 2333 687 2375 μέσον
712 2335 834 2374 τεῖχος
850 2335 942 2374 (sic).
