1538 2689
353 431 633 474 CAPUT
684 399 1090 485 vanuum.>

250 597 307 627 DE
341 597 519 627 AUXILIO
548 598 756 627 NATURAE
783 598 830 626 IN
856 596 1072 626 SISTENDIS
1097 597 1154 625 ET

299 667 504 697 SANANDIS
542 668 918 705 HAEMORRHAGIIS,
956 668 1010 695 AB
1036 668 1110 696 AR-

373 738 605 767 TERIARUM
639 739 845 767 VULNERE
882 737 1026 766 ORTls.

490 893 904 922 Q—

649 1023 687 1071 §.
731 1035 766 1062 1.

428 1169 489 1208 De
513 1171 751 1210 arteriarum
778 1178 990 1211 structura.

209 1299 452 1369 Priusquam
485 1321 531 1359 de
567 1331 748 1369 processu
781 1328 932 1361 natm-ae
959 1330 1109 1369 agamus
1137 1319 1176 1357 in
1202 1319 1274 1357 sis-

157 1391 280 1430 tendis
312 1391 623 1446 haemorrhagiis‚
661 1391 967 1439 eruditorumque
1003 1389 1205 1428 sententias
1229 1388 1275 1427 de

161 1461 234 1500 hoc
266 1469 484 1511 argumento
520 1463 783 1510 consulamus,
810 1473 925 1511 pauca
944 1462 989 1500 de
1012 1459 1156 1499 arteriis
1183 1459 1276 1508 ipsis

162 1532 436 1583 praemonenda
467 1531 658 1571 videntur.

213 1603 381 1642 Arteriae
408 1614 452 1641 ex
477 1602 598 1640 tribus
625 1601 696 1651 (ι)
729 1609 1009 1650 componuntur
1043 1600 1195 1646 stratis,
1223 1598 1276 1637 fa-

164 1671 266 1710 brica
300 1672 398 1710 inter
431 1684 473 1710 se
507 1671 665 1711 diversis
682 1700 695 1720 ‚
722 1671 809 1710 licet
839 1682 1036 1720 permagna
1062 1670 1099 1708 in
1116 1670 1273 1709 secando

166 1741 384 1781 dexteritate
424 1743 463 1780 in
510 1743 677 1791 quinque
710 1744 769 1781 vel
793 1732 919 1792 plures
949 1741 1099 1779 laminas
1126 1741 1195 1789 (2)
1222 1738 1278 1777 fa·

165 1812 236 1851 cile
267 1811 384 1851 dividi
415 1812 582 1861 possint.
647 1812 745 1851 Haec
781 1820 892 1850 strata
923 1812 1175 1861 insigniuntur
1210 1821 1281 1848 no·

144 1873 147 1877 ’
167 1881 266 1921 mine
301 1881 508 1920 tunicarum
532 1883 592 1921 vel
614 1882 904 1922 membranarum
921 1910 935 1929 ‚
973 1890 1169 1928 externae,
1202 1892 1278 1919 me-

166 1951 244 1990 diae
291 1960 328 1991 et
359 1951 527 1992 intimae.
604 1952 750 1993 Summi
802 1952 979 1991 momenti
1025 1961 1195 1990 nostrum
1240 1950 1278 1988 in

1168 2021 1279 2059 finem

209 2096 261 2134 (ι)
280 2097 444 2136 Albini,
463 2099 690 2127 Annotan’ones
715 2099 820 2130 acad.
834 2118 846 2136 ‚
866 2099 922 2129 lib.
942 2100 997 2129 IV.
1016 2107 1045 2128 c.
1067 2103 1096 2129 8.
1114 2107 1147 2135 p.
1165 2108 1214 2134 32·

209 2153 263 2191 (2)
282 2154 314 2184 F.
334 2154 622 2192 Hildebrssandt,
653 2157 823 2186 Handbuclz
849 2157 903 2185 der
927 2158 1093 2185 Anaeomt'e
1119 2157 1169 2185 dos
1187 2158 1276 2185 Men-

179 2211 285 2248 schen,
312 2215 396 2247 1332.
420 2212 510 2243 band.
531 2214 584 2243 ΠΙ.
605 2222 631 2242 s.
654 2215 704 2247 65.
