1523 2745
278 171 1034 219 OBSERVATIONES.
1150 194 1223 229 259

67 320 81 326 J
112 288 322 327 *cusarunt3
353 283 523 331 quoniam
547 283 815 332 Aristophanes
841 286 904 324 illo
937 288 1022 324 loco
1049 289 1068 335 ζ
1075 289 1116 334 ι)
1143 300 1219 327 non

118 347 289 386 Periclem
305 378 318 395 ‚
344 351 409 388 sed
423 352 650 400 Aeschylum
672 356 884 400 loquentem
907 357 1062 395 inducit.
1092 358 1216 407 Quum

117 424 237 453 tamen
264 419 373 456 latina
397 420 532 457 Valerii
560 423 680 458 versio
711 423 821 460 verba
849 434 974 470 graeca
1000 437 1075 464 non
1111 430 1218 476 plane

117 485 268 531 reddat,
303 495 413 533 atque
459 488 496 524 in
532 489 745 529 Plutarchea
778 492 927 530 Periclis
956 494 1057 541 vita,
1105 506 1144 534 ut
1181 507 1217 534 et

115 552 155 590 in
191 554 367 592 Aristidis
408 556 587 596 Oratione
610 571 708 607 >⁴pro
745 561 1032 610 Quatuorviris‚
1080 567 1213 612 passim

115 620 315 671 fragmenta
331 625 557 673 Eupolideae
578 630 801 668 Comoediae
817 660 829 678 ‚
853 639 968 681 Δῆμοι
995 635 1213 684 inscriptae,
1244 634 1248 639 '

115 691 367 740 inveniantur,
415 707 435 732 e
469 697 606 743 quibus
644 708 788 746 pateat,
827 689 1003 741 Periclem
1044 717 1064 742 a
1105 711 1215 753 poeta

113 761 161 799 ab
195 761 321 800 inferis
348 763 386 801 in
418 776 560 804 scenam
600 767 718 806 fuisse
748 771 995 819 productum,
1032 774 1217 813 Fromme-

103 830 187 868 ‘lius
222 831 294 881 (α)
330 822 516 883 conjecit,
543 838 695 875 alterum
737 841 954 888 repetiisse,
990 854 1083 890 quae
1126 847 1215 883 alter

107 910 433 950 ‘praeoccupasset-

166 1024 252 1064 obs.
292 1027 381 1066 LV.
419 1029 514 1067 Sunt
543 1031 587 1067 in·
608 1032 664 1069 his
690 1034 855 1072 desumta
887 1047 931 1073 ex
958 1036 1210 1083 Aristophane

110 1102 221 1141 atque
251 1095 466 1145 Eupolide3
519 1111 612 1145 quae
643 1104 806 1139 certatim
840 1104 884 1141 ab
924 1105 1086 1151 antiquis
1117 1107 1214 1143 Scri-

102 1162 283 1211 ptoribus
296 1166 355 1203 vel
379 1165 488 1205 citata
511 1178 626 1216 sunt,
655 1174 712 1208 vel
729 1200 742 1218 ,
765 1174 946 1211 allusione
971 1175 1066 1212 facta
1082 1203 1094 1220 ,
1120 1177 1215 1213 cele-

108 1231 224 1270 brata.
301 1234 572 1283 Aristophanea
615 1240 853 1279 inveniuntur
894 1244 931 1280 in
968 1245 1212 1282 Acharnensi.
1248 1278 1252 1282 ,

108 1301 179 1338 bus
212 1302 307 1351 (3),
346 1304 409 1341 ubi
445 1306 602 1344 Pericles
640 1308 869 1358 vituperatur
908 1312 956 1348 o'o
1000 1315 1210 1361 psephisma

105 1370 144 1408 in
180 1371 422 1421 Megarenses
460 1376 670 1423 scriptum,
717 1380 829 1426 idque
876 1383 1055 1429 Aspasiae
1098 1385 1208 1431 gratia

104 1439 239 1479 fecisse
263 1441 412 1481 dicitur.
451 1444 628 1493 Legimus
654 1446 732 1487 ibi:

150 1570 330 1609 Ἐντεῦθεν
359 1572 446 1619 ὀργῇ
482 1574 671 1620 Περικλέης
705 1576 925 1622 Ὀὗλύμπιος

143 1637 397 1686 ''Hermam-rev,
413 1642 562 1688 ἐβρόντα
572 1671 582 1685 ,
599 1643 772 1688 ξυνεκύκα
785 1646 847 1689 τὴν
864 1642 1049 1693 Ἑλλάδα,
1065 1663 1102 1688 κ.
1115 1665 1150 1687 τ.
1166 1660 1203 1692 7„-

100 1759 300 1808 Eupolidis
333 1762 445 1800 verba
479 1765 653 1813 leguntur
691 1768 727 1803 in
764 1766 994 1815 fragmento‚
1046 1772 1148 1816 quod
1184 1783 1204 1810 e

100 1828 229 1866 Demis
258 1840 443 1878 superest.
497 1832 634 1871 Exstat
662 1834 732 1871 hoc
759 1834 999 1884 fragmentum
1039 1840 1207 1886 pienissi-

1106 1920 1202 1946 mum

137 1991 189 2029 (ι)
208 1993 241 2021 111
268 1994 367 2023 Rann.
396 2004 443 2024 vs.
467 1998 548 2034 1478.
571 2011 609 2019 —-
629 1999 721 2028 Conf.
744 2000 820 2029 l'lut.
842 2001 870 2029 in
895 2002 995 2031 Alcib.
1017 2013 1077 2038 cap,
1099 2009 1142 2034 16.
1167 2015 1201 2043 p,

100 2056 165 2085 199.
188 2050 226 2079 A.
249 2063 284 2071 —
305 2051 386 2081 suid.
409 2052 439 2080 in
457 2061 534 2082 voce
556 2050 606 2084 Οὐ
632 2056 698 2094 χρὴ
721 2054 875 2093 λέοντος.

135 2101 187 2137 (2)
207 2102 254 2129 Ad
271 2102 373 2132 schol.
390 2103 515 2134 Aristid.
533 2115 566 2140 p.
588 2110 655 2142 176.

134 2157 188 2193 (3)
209 2158 335 2188 Achai-n,
353 2168 398 2188 vs.
418 2168 484 2196 530·
509 2170 576 2196 sqq.
