1523 2745
237 226 311 262 162
376 220 635 261 COMM.
688 218 1201 259 LITERARIA.

235 330 438 371 daemoniis
486 331 657 369 fecerunt
692 328 788 379 (1):
844 332 1100 379 προσδοκῶντες
1154 331 1268 379 βαρύν
1309 333 1360 376 εἷς

237 406 335 448 ἔτους
366 402 453 452 ὥρων
475 403 632 449 πόλεμον
662 400 745 450 (2).
777 399 903 449 Quum
932 408 1049 437 autem
1072 399 1146 447 J'am
1172 399 1244 436 hoc
1268 407 1360 437 temo

233 484 352 521 pore,
382 483 502 510 annus
525 470 810 509 Atheniensium
834 469 955 506 civilis
983 469 1159 516 inciperet
1187 481 1207 506 a
1234 480 1360 507 mense

232 541 567 580 Hecatombaeone
593 540 687 589 (3),
715 540 857 588 priores
885 550 1028 587 pugnae
1054 539 1100 576 ad
1124 539 1358 577 Archontem

232 610 416 656 Bionem,
445 611 670 660 Tanagraica
696 611 739 648 ad
766 608 1034 648 Mnesithidem
1056 609 1261 656 pertinent.
1316 609 1358 647 Si

230 680 346 728 igitur
386 680 701 728 probaverimus,
751 689 913 729 pugnam
956 678 1217 726 Tanagraicam
1246 679 1359 728 hujus

233 749 319 788 anni
350 751 471 790 hieme
506 758 713 787 consertam
739 749 880 795 fuisse,
933 757 1011 786 tota
1038 748 1206 795 quaestio
1235 750 1360 786 soluta

234 821 364 859 haberi
398 822 551 870 poterit.
608 820 729 867 Atqui
756 821 795 857 id
829 827 966 867 sponte
1002 827 1153 867 apparet
1179 830 1198 855 e
1229 819 1361 866 Nepo-

230 891 281 929 tis
307 892 392 929 loco
419 891 458 928 in
484 891 573 929 Vita
589 891 762 929 Cimonis
777 891 845 938 (4)
862 918 874 937 ‚
899 889 965 927 ubi
993 889 1083 927 dicit
1101 918 1113 936 ‚
1145 889 1247 927 illum
1272 898 1363 938 post

232 973 370 999 annum
403 961 603 1009 quintum,
634 972 741 1009 quam
777 961 956 1007 expulsus
982 967 1104 1005 esset,
1134 958 1172 996 in
1203 959 1358 1007 patriam

229 1030 348 1069 fuisse
382 1041 615 1070 revocatum.
680 1031 719 1068 A
752 1030 861 1079 cujus
894 1030 1111 1067 testimonio
1149 1039 1225 1067 non
1255 1029 1361 1079 vallde

229 1100 354 1139 differt
388 1101 697 1149 Theopompus,
735 1101 875 1138 habens
915 1102 1047 1141 οὐδέπω
1081 1103 1117 1141 δὲ
1143 1101 1249 1140 πέντε
1275 1102 1362 1141 ἑτῶν

235 1173 530 1220 παρεληλυθότων
547 1197 559 1208 .
580 1198 591 1209 .
612 1198 622 1209 .
643 1202 654 1216 ,
680 1174 696 1211 ὁ
709 1174 817 1220 δῆμος
829 1173 1097 1219 μετεπέμψατο
1112 1172 1170 1210 ’τὸν
1185 1171 1333 1218 Κίμωνα
1347 1199 1358 1214 ,

230 1257 267 1281 κ.
281 1258 318 1281 τ.
336 1253 375 1281 λ.
393 1238 478 1288 (5).
505 1241 722 1278 Revocatus
741 1248 862 1277 autem
880 1249 939 1278 est
959 1249 1046 1287 post
1068 1241 1206 1277 cladem
1223 1240 1267 1277 ad
1284 1239 1359 1276 Ta·

203 1306 370 1359 ‘nagram
399 1318 611 1358 acceptam‚
640 1319 676 1347 et
711 1319 794 1347 ante
828 1309 1023 1346 victoriam
1059 1310 1105 1346 ad
1127 1309 1355 1357 Oenophyta

222 1389 390 1429 partam,
442 1380 550 1417 initio
589 1380 703 1428 igitur
728 1380 814 1417 anni
858 1381 908 1417 A.
937 1380 986 1417 C.
1015 1381 1120 1427 4563
1174 1379 1353 1426 expulsus

220 1451 341 1489 fuerat
368 1451 463 1488 intra
490 1461 627 1488 annum
654 1451 704 1488 A.
736 1450 786 1489 C.
814 1451 891 1497 462
920 1459 956 1487 et
982 1452 1073 1496 461.
1107 1450 1192 1497 (6).

272 1523 331 1560 De
357 1532 483 1570 pugna
506 1519 733 1568 Tanagraica
756 1520 903 1558 diversa
935 1519 1072 1556 habent
1101 1518 1349 1568 Thucydides

222 1598 261 1628 et
294 1590 410 1628 Diod.
447 1590 523 1628 Sic.
556 1590 650 1638 (7);
702 1600 864 1636 quorum
913 1588 1141 1625 narrationes
1180 1589 1275 1626 inter
1308 1601 1349 1627 se

221 1659 420 1698 conciliare
452 1659 514 1697 hic
561 1669 640 1695 non
681 1658 846 1706 attinet3
900 1669 984 1694 nam
1027 1657 1093 1704 qui
1130 1657 1196 1695 hac
1230 1658 1275 1694 de
1309 1668 1349 1695 re

1287 1725 1349 1765 fu-

256 1810 309 1846 (1)
331 1808 425 1838 Diod.
448 1809 500 1837 XI.
523 1815 592 1842 cap.
616 1810 664 1836 80.
688 1805 718 1833 in
740 1805 811 1833 fine.

255 1867 310 1904 (α)
332 1868 410 1895 Plut.
426 1866 455 1893 in
467 1865 533 1894 Per.
544 1873 611 1899 cap.
628 1873 673 1892 ιο.
690 1872 721 1898 p.
747 1872 813 1898 157.
826 1863 868 1890 D.
882 1876 919 1883 —
936 1861 1017 1890 Cim.
1036 1869 1100 1896 cap.
1120 1866 1164 1894 17.
1184 1868 1288 1897 p.490.
1299 1861 1339 1888 A.

253 1926 306 1961 (3)
326 1924 419 1951 conf.
449 1924 486 1950 A.
516 1921 667 1949 Boeckhii
696 1921 789 1947 Index
813 1921 899 1948 lectt.
932 1919 1076 1947 Univers.
1117 1919 1221 1946 Berol.
1262 1924 1338 1946 aest.

218 1985 300 2013 1816.
327 1983 435 2010 citatus
461 1982 580 2009 ldelero
612 1979 642 2006 in
675 1977 798 2006 Enchir.
820 1978 932 2005 Chron.
955 1984 1026 2005 tom.
1056 1977 1080 2004 1.
1113 1984 1145 2010 p.
1178 1977 1245 2005 286.
1282 1973 1340 2002 ubi

215 2039 298 2069 vide.
321 2054 357 2061 —-
376 2039 455 2066 Add.
475 2037 612 2064 Boeckh.
637 2035 667 2063 in
687 2036 808 2062 Comm.
830 2034 876 2061 De
903 2033 1076 2068 Antigona,
1098 2040 1130 2067 p.
1152 2035 1202 2069 48.

251 2095 304 2135 (4)
325 2099 398 2131 Cap.
419 2096 470 2122 ΠΙ.
493 2096 519 2130 §.
543 2103 572 2123 ρ.

249 2155 302 2191 (5)
326 2154 522 2186 Theopomp.
552 2151 587 2177 X.
618 2148 748 2183 Philipp.
780 2149 858 2182 apud
889 2147 1039 2175 Wichers·
1068 2147 1181 2181 Fragm.
1212 2156 1261 2183 92.
1296 2160 1335 2167 —

210 2213 302 2242 Conf.
336 2212 368 2238 F.
397 2207 548 2240 Creuzeri
581 2206 678 2234 Praef.
707 2206 742 2233 ad
768 2204 883 2239 Ephori
912 2205 1047 2238 fragmm.
1083 2203 1196 2232 Mai-xii
1229 2202 1331 2232 studio

206 2272 336 2299 collecta
357 2277 386 2303 p.
404 2270 451 2295 αθ.
475 2265 688 2298 Merxiuinque
712 2262 809 2297 ipsum
828 2270 859 2296 p.
886 2270 953 2297 224.

245 2325 297 2364 (6)
320 2324 414 2353 Conf.
445 2326 525 2351 Sect.
557 2322 581 2350 1.
605 2321 641 2348 ad
657 2321 686 2348 h.
704 2327 731 2348 a.

243 2384 296 2421 (7)
317 2382 420 2411 Thuc.
435 2382 459 2409 Ι.
481 2384 546 2409 ιοε.
569 2392 607 2401 -
627 2374 719 2405 Diod.
744 2376 793 2404 XI.
817 2378 865 2405 80.
