1523 2745
286 178 1046 220 OBSERVATIONES.
1157 191 1225 218 201

126 285 244 324 fuisse
288 287 424 335 dicit),
476 289 514 326 in
553 289 675 328 Samio
716 289 815 327 bello
855 290 1042 328 Praetores
1080 299 1228 326 enume-

126 362 207 393 rat:
237 355 420 394 Socratem
448 358 788 406 Anagurrhasium,
816 360 1038 407 Sophoclem
1073 371 1092 397 e
1116 359 1231 398 Colo-

68 459 77 462 „
126 434 176 462 no
219 433 388 473 poetam,
441 426 697 474 Andocidem,
738 428 991 473 Chreontem,
1026 427 1226 473 Periclem,

126 493 385 541 Glauconem‚
426 495 704 544 Callistratum,
741 498 1024 544 Xenophontem
1058 497 1232 534 Meliten-

124 574 229 611 sem3
258 564 355 601 unde
376 564 552 613 colligas,
589 566 683 603 duos
716 567 904 604 Praetores
935 565 1091 605 Athenis
1129 575 1230 602 man-

125 631 233 670 sisse.
286 633 449 681 Verum,
481 646 593 682 quum
619 635 866 674 Athenienses
897 636 1047 674 adversa
1079 634 1229 673 fortuna

122 710 397 751 premerentur,
426 703 585 742 navibus
622 705 763 743 auxilio
788 705 879 754 ipsis
907 713 1088 743 venerunt
1118 704 1228 742 Thu-

121 772 270 820 cydides
288 800 301 819 ,
331 774 465 821 Agnon
498 782 532 811 et
556 774 756 822 Phormio;
787 764 883 822 quos
911 775 942 811 si
969 773 1225 821 superioribus

120 841 324 888 addamus,
362 842 580 880 habebimus
615 843 785 881 undecim
823 844 1036 881 Praetores:
1073 852 1114 881 ut
1146 843 1224 881 exi·

120 910 247 948 stimes
271 921 386 950 unum
411 923 430 949 e
450 912 571 950 tribus
594 913 791 960 postremis
806 941 818 958 ‚
845 912 962 951 fuisse
997 914 1238 963 Archonteml

120 980 421 1028 Polemarchum,
449 981 514 1028 qui
548 981 676 1019 ceteris
713 982 837 1020 decem
866 982 1102 1021 Praetoribus
1127 982 1226 1020 adcli-

119 1058 206 1098 tus,
233 1052 454 1100 plerumque
483 1051 521 1088 in
553 1052 645 1090 urbe
667 1061 828 1090 maneret
855 1052 948 1101 (1);
978 1062 1077 1090 nunc
1108 1053 1242 1098 vero,'

117 1112 230 1158 rebus
266 1121 388 1159 minus
423 1132 600 1169 prospere
642 1121 884 1168 cedentibus,
936 1121 1137 1160 exercitum
1169 1121 1226 1159 in-

117 1189 260 1229 viserit.
322 1190 555 1240 Quamquam
600 1190 675 1229 cito
720 1191 822 1229 illum
870 1194 1058 1229 reversum
1105 1191 1224 1230 fuisse

117 1268 294 1309 oportet,
336 1261 422 1307 quia
464 1260 620 1298 Pericles
652 1271 796 1308 semper
825 1272 992 1298 summus
1026 1261 1115 1299 belli
1148 1260 1248 1317 fuit—

115 1330 206 1368 dux.
247 1330 486 1377 Suspicantes
509 1340 628 1368 autem
645 1358 658 1377 ,
680 1330 793 1367 istum
818 1331 1093 1369 Polemarchum
1127 1330 1224 1371 fuis-

116 1410 159 1438 se
195 1398 481 1447 Thucydidem,
508 1399 749 1446 habebimus,
792 1401 893 1447 quod
920 1399 1111 1438 Boeckhio
1152 1404 1221 1450 (2)

114 1469 402 1517 respondeamus
438 1469 701 1516 contendenti,
730 1468 988 1517 Thucydidem
1018 1470 1219 1518 Sophoclis

113 1539 290 1587 collegam
325 1550 406 1576 esse
437 1538 682 1586 nequivisse,
713 1538 852 1587 quippe
890 1550 935 1576 ex
968 1540 1090 1577 eadem
1118 1539 1218 1582 tribu

117 1616 255 1661 ortum.
319 1608 478 1656 Strategi
503 1609 598 1645 enim
621 1619 675 1652 ex!
694 1618 917 1655 unaquaque
954 1608 1055 1646 tribu
1080 1610 1215 1658 singuli

114 1679 355 1727 eligebantur.
398 1699 447 1710 -
491 1678 578 1716 Huc
620 1677 733 1726 igitur
781 1690 900 1726 usque
930 1691 1015 1717 cum
1053 1679 1216 1718 Seidlero

114 1748 321 1787 faciendum
347 1749 521 1795 videtur,
554 1759 574 1785 a
607 1759 683 1795 quo
720 1747 973 1794 Suevernffls,
1000 1749 1107 1798 cujiis
1134 1760 1218 1791 sen-

116 1817 267 1856 tentiam
299 1829 413 1855 meam
447 1817 549 1864 feci,
577 1817 615 1854 in
642 1816 687 1855 iis
720 1816 913 1864 dissentit,
944 1829 1038 1865 quae
1061 1819 1106 1857 de
1127 1828 1218 1863 tem-

116 1897 206 1937 pore
227 1886 289 1925 ille
315 1886 488 1925 disseruit
503 1914 516 1934 ,
546 1898 621 1934 quo
634 1886 824 1934 Antigona
847 1885 958 1925 fuerit
978 1897 1072 1928 acta.
1100 1889 1218 1928 Oblo-

1152 1970 1217 1996 cu-

151 2084 204 2123 (1)
220 2084 313 2114 conf.
342 2085 374 2113 P.
406 2083 550 2112 Bernard.
572 2083 692 2110 Comm.
710 2083 749 2110 de
767 2081 971 2112 Archontibus
992 2091 1023 2118 p.
1045 2086 1089 2113 82,
1111 2091 1155 2118 sq.
1177 2097 1211 2105 -

113 2140 210 2170 Periz.
234 2141 270 2169 ad
290 2139 408 2169 Aelian.
434 2141 475 2170 V.
499 2146 544 2172 ιε.
565 2141 645 2167 Ann.
670 2148 697 2173 5.

150 2196 202 2234 (α)
222 2197 256 2225 In
272 2198 410 2232 Append.
433 2197 468 2225 ad
485 2197 603 2226 comm.
619 2197 657 2224 de
675 2195 844 2232 Antigona,
860 2204 893 2232 p.
908 2205 975 2231 230.
1000 2210 1034 2218 —
1056 2197 1144 2228 Conf.
1167 2199 1204 2226 L·

111 2257 180 2285 Bos.
202 2257 286 2286 Antt.
303 2256 409 2284 Graec.
430 2262 460 2289 p.
483 2255 549 2289 163.
569 2254 620 2283 ed.
641 2257 726 2289 1809.
