1523 2745
273 166 322 201 80
496 162 1165 205 COMMENTATIO

269 282 351 319 ses,
380 283 456 319 quo
489 272 614 318 facto,
661 271 868 310 universam
905 284 1020 320 paene
1051 273 1242 314 Euboeam
1281 276 1382 315 Atti·

265 353 328 379 cae
358 342 509 380 ditionis
543 343 724 381 redderet.
756 344 824 392 (1)
853 343 1038 390 Imprimis
1062 355 1152 382 vero
1181 346 1381 393 prudenter

264 411 421 459 Olymp.
464 412 674 450 LXXXIV.
705 424 738 449 a.
769 425 807 450 2.
846 411 1066 460 Lampona,
1095 423 1213 452 vatem
1246 414 1376 462 illum,

263 481 329 529 qui
355 482 434 530 ejus
460 481 622 519 futuram
658 482 915 520 auctoritatem
943 484 1168 531 praedixerat
1194 485 1262 534 (2)
1292 497 1378 524 cum

263 550 390 589 decem
415 551 573 589 navibus
601 552 636 589 in
669 552 807 590 ltaliam
835 553 964 600 misit,
992 555 1056 600 qui
1081 553 1250 601 Sibarin,
1276 565 1378 592 novo

255 622 327 670 iarn
365 621 515 659 nomine
556 620 725 659 Thurios
752 621 884 660 dictam
901 649 913 668 ,
941 622 1151 660 restitueret
1178 624 1263 672 (3).
1292 624 1376 662 Hoc

259 689 356 728 enim
385 692 496 728 modo
523 692 660 729 multos
704 692 861 729 removit
892 703 1049 738 eorum,
1090 693 1154 740 qui
1188 704 1293 741 aegre
1322 693 1377 732 fe-

256 760 417 806 rebant,
455 773 497 798 se
533 761 726 809 superiore
752 773 848 799 anno
871 762 934 810 jus
973 761 1136 799 civitatis
1177 763 1370 802 amisisse:

254 830 451 878 ipsamque
487 832 577 868 adeo
613 831 896 869 Atheniensium
932 832 1169 880 superbiam,
1209 833 1371 872 Siciliam

255 900 470 948 Italiamque
506 901 605 939 votis
637 902 711 950 J'am
754 901 1043 949 occupantium,
1085 902 1164 940 suis
1198 902 1369 942 consiliis

253 969 390 1007 servire
416 970 552 1019 coegit.
607 970 736 1019 Magni
761 971 848 1009 item
876 973 1080 1018 momenti,
1108 980 1183 1010 erat
1209 973 1370 1022 Amphi-

251 1038 350 1086 polis
383 1039 452 1089 (4)
490 1040 533 1077 ad
565 1040 801 1088 Strymonem
835 1049 1118 1088 peropportuno
1152 1043 1235 1078 loco
1273 1042 1366 1090 sita,

252 1120 361 1157 quam
393 1109 553 1147 munivit
587 1118 624 1147 et
659 1111 808 1148 colonia
830 1110 1007 1148 instruxit
1028 1112 1190 1158 Agnou,
1208 1111 1364 1160 Olymp.

249 1177 445 1217 LXXXV.
484 1191 518 1217 a.
557 1192 598 1227 4.
625 1178 791 1217 feliciore
825 1191 917 1217 usus
961 1189 1127 1228 eventu,
1169 1192 1277 1228 quam
1309 1181 1364 1220 illi

246 1250 369 1288 decem
401 1249 528 1296 mille,
557 1251 622 1296 qui
646 1260 762 1287 annos
797 1249 929 1298 viginti
961 1260 1094 1288 novem
1117 1259 1201 1288 ante
1225 1250 1262 1288 in
1288 1261 1364 1289 me-

245 1318 340 1357 diam
356 1318 549 1357 Thraciam
571 1319 785 1368 progressi,
813 1316 933 1366 fugati
958 1318 1130 1366 caesique
1144 1327 1246 1358 erant
1277 1320 1360 1370 (5).

743 1477 780 1523 §.
822 1487 859 1521 7.

292 1639 328 1676 A
378 1637 516 1675 Solone
563 1635 739 1673 discimus
788 1635 922 1684 Remp.
971 1635 1021 1673 ita
1071 1633 1312 1673 constitutam
1336 1661 1350 1681 ,

243 1716 284 1746 ut
318 1707 507 1757 popularis
534 1705 665 1744 merito
689 1705 891 1744 diceretur:
915 1705 1009 1744 idem
1036 1712 1181 1751 tamen,
1215 1704 1280 1752 qui
1300 1703 1357 1741 in·

1289 1771 1356 1810 do-

277 1896 326 1933 (1)
349 1896 445 1924 Thuc.
468 1903 496 1923 1.
525 1900 590 1929 114.
618 1891 736 1919 Andoc.
758 1891 794 1918 de
812 1891 887 1918 Pace
916 1896 949 1924 p.
970 1894 1020 1925 93.
1050 1888 1164 1916 Aesch.
1193 1886 1230 1914 de
1256 1885 1290 1913 F.
1317 1884 1351 1915 1..

240 1962 270 1988 19-
292 1960 359 1987 337·

271 2010 323 2046 (α)
343 2009 420 2037 Plut.
437 2009 505 2036 Per.
522 2009 553 2037 6.

270 2069 322 2102 (3)
343 2065 434 2093 Diod.
465 2063 525 2093 sic.
560 2064 629 2093 ΧΠ.
661 2072 708 2093 10.
740 2061 783 2091 cf.
809 2061 914 2090 Schol.
943 2057 1101 2092 Aristoph.
1133 2058 1191 2085 Av.
1219 2064 1284 2090 521·
1313 2062 1345 2083 et

233 2124 316 2154 Nub.
335 2132 400 2157 331-

271 2181 323 2217 (4)
344 2180 441 2208 Thuc.
461 2179 517 2206 lV.
547 2184 610 2207 102.
631 2175 724 2205 Diod.
743 2175 807 2204 xil.
828 2183 876 2209 32.

272 2238 324 2276 (5)
343 2238 442 2265 Tunc.
461 2236 483 2263 1.
508 2243 574 2265 100.
596 2233 687 2263 Diod.
704 2232 762 2262 sid.
778 2233 844 2261 ΧΗ.
867 2233 913 2260 68-
