1538 2689
256 130 306 163 24
462 114 1129 155 COMMENTATIO

258 234 417 272 quatuor
443 225 618 271 ligaturae
639 225 745 272 juxta
782 235 822 261 se
853 223 1002 261 arteriae
1031 223 1296 272 imponantur,
1324 233 1361 263 et

255 294 445 343 ligaturam
487 293 801 342 propinquiorem
822 293 925 331 cordi
966 293 1131 340 minore,
1189 294 1364 332 remotio·

257 374 330 401 rem
371 363 506 412 majore
538 363 576 400 vi
608 362 806 401 contrahit.
862 363 1012 400 Birch
1059 365 1150 401 duas
1189 363 1362 411 ligaturas

259 433 329 470 sub
359 432 488 470 arteria
514 432 646 480 ponit,
687 444 845 478 quorum
870 432 1079 471 inferiorem
1113 434 1362 481 constringit,

260 502 358 540 hand
406 513 494 539 vero
538 502 763 548 superiorem
813 502 933 540 minus
959 531 972 549 ,
1026 515 1097 550 qua
1145 503 1199 540 uti
1238 511 1367 551 posset

259 571 386 610 oborta
410 569 682 617 haemorrhagia
708 571 936 608 secundaria.
967 570 1003 607 T
1017 571 1039 607 ll
1054 582 1076 607 ο
1092 582 1225 608 mson
1252 572 1279 608 F
1295 582 1317 608 ο
1333 583 1368 608 ι·-

259 649 370 678 ster
419 641 486 689 (1)
519 641 752 678 commendat
785 652 939 688 parvum
966 640 1172 688 cylindrum
1209 641 1368 688 ligneum

260 722 343 748 cum
377 712 544 748 tenuiore
579 710 764 758 spleniolo
792 709 933 756 linteo,
963 721 1037 756 quo
1065 710 1175 747 modo
1212 710 1368 758 parietes

259 781 411 820 arteriae
444 793 484 819 se
521 781 677 819 invicem
706 789 876 827 tangunt.
918 780 1159 817 Mannoir
1185 778 1254 827 (2)
1283 790 1371 827 pro·

260 851 392 900 ponit,
420 860 461 889 ut
496 851 624 888 arterIa
641 878 654 897 ,
682 859 879 898 postquam
919 849 1062 886 duabus
1087 848 1254 897 ligaturis
1281 859 1369 886 usus

261 921 341 968 sit,
370 922 408 958 in
444 921 571 959 mediis
609 920 712 958 hisce
744 919 1042 965 transcindatur‚
1070 927 1133 964 et,
1173 917 1243 956 sub
1279 927 1372 955 arte-

264 991 316 1028 ria
363 992 469 1038 ponit
506 990 715 1038 cylindrum
757 989 994 1026 metallicum.
1057 986 1267 1025 Asalini
1303 985 1371 1035 (3)

263 1061 337 1099 fuit
372 1062 543 1098 inventor
581 1059 873 1107 compressorfi,
904 1070 979 1105 quo
1016 1057 1279 1104 comprimebat
1317 1068 1374 1094 ar·

264 1130 390 1168 teriam
436 1129 668 1167 denudatam.
709 1130 869 1167 Duret
909 1137 944 1166 et
984 1126 1187 1165 Dubois
1223 1127 1374 1164 invene·

263 1210 352 1239 runt
392 1198 701 1248 compressorium
745 1199 862 1236 simile
902 1198 1161 1245 praecedenti,
1199 1208 1275 1243 quo
1315 1197 1372 1234 usi

266 1281 357 1310 sunt
383 1272 427 1309 ad
465 1270 773 1317 comprimendam
802 1266 967 1305 arteriam
1003 1258 1250 1303 mechanismo
1285 1266 1374 1304 elas·

267 1342 367 1379 tico:
409 1340 441 1377 si
486 1350 605 1378 autem
644 1337 873 1386 compressio
907 1337 1022 1385 maj0r
1060 1336 1264 1374 necessaria
1296 1336 1373 1383 sit,

264 1411 418 1460 epitonii
446 1422 520 1459 ope
547 1409 710 1448 adhiberi
738 1416 875 1455 potest.

315 1481 483 1528 Dicunt,
525 1477 779 1528 praeterlapsis
816 1477 936 1514 tribus
972 1475 1133 1523 diebus,
1185 1473 1260 1512 imo
1300 1474 1371 1524 iam

264 1550 396 1599 viginti
419 1559 578 1596 quatuor
603 1550 726 1594 horis,
755 1547 826 1585 hoc
862 1546 1145 1584 instrumentum
1165 1544 1260 1583 demi
1287 1555 1376 1592 pos-

267 1633 334 1667 se,
359 1620 728 1665 obliterationemque
751 1618 821 1666 jam
849 1615 979 1653 factam
1018 1626 1113 1651 esse.
1151 1613 1224 1652 Ab
1241 1624 1374 1651 erne-

267 1692 353 1740 thy
387 1690 454 1741 (4)
485 1689 574 1738 ligat
610 1687 776 1725 arteriam
813 1685 956 1724 duabus
999 1683 1167 1733 ligaturis
1210 1691 1246 1720 et
1281 1683 1377 1720 inter

1334 1751 1378 1788 il-

304 1838 355 1876 (ι)
378 1835 586 1871 Forster's,
604 1836 742 1862 Account
762 1836 798 1872 of
809 1840 864 1860 two
875 1841 956 1860 caus
966 1832 1126 1868 ofpeplt'r.
1139 1837 1296 1865 onear-vnn
1316 1828 1348 1856 1η
1363 1847 1374 1864 ,

267 1896 395 1925 medical
404 1895 490 1931 facts
511 1893 572 1921 and
590 1894 651 1920 obs.
664 1912 674 1929 ,
692 1893 757 1919 vol.
782 1899 810 1925 5.

304 1952 356 1989 (φ.)
378 1951 515 1989 Journal
537 1958 607 1986 gen.
633 1949 668 1976 da
694 1949 779 1976 Med.
806 1953 837 1973 et
863 1945 950 1973 Clair.
978 1951 1010 1972 n
1034 1944 1069 1971 de
1088 1943 1216 1971 Phara.
1235 1941 1373 1978 tempor

267 2009 467 2042 serlillot,
484 2015 506 2035 t.
525 2007 588 2035 XL.
609 2010 694 2035 1811.
718 2006 810 2033 Mars.

306 2065 359 2101 (3)
381 2062 569 2094 Asarini’s
587 2082 597 2098 ,
633 2060 843 2090 Taschenhuch
874 2059 934 2095 fiir
970 2056 1159 2086 Wundiirzte
1192 2057 1293 2086 obers.
1320 2063 1376 2084 von

274 2124 391 2152 Grossx'.
408 2122 579 2155 manchon,
604 2120 689 2149 13¹6.
712 2118 785 2146 rasel
802 2126 831 2154 4.
850 2115 941 2150 flg.s³

309 2179 362 2221 (47
384 2176 528 2215 Surgtca}
553 2176 677 2211 πνοάς,
699 2175 800 2204 Lond.
824 2175 913 2207 1815·
935 2179 957 2201 t.
978 2173 1003 2201 1.
1028 2178 1059 2207 p.
1077 2177 1144 2205 15¹·

1497 1892 1508 2689 fflffl—r-—A—2——ff——n—-ss-—„—2-.—-.
1502 1864 1506 1876 -
1503 1798 1506 1816 .-
