1523 2745
439 165 948 204 LITERARIA.
1232 177 1277 215 73

165 274 253 313 dum
282 283 387 312 ancta
420 283 498 321 est,
558 270 670 322 quum
709 285 794 312 mox
831 285 968 313 merces
1010 275 1070 311 illa
1115 277 1158 312 ad
1201 282 1275 313 tres

166 341 300 380 obolos
314 343 382 391 (1)
403 344 681 391 produceretur.
712 343 867 383 Difficile
886 344 933 381 sit
945 344 1110 393 judicatu
1126 372 1139 392 ‚
1152 353 1275 382 utrum

166 413 239 451 hoc
273 414 443 451 ultimum
470 414 605 451 Cleoni
638 405 706 463 (ὲ)
726 415 777 451 sit
810 414 1090 452 adscribendum
1108 443 1120 461 ‚
1148 426 1193 453 an
1216 427 1279 453 ve·

167 493 210 519 ro
248 482 320 531 Jam
350 490 434 519 ante
471 493 552 519 eum
590 493 610 519 a
645 483 840 520 Callicrate
880 484 948 531 (3)
977 483 1136 531 quodam
1165 483 1278 521 fuerit

166 550 381 589 inventum:
412 551 561 589 Periclis
588 561 687 590 certe
712 552 749 589 in
773 553 937 599 augenda
960 553 1120 590 mercede
1153 553 1271 591 nullas

167 621 287 660 fuisse
332 630 453 669 partes
511 630 671 660 constat.
752 623 804 660 At
856 622 918 660 ille
972 621 1280 670 primuquedit

170 692 376 740 exemplum
413 690 570 739 aliisque
598 693 692 730 viam
726 691 923 737 indicavit,
963 704 1033 739 qua
1060 692 1191 739 populi
1228 690 1281 730 fa-

170 773 296 804 vorem
335 771 546 809 captarent:
593 761 735 809 primus
769 762 830 798 ille
870 762 908 798 in
945 760 1132 799 civitatem
1167 761 1282 798 intro·

173 832 280 871 duxit
316 844 415 878 rem,
445 840 487 870 ut
511 842 604 878 quae
639 831 794 868 maxime
828 830 1087 878 perniciosam.
1142 830 1282 880 Quam-

173 902 237 938 diu
271 901 332 939 ille
360 900 516 939 Athenis
539 898 723 948 praefuit,
753 899 874 947 plebis
903 899 1085 936 licentiam
1110 901 1174 937 sua
1198 911 1284 937 auc-

174 972 322 1010 toritate
340 972 537 1019 reprimere
564 978 734 1018 poterat:
764 970 828 1006 sed
848 980 961 1016 quum
996 968 1178 1006 neminem
1210 968 1283 1005 sibi

174 1041 324 1080 haberet
346 1051 467 1089 parem
485 1068 497 1086 ,
524 1049 586 1077 aut
599 1039 799 1076 secundum
817 1066 830 1084 ‚
858 1038 1080 1074 cui-tantum
1109 1048 1205 1074 onus
1226 1045 1284 1074 tu·

175 1119 216 1149 to
245 1110 493 1148 committeret
519 1117 555 1146 et
585 1108 833 1155 relinqueret,
883 1117 950 1144 nae
976 1105 1038 1143 ille
1069 1107 1163 1144 male
1195 1116 1284 1144 con-

174 1180 292 1219 suluit
321 1179 488 1225 civitati,
518 1178 626 1217 unice
656 1184 868 1228 praesentes
893 1187 1054 1223 curans,
1096 1177 1198 1215 nulla
1224 1178 1286 1214 ha·

175 1250 255 1288 bita
288 1248 408 1287 futuri
429 1248 605 1297 temporis
630 1248 798 1292 ratione⁷
829 1256 864 1284 et
895 1247 1023 1294 potius
1052 1259 1145 1294 quae
1167 1259 1288 1296 popu·

176 1323 215 1360 lo
235 1328 335 1359 erant
349 1320 536 1369 jucunda,
566 1330 673 1365 quam
690 1317 829 1365 optima
853 1328 1021 1363 quaeque
1034 1318 1190 1355 suadens
1202 1318 1284 1366 (4).

176 1391 328 1439 Duplex
358 1400 489 1436 nempe
516 1388 651 1425 malum
677 1387 739 1424 illa
764 1397 902 1423 merces
929 1387 987 1423 vel
1026 1386 1201 1433 adduxit,
1230 1389 1288 1426 vel

157 1459 354 1500 ‘excitavit
370 1472 380 1498 ε
398 1471 512 1507 quum
543 1458 638 1496 enim
664 1457 855 1505 sportulae
881 1456 962 1493 illae
986 1459 1186 1504 quotannis
1209 1456 1288 1497 fere

181 1532 266 1572 CL.
281 1529 427 1569 talentis
438 1530 506 1578 (5)
521 1535 735 1566 constarent
748 1553 761 1573 ,
776 1527 884 1573 eique
899 1537 1061 1563 summae
1073 1537 1194 1574 neque
1204 1545 1289 1578 πρυ-

132 1644 136 1645 ⁷
179 1609 304 1645 τανεῖοι
319 1601 389 1651 (6)
416 1600 703 1648 (sacramentum
732 1609 752 1634 a
770 1595 1001 1644 litigantibus
1026 1597 1289 1646 depositum),

1228 1680 1291 1707 sse·

222 1811 274 1849 (ι)
298 1810 367 1839 Vid.
387 1808 522 1837 Boc-ckh.
545 1814 596 1841 op.
617 1808 644 1835 1.
659 1807 684 1835 1.
705 1811 869 1837 250-252.

219 1867 273 1906 (α)
293 1868 375 1897 Idem
395 1874 454 1901 arg.
473 1867 530 1900 Eq.
549 1872 582 1892 v.
607 1871 675 1897 255.
697 1863 801 1890 Schol.
825 1861 862 1888 ad
881 1861 961 1889 Plut.
981 1870 1048 1895 330.

217 1928 271 1967 (3)
292 1929 394 1958 suidas
416 1925 496 1966 ὑπὲρ
525 1925 573 1957 ‘ria
599 1922 879 1963 Καλλικράτους.
908 1923 1121 1952 Cf.Hermann
1140 1923 1238 1958 praef.
1256 1924 1292 1952 ad

181 1988 263 2017 Nub.
285 1987 359 2016 edit.
381 1997 409 2016 2.
424 1992 548 2020 50—52.

218 2044 273 2084 (4)
294 2042 439 2079 Expressi
455 2039 603 2076 egregiam
625 2038 791 2070 Andocidis
811 2036 1011 2073 sententiam,
1029 2036 1058 2064 in
1076 2044 1122 2066 or.
1142 2045 1169 2067 c.
1191 2039 1288 2068 Alcib.

180 2121 214 2150 p.
245 2117 312 2144 117.
344 2103 410 2146 ἐγὼ
435 2102 472 2137 δὲ
495 2100 613 2143 νομίζω
637 2112 668 2134 κ.
689 2112 729 2132 τ-
744 2103 778 2132 λ.

217 2166 270 2204 (5)
291 2164 444 2200 aristoph.
465 2164 562 2197 Vesp.
581 2163 648 2194 663.
669 2161 720 2188 Cf.
739 2159 870 2188 Boeckh.
891 2166 923 2193 p.
944 2164 1021 2193 253,
1038 2167 1069 2194 4.

222 2222 275 2262 (6)
294 2222 434 2257 Xenoph.
450 2221 473 2249 l.
493 2227 521 2247 c.
544 2220 569 2247 1.
591 2220 647 2250 16·-
661 2218 784 2247 Pollux·
811 2216 892 2244 vlu.
916 2218 962 2250 38.
