1523 2745
367 126 940 204 JL1TssRAR1m
1204 173 1254 210 η

130 261 286 320 {aeduae
318 267 526 316 factiones,
556 268 702 316 plebem
732 277 768 307 et
791 267 960 314 nobiles,
989 267 1105 315 palam
1134 268 1253 312 divisa

127 348 199 378 est.
263 339 422 378 Pericles
450 348 492 377 ut
526 347 630 377 tanto
657 339 867 377 adversario
907 349 1027 386 parem
1068 350 1110 376 se
1147 350 1251 386 prae-

127 417 268 455 staret,
307 410 417 448 talem
454 409 693 458 potissimum
734 409 828 446 viam
870 408 963 444 inire
989 408 1145 454 debuit,
1175 419 1250 456 qua

128 479 246 529 magis
277 479 394 526 magis
436 478 629 526 magisque
667 489 789 516 auram
818 477 1033 525 popularem
1062 487 1246 526 captaret:

127 550 214 588 hinc
251 551 366 587 multa
399 547 518 593 festa,
558 547 709 596 prandia
745 546 921 594 publica,
962 557 1123 594 pompae
1149 558 1244 594 quae

127 620 218 659 licet·
251 619 382 657 urbem
425 617 676 656 exhilarabant
712 624 750 654 et
791 616 939 665 egregie
982 615 1166 654 faciebant
1201 615 1249 654 ad

128 698 225 728 artes
256 688 556 738 promovandas,
584 697 660 724 non
685 698 814 734 parum
842 695 962 728 tamen
990 685 1100 725 bonis
1134 687 1248 729 mori-

126 759 201 797 bus
222 757 405 803 contraria
427 766 527 794 erant
543 767 564 803 ‚·
586 764 622 793 et
647 755 896 795 Athenienses
918 756 1121 799 reddebant
1146 756 1246 798 iner-

127 837 184 868 tes
214 838 250 866 et
276 829 432 876 ignavos
459 835 495 864 et
518 828 694 877 loquaces
721 824 807 874 (ι.)

167 898 337 936 ÷Pericles
366 904 514 942 autem,
544 896 608 943 qui
647 895 831 943 quidquid
853 894 1055 943 cogitaret,
1083 894 1249 942 diceret,

126 966 291 1015 faceret,
317 966 411 1005 nihil
432 965 625 1013 antiquius
656 964 846 1011 habebat,
877 977 985 1012 quam
1018 965 1247 1017 Athenarum

129 1037 347 1086 potentiam·
366 1044 403 1075 et
432 1035 587 1084 gloriam
624 1035 671 1077 ad
693 1046 879 1074 summum
898 1034 1088 1083 festigium
1115 1035 1249 1077 evehe-

127 1118 166 1144 te
192 1114 229 1144 et
253 1106 376 1153 ipsum
414 1106 451 1141 in
486 1106 548 1142 tali
577 1105 670 1142 urbe
705 1103 911 1151 principem
953 1104 1089 1141 civium
1139 1115 1247 1151 esse,

125 1175 314 1224 praeditus
351 1174 504 1222 insuper
529 1184 618 1211 vero
646 1173 792 1221 pulchri
832 1183 974 1219 sensu,
1015 1173 1143 1211 urbem
1183 1174 1248 1213 ad·

126 1256 260 1291 versus
297 1245 425 1282 hostes
453 1243 545 1283 saris
577 1242 757 1281 munitam
785 1244 854 1290 (ε)
871 1271 884 1289 ,
909 1243 982 1292 jam
1006 1245 1111 1282 etiam
1139 1255 1249 1281 orna-

128 1315 160 1356 ti
193 1314 363 1355 curavit:
411 1313 516 1361 quod
547 1313 633 1357 dum
672 1312 835 1359 faceret,
874 1314 1043 1360 multos,
1086 1325 1244 1361 quorum

130 1395 245 1433 opera
270 1382 481 1430 utebatur,
533 1383 700 1426 mercede
738 1381 811 1419 sibi
842 1377 1052 1435 'adjunxiffi
1106 1385 1252 1432 multos,

128 1453 222 1495 alios
255 1452 356 1501 cepit
391 1452 560 1495 laborum
598 1450 850 1499 magnitudine
876 1460 912 1504 et
943 1451 1046 1496 urbis
1073 1452 1248 1499 splendo-

130 1521 232 1574 ¹105ss
268 1521 348 1563 dies
376 1529 610 1565 crescentes
645 1520 732 1565 Hoc
759 1528 907 1573 tempus
935 1520 1122 1567 illustrant
1149 1533 1252 1568 sum·

130 1593 182 1640 mi
209 1592 408 1643 ‚artifices2
436 1591 585 1641 Phidias
604 1616 618 1638 ‚
659 1591 902 1643 Callicrateffi
929 1591 1075 1636 Ictinus
1091 1620 1105 1639 ‚
1142 1594 1254 1637 Mne-

129 1662 264 1710 sicles,
291 1662 472 1700 innumeri
497 1661 588 1708 alii,
616 1661 682 1708 qui
708 1662 851 1703 honore
873 1671 919 1699 et·
937 1662 1108 1714 praemiis
1135 1674 1154 1715 ξι
1183 1663 1250 1703 Pe-

131 1733 222 1773 tiele
267 1732 440 1779 excitati,
491 1732 683 1780 splendida
720 1731 780 1771 illa
818 1742 940 1779 ,opera
975 1731 1250 1780 condiderunt,

134 1812 230 1852 quae
267 1802 501 1841 saeculorum
541 1801 780 1849 sequentium
811 1801 958 1851 judicio
985 1829 1000 1848 ,
1051 1811 1255 1850 numquam

1179 1871 1262 1921 dig.

171 2015 220 2052 (1)
237 2015 313 2044 Plat.
335 2013 368 2042 in
395 2011 526 2047 Gorgia,
555 2017 589 2046 p.
618 2016 680 2044 εις.
704 2010 739 2038 Ε.
775 2008 814 2038 ad
848 2016 942 2045 quem
969 2009 1074 2038 locum
1101 2008 1181 2037 infra
1207 2016 1258 2037 re·

137 2070 224 2102 dibu.
541 2064 545 2067 ’

156 2127 227 2164 Ἔα)
247 2129 327 2158 mut.
351 2125 505 2155 Themin.
531 2133 581 2162 19.
608 2124 639 2153 id
660 2112 783 2155 Cimon.
811 2132 848 2158 ¹3
882 2124 1002 2158 Longos
1025 2131 1151 2160 muros,
1173 2132 1190 2152 a
1208 2124 1259 2152 Ci-

134 2192 227 2215 mone
255 2186 443 2220 -inehoatos,
481 2182 604 2214 Pericle
630 2187 753 2212 auctore
789 2180 946 2210 absolutos
975 2182 1265 2212 tradit-Plutarchus

133 2245 207 2273 Pen
229 2250 274 2278 13.
