1502 2767
217 158 288 196 172
439 148 1105 189 COMMENTATIO

211 268 250 296 re
276 269 317 296 ac
345 259 535 309 depravari
546 259 673 307 coepit
688 290 699 304 ‚
714 268 756 297 ut
778 259 906 308 potius
916 259 1002 297 odio
1017 270 1057 297 ac
1066 257 1176 297 bellis
1189 285 1204 306 ‚
1217 268 1325 307 quam

212 336 344 367 mutuo
360 330 475 368 amori
488 341 528 368 ac
538 330 619 378 paci
634 328 866 377 incumbant,
879 338 922 368 ut
936 341 1064 379 pacem
1077 357 1091 378 ‚
1102 340 1214 378 quam
1229 329 1327 377 piam

210 407 468 447 aeternamque
507 401 752 447 pronuntiant
771 427 785 446 ‚
825 400 914 438 belli
948 399 1108 437 consilio
1146 397 1298 437 faciant.
1347 412 1348 416 ¹

262 469 324 507 Ab
365 470 423 508 his
461 469 636 507 differunt
677 481 717 507 ea
727 490 747 517 ‚<
792 481 886 517 quae
920 479 1049 508 nostra
1088 469 1219 517 religio
1251 469 1333 507 lau-

208 541 272 577 dat
290 540 474 587 docetque
495 551 508 586 ;
526 551 712 578 summum
733 540 812 589 ejus
826 540 1026 578 consilium
1051 549 1133 587 est,
1154 538 1331 578 omnibus

213 609 321 648 bellis
354 609 393 647 in
423 619 612 648 aeternum
635 611 746 648 talem
778 609 887 648 finem
912 611 1104 659 ponendi,
1132 621 1228 659 quae
1250 621 1330 648 om-

214 679 328 717 nibus
351 680 590 718 saluberrima
616 680 666 718 sit
680 680 914 719 hominibus.
943 681 1085 719 Mutuo
1108 692 1231 719 amore
1249 682 1333 718 vult

212 761 277 788 eos
290 751 518 800 conjungere
534 780 545 798 ‚
557 763 634 798 quo
655 752 948 790 commendando
965 761 1001 788 et
1021 750 1212 789 efficiendo
1221 762 1332 790 suum

214 820 432 869 exsequitur
458 821 658 860 consilium
682 822 768 871 (1).

265 891 409 929 Gentes
426 920 439 939 ‚
454 892 555 930 illius
570 892 785 941 cognitione
796 892 986 940 imbutae,
1001 903 1123 931 mores
1132 892 1206 942 jam
1218 901 1333 931 exue-

216 969 303 998 runt
326 960 468 999 ferinos
483 990 496 1008 ‚
512 961 614 1011 ipsae
634 963 742 1000 mites
763 975 803 1001 ac
820 963 995 1011 pacificae
1020 971 1234 1002 evaserunt.
1259 962 1335 1000 Hic

221 1032 295 1069 iilic
320 1031 561 1070 inveniuntur
574 1034 675 1071 docti
690 1061 704 1081 ,
719 1034 783 1080 qui
806 1045 932 1082 pacem
948 1042 1080 1081 optent
1093 1042 1307 1082 perpetuam
1320 1060 1335 1079 ‚

218 1102 284 1148 qui
299 1113 444 1139 morum
461 1103 665 1141 doctrinam
685 1131 697 1149 ‚
717 1115 810 1150 quae
831 1115 957 1151 pacem
980 1115 1021 1141 ac
1041 1115 1200 1141 amorem
1225 1103 1340 1140 maxi-

218 1183 277 1209 me
296 1172 552 1220 commendet,
580 1172 757 1221 optimam
785 1175 1028 1221 pronuntient
1055 1174 1152 1224 (2),
1181 1173 1248 1221 qui
1274 1184 1338 1211 va-

221 1243 292 1280 rias
327 1243 572 1291 excogitarint
593 1244 673 1281 vias
702 1244 748 1281 ad
775 1256 850 1282 eam
880 1244 1147 1282 conficiendam
1173 1243 1260 1293 (3).
1287 1265 1339 1274 —

222 1313 413 1361 Principes
436 1313 509 1363 ipsi
542 1313 616 1351 sibi
629 1314 767 1361 fingere
787 1314 961 1352 videntur
974 1325 1100 1362 pacem
1122 1323 1306 1352 aeternam
1324 1341 1338 1360 ‚

222 1391 258 1419 et
280 1383 405 1420 omnia
422 1411 434 1429 ‚
464 1395 558 1430 quae
575 1395 650 1421 eam
680 1383 840 1422 efficiant
857 1412 870 1430 ,
896 1393 1053 1423 tentare.
1108 1383 1246 1423 Testes
1270 1395 1343 1421 no·

225 1454 282 1490 bis
303 1463 392 1491 sunt
417 1455 522 1501 plura
547 1463 740 1501 pactorum
759 1483 772 1501 ‚
800 1454 943 1502 quibus
968 1462 1150 1492 aeternam
1178 1453 1341 1492 oblivio-

226 1535 337 1569 nem,
378 1533 558 1561 aeternam
593 1526 816 1571 promittant
846 1525 1041 1563 amicitiam
1074 1535 1230 1572 eamque
1263 1535 1342 1562 non

225 1594 373 1642 impiam
411 1593 654 1632 subdolamve
671 1622 683 1639 ‚
709 1596 774 1632 sed
797 1606 917 1632 veram
955 1606 996 1632 ac
1021 1606 1175 1642 aequam
1194 1622 1208 1641 ‚
1234 1597 1344 1645 quus

228 1664 361 1702 indicia
386 1665 546 1712 reperias
583 1666 620 1701 in
655 1665 771 1712 pactis
786 1693 799 1712 ,
838 1666 1012 1712 utrique,
1055 1675 1091 1703 et
1134 1665 1270 1704 victori
1308 1677 1344 1703 et

226 1735 397 1782 devicto,
427 1735 651 1773 salutaribus
675 1737 760 1784 (4).
789 1756 842 1765 -
867 1735 983 1775 Cives
1012 1746 1134 1774 autem
1173 1737 1346 1776 universe

1327 1819 1346 1846 a

269 1880 320 1918 (1)
342 1884 392 1912 Cf.
416 1884 567 1918 Etvaltl,
590 1886 608 1911 l.
631 1885 652 1912 1.
676 1893 706 1918 p.
732 1888 857 1920 69—76.

270 1940 319 1975 (a)
343 1941 408 1968 Hoc
430 1939 577 1973 judicium
595 1940 685 1970 eriam
705 1942 764 1969 sert
794 1942 961 1971 Kluber.
985 1943 1006 1972 t.
1026 1943 1047 1970 1.
1068 1944 1104 1971 11.
1128 1950 1157 1977 p.
1178 1943 1246 1976 506.

268 1997 320 2033 (5)
344 1998 403 2026 Vd.
422 2006 511 2033 supra
531 2001 609 2027 Part.
634 2003 657 2027 l.
681 2000 708 2034 §.
734 2008 778 2028 12.

271 2058 322 2092 (4)
346 2056 423 2085 Vdd.
447 2056 751 2092 Schmeltzing‚
772 2058 832 2084 1.1.
859 2055 914 2085 ΙΙΙ.
944 2065 977 2091 p.
1010 2066 1087 2093 3⁷2,
1116 2064 1147 2086 et
1175 2057 1349 2090 Kluber,

235 2115 255 2141 l.
279 2121 309 2148 p.
334 2121 400 2150 234.
424 2114 572 2142 Conferas
593 2122 678 2149 pacta
704 2114 807 2149 pacis,
834 2113 914 2142 inter
938 2114 1167 2149 Brittanniae,
1198 2115 1351 2142 Franciae

235 2180 265 2199 et
293 2173 460 2209 Hispaniae
488 2179 595 2207 reges,
624 2179 651 2199 a.
685 2175 769 2205 1763.
801 2170 903 2199 initae.
937 2170 1010 2207 (De
1041 2171 1241 2207 Marzens,
1279 2173 1357 2202 ἕζεο,

235 2230 256 2255 l.
277 2237 309 2264 p.
334 2238 383 2266 54.
407 2236 462 2259 art.
484 2230 546 2266 1.).
581 2228 663 2264 pacis
685 2237 790 2258 eorum
820 2237 897 2258 anno
923 2229 953 2258 in
980 2231 1113 2259 Casteno
1136 2231 1354 2266 Huberrshurg

1325 2295 1358 2317 ct
