1523 2745
267 194 314 220 10
453 176 1111 219 COMMENTATIO

263 299 323 328 tur
344 287 451 339 (1),
502 288 566 335 qui
607 287 795 326 biennium
843 295 931 335 post
963 285 1116 325 Periclis
1149 291 1302 322 mortem
1341 292 1363 320 a

263 358 462 398 Leontinis
491 359 633 407 legatus
663 357 828 395 Athenas
854 355 991 394 missus
1017 354 1115 404 (α),
1141 353 1281 392 multos
1308 350 1362 391 ibi

263 429 474 474 auditores,
522 428 561 465 in
609 426 746 475 quibus
778 425 1003 464 Alcibiadem
1038 433 1075 464 et
1106 423 1260 464 Critiam
1295 422 1364 472 (3)

259 507 389 536 nactus
425 496 572 536 dicitur.
628 496 776 535 Dicitur
799 507 950 544 quoque
980 496 1157 534 Periclem
1182 491 1366 533 instituis·

262 579 305 606 se
334 566 610 619 (οἱνηρτῆσθαςι),
637 566 749 615 idque
774 566 913 604 multos
931 565 1074 605 induxit
1101 565 1194 614 (4),
1227 571 1272 602 ut
1291 569 1368 601 sta·

260 645 408 675 tuerent
450 637 551 673 illum
592 636 665 685 J’am
698 644 802 672 antea
839 635 1004 674 Athenas
1040 633 1192 672 visisse.
1252 630 1370 681 Quod

259 716 379 746 tamen
395 734 409 752 ,
437 717 551 753 quum
585 716 682 743 mera
707 705 917 755 conjectura
935 704 986 742 sit
1001 732 1015 752 ,
1041 705 1162 743 tutius
1187 701 1257 741 erit
1280 700 1369 741 Phi·

259 776 405 816 lostrati
436 775 547 814 verba
573 774 739 823 accipere
761 776 807 813 de
833 773 983 824 scriptis
1009 773 1175 822 Gorgiae
1197 772 1366 810 Athenas

260 847 391 886 delatis
420 845 492 896 (5)
518 855 554 884 et
579 845 686 883 avide
709 857 729 883 a
765 844 903 884 Pericle
927 843 1124 893 perlectisz
1159 842 1268 892 cuius
1291 839 1370 879 dic·

261 918 403 955 tionem
439 927 516 955 non
552 915 702 953 alienam
733 912 852 952 fuisse
890 913 934 952 ab
964 921 1098 951 ornatu
1134 911 1236 959 isto,
1288 919 1367 959 quo

265 988 426 1037 Gorgias
466 985 771 1034 intemperantius
816 995 907 1024 usus
957 992 1015 1022 est
1061 981 1162 1032 (6),
1209 980 1372 1020 indicant

264 1058 361 1096 dicta
384 1057 456 1096 viri
475 1081 490 1104 9
517 1068 611 1105 quae
642 1055 861 1096 Plutarchus
886 1062 923 1093 et
946 1053 1173 1095 Aristoteles
1198 1051 1268 1102 (7)
1294 1059 1372 1088 ser-

264 1136 412 1167 varunt.

314 1197 423 1236 Nihil
464 1205 584 1235 autem
621 1196 708 1243 plus
740 1193 901 1232 contulit
937 1193 983 1230 ad
1017 1190 1252 1230 formandum
1290 1188 1370 1237 ejus

263 1267 479 1316 ingenium,
517 1276 626 1311 quam
660 1264 838 1311 frequens
878 1270 916 1301 et
938 1272 1140 1308 numquam
1162 1257 1373 1297 intermissa

262 1335 497 1375 consuetudo
536 1345 618 1371 cum
660 1334 902 1380 Anaxagora,
958 1331 1065 1379 quus
1113 1328 1259 1367 fructus
1295 1338 1376 1365 sae-

264 1407 351 1456 pius
386 1403 636 1454 agnoscimus.
702 1402 801 1440 Huic
833 1402 916 1440 viro
954 1399 1045 1449 quid
1077 1397 1274 1445 debuerit,
1299 1405 1376 1434 non

267 1487 438 1514 necessse
471 1474 647 1511 habemus
679 1472 904 1521 conjecturis
941 1469 1116 1518 assequi:
1154 1467 1229 1516 ipsi
1275 1474 1377 1506 vete·

267 1557 325 1584 res
350 1546 416 1596 (8)
443 1544 597 1592 copiose
607 1544 803 1582 declarant.
841 1541 913 1580 Hic
938 1540 1124 1589 ingenium
1146 1537 1297 1577 Periclis
1316 1548 1378 1575 na·

270 1618 354 1654 tura
382 1616 427 1653 ab
450 1614 630 1653 hilaritate
649 1614 805 1652 alienum
820 1640 833 1660 ,
870 1610 1026 1650 reddidit
1048 1620 1157 1659 grave
1191 1619 1233 1647 ac
1248 1606 1377 1645 docuit

1300 1689 1379 1716 om·

308 1771 361 1808 (ι)
384 1770 435 1801 Cf.
453 1771 576 1798 Heeren
593 1770 701 1799 Ideen.
717 1769 772 1798 111.
792 1777 824 1804 p·
849 1777 917 1807 334·
937 1769 1008 1797 edit.
1031 1777 1127 1805 quart.

307 1829 360 1865 (α)
380 1828 474 1857 Diod.
489 1827 551 1857 Sic.
569 1828 634 1856 XII.
655 1836 702 1861 53.

305 1884 363 1921 (3)
385 1884 524 1914 Philostr.
545 1885 631 1912 Vitae
649 1885 741 1919 soph.
765 1884 816 1912 IX.
842 1890 870 1913 1.

311 1942 363 1980 (4)
385 1943 516 1972 Wessel.
543 1942 578 1969 ad
603 1940 696 1969 Diod.
718 1941 741 1969 1.
768 1948 800 1970 c.
829 1947 886 1968 van
903 1940 1000 1974 spaan
1024 1939 1060 1967 de
1089 1937 1214 1974 Antiph.
1233 1945 1266 1973 p.
1287 1945 1316 1966 2·
1332 1944 1378 1972 sq.

271 2001 407 2029 clinton.
420 2018 431 2035 ,
447 1998 524 2027 Fasti
538 1998 658 2026 Hellen.
680 1998 716 2024 ad
732 2005 779 2025 an.
798 2003 854 2032 459
875 2003 905 2024 et
920 2004 992 2032 427.

306 2055 361 2093 (5)
381 2056 450 2085 vid.
473 2056 520 2084 cl.
540 2055 637 2083 Geel.
661 2054 739 2082 urst.
765 2052 840 2081 erit.
859 2051 991 2088 sophist.
1009 2060 1040 2087 p.
1063 2061 1109 2088 14.

310 2112 362 2149 (6)
383 2112 452 2141 Cic.
475 2113 556 2140 Orat.
577 2118 613 2143 52

313 2167 366 2204 (7)
389 2169 466 2197 Plut.
486 2170 556 2196 Per.
576 2171 604 2197 8.
628 2167 720 2196 Arist.
738 2168 831 2196 Rhet.
855 2167 910 2195 111.
929 2175 950 2203 4
967 2173 998 2194 et
1016 2174 1063 2196 ιο.

312 2227 365 2262 (8)
385 2224 443 2253 eff.
463 2231 582 2259 praeter
603 2225 681 2253 Plut.
700 2225 781 2251 Plato
801 2223 832 2251 in
849 2223 1002 2257 Phaedro,
1023 2230 1056 2257 p.
1073 2231 1142 2257 270·
1171 2223 1211 2252 A.
1232 2221 1263 2251 iu
1280 2221 1380 2250 Alcib.

275 2283 300 2312 1.
320 2283 418 2316 1³.118
437 2287 466 2308 et
482 2279 545 2308 Cic.
564 2281 644 2309 Orat.
663 2280 717 2308 ΠΙ.
736 2288 782 2317 34.
801 2281 882 2307 Brut.
900 2288 946 2309 11.
967 2280 1051 2307 Orat.
1072 2288 1102 2316 4.
