1507 2876
503 205 892 252 ORATIO.
1211 214 1270 256 37

115 332 316 387 tutione,
358 331 513 390 judicio
552 339 677 391 atque
706 334 863 394 ingenii
897 337 1112 391 acumine,
1154 340 1256 394 sed,

116 409 327 467 -quamvis
369 409 552 468 primum
601 424 696 455 cum
743 412 832 456 aliis
882 413 1076 458 laudibus
1092 447 1104 468 ,
1164 423 1254 461 tum

132 486 349 531 doctrinae
383 486 507 546 copia
547 493 588 532 et
619 488 819 534 varietate
855 490 973 534 alteri
1013 492 1253 546 excelleret,

60 614 64 616 v
130 563 360 608 secundum
392 563 556 608 vincere
587 564 688 609 illud
723 566 856 611 visum
889 575 951 611 est
966 572 1121 613 ‘rerum
1153 577 1255 630 apta

131 640 432 700 dispositione,
462 648 551 685 tum
584 641 691 686 vitae
722 643 975 689 Periclis
1017 647 1256 691 enarratio-

129 731 210 771 ne,
266 732 375 774 quae
413 717 457 760 in
500 718 634 762 altero
676 733 755 777 per
800 735 933 764 annos
973 721 1132 779 digesta
1175 730 1251 768 est.

131 793 419 852 Quamobrem
458 795 502 838 in
548 794 708 854 dispari
752 797 966 856 utriusque
1009 800 1253 858 scriptionis

130 870 296 914 ratione
352 883 446 914 cum
506 886 654 930 parem
717 872 882 931 utrique
947 877 1250 934 praestantiam

130 946 409 992 tribueremus
430 978 443 1000 ,
518 947 600 991 utri
654 949 886 1006 praemium
946 951 1250 1008 destinaretur,

133 1024 241 1069 sorti
272 1023 589 1081 relinquendum
631 1026 865 1072 statuimus,
948 1028 1177 1074 Auctorem
1208 1045 1253 1075 se

133 1100 323 1160 prodidit
352 1098 478 1159 primi
507 1101 699 1159 opusculi

156 1253 511 1300 Walrandus
556 1253 860 1300 Cornelius
903 1226 1227 1307 Ludovicus

542 1330 850 1386 Clarisse‚
911 1375 918 1380 ,

217 1413 302 1445 Phil.
316 1415 434 1444 Theor.
451 1419 483 1445 et
496 1410 581 1446 Litt.
595 1415 693 1446 Hum.
707 1416 809 1447 Cand.
833 1421 930 1458 atque
948 1419 981 1449 in
998 1421 1169 1452 Academia

481 1468 780 1509 Lugduuo-ssatava
803 1470 903 1504 stud.

132 1604 303 1650 secundi

109 1771 111 1775 ⁴
159 1764 388 1809 Joannes
432 1762 713 1829 Corne-lius
752 1763 1021 1808 Gerardus
1064 1764 1222 1818 Boot,

317 1845 401 1876 Phil.
416 1844 539 1876 Theor.
551 1846 634 1876 Litt.
649 1846 746 1877 Hum.
765 1850 799 1875 et
811 1845 901 1876 Juris
915 1846 1016 1877 Cand.
1029 1848 1063 1875 in

439 1899 611 1930 Academia
624 1899 925 1940 Lugduno-Batava
936 1920 946 1938 ,

114 2033 309 2078 ,quorum
338 2019 396 2063 illi
425 2033 518 2063 sors
547 2016 734 2077 propitia
766 2015 856 2059 fuit.

185 2110 221 2154 E
264 2110 438 2154 caeteris
471 2106 894 2153 commentationibus
930 2105 1137 2150 secundos
1171 2105 1254 2149 tri-

127 2187 293 2232 buimus
320 2187 504 2232 honores
537 2185 701 2230 auctori
733 2182 1030 2243 disputationis
1066 2185 1248 2227 tertiae.

130 2264 349 2314 Praestare
377 2263 481 2308 haec
505 2262 671 2321 utrique
696 2261 763 2306 illi'
787 2260 1012 2307 videbatur
1040 2272 1135 2304 cum
1163 2259 1251 2306 cri-
