1502 2767
215 182 263 223 ⁵4
447 172 1102 214 COMMENTATIO

209 285 296 322 nata
318 292 355 321 et
384 283 565 332 prospera
596 281 759 320 civitatis
785 282 1000 321 conditione
1033 282 1204 322 fruantur
1220 310 1234 330 ‚
1252 293 1330 332 quo

212 352 359 392 facilius
395 362 431 391 et
467 352 624 390 celerius
657 352 696 389 in
728 351 994 399 perfectionem
1028 353 1200 390 moralem
1239 352 1330 390 eniti

217 424 382 473 possint.
424 423 517 460 Alto
545 422 618 459 sibi
640 422 763 459 animo
790 423 919 470 infiget
943 423 1115 473 princeps
1145 416 1331 461 Christiass

214 505 287 532 nus
308 522 322 540 ‚
345 493 417 530 hoc
450 492 524 529 sibi
549 491 784 540 propositum
804 504 885 531 esse
903 502 1083 542 oportere
1107 493 1304 531 consilium
1323 519 1337 540 ,

215 575 292 602 non
326 572 468 600 tantum
495 561 546 600 ob
574 573 704 600 causas
730 573 842 610 supra
873 563 998 600 allatas
1014 591 1027 610 ,
1054 574 1182 601 verum
1223 562 1331 600 etiam

222 633 325 681 quod
355 633 467 670 semel
505 631 702 680 aliquando
735 643 857 670 coram
878 633 1004 682 judice
1037 628 1212 681 supremo
1241 643 1336 670 con-

219 701 387 739 siliorum
414 702 680 749 actionumque
699 702 876 739 radonem
911 702 1120 740 redditurus
1141 702 1190 740 sit
1205 729 1218 749 ,
1244 712 1336 750 poe-

220 770 280 808 nis
317 770 530 819 affligendus
568 770 822 819 gravissimis,
859 771 918 819 si,
957 782 1067 819 quem
1102 771 1338 810 Providentia

221 838 360 878 Divina
396 848 500 878 tanto
545 851 696 878 munere
731 841 885 890 dignum
916 841 1130 889 censuerit,
1165 852 1244 880 non
1283 842 1337 879 ci-

222 910 325 949 vium
356 911 539 958 salutem,
567 912 633 949 sed
658 923 769 949 suum
803 911 995 949 arbitrium
1016 911 1145 960 agendi
1170 923 1337 950 normam

224 982 393 1029 posuerit
406 1007 419 1027 o
434 980 713 1029 liberorumque
729 982 884 1019 salutem
905 980 1181 1030 praeterviderit
1195 979 1279 1029 (1).
1296 991 1336 1007 -’-

224 1051 312 1090 Huc
355 1050 448 1089 redit
487 1050 631 1089 indoles
680 1050 884 1089 officiorum
922 1051 1101 1099 principis
1149 1050 1334 1089 Christia-

228 1121 267 1158 ni
298 1120 384 1171 (α).

277 1191 393 1239 Hoc,
419 1190 525 1238 quod
558 1189 734 1240 princeps
765 1189 839 1228 sibi
865 1200 1078 1239 proponere
1111 1189 1220 1227 debet
1248 1199 1340 1226 con·-

228 1261 381 1308 silium,
404 1260 565 1299 obtineri
587 1271 665 1298 non
691 1271 833 1309 posse,
861 1259 935 1297 nisi
968 1260 1047 1297 suis
1082 1259 1219 1307 singuli
1247 1258 1342 1308 J‘uri-

228 1332 300 1371 bus
321 1330 436 1369 libere
468 1339 505 1368 et
536 1338 620 1368 tuto
652 1338 828 1377 utantur,
864 1329 1053 1376 vitamque
1076 1329 1210 1377 degant
1232 1339 1342 1367 secu-

229 1412 303 1439 ram
319 1428 334 1448 ,
361 1411 470 1437 nemo
492 1410 569 1436 non
596 1399 790 1448 perspicit.
818 1418 875 1427 —
902 1399 1002 1436 Hinc
1026 1398 1180 1436 Ethices
1207 1398 1340 1437 Chris-

231 1471 349 1508 tianae
373 1469 538 1507 doctrina
564 1469 756 1518 Principi‚
784 1478 958 1516 tanquam
983 1467 1238 1516 gravissimum
1263 1468 1343 1506 offi-

230 1539 354 1584 dum,
382 1536 569 1586 imponit,
594 1538 730 1576 civium
766 1538 849 1587 jura
878 1536 1089 1584 vindicare,
1121 1537 1188 1585 qui
1215 1538 1339 1575 eadem
1373 1590 1375 1592 r

231 1620 308 1648 non
345 1608 774 1658 agnoscunt‚castigare
807 1617 842 1645 et
873 1607 909 1645 vi
933 1618 1085 1655 quoque
1115 1608 1340 1658 prohibere,

234 1678 436 1726 quominus
460 1687 586 1716 sancta
611 1677 749 1717 civium
779 1679 861 1728 J'ura
887 1677 1026 1728 injuste
1055 1678 1344 1726 aggredianturg,

232 1749 299 1788 ubi
327 1748 423 1787 enim
462 1749 600 1788 Paulus
629 1748 874 1787 Timotheum
892 1776 906 1795 ,
943 1747 1075 1796 Epist.
1099 1748 1131 1785 I.
1165 1748 1261 1796 Cap.
1290 1747 1342 1787 11.

1243 1829 1343 1856 com.

269 1955 323 1995 (1)
342 1958 549 1987 Platonem
573 1957 632 1992 jam
650 1958 820 1988 istiusmodi
841 1958 915 1994 quid
932 1959 963 1987 in
979 1959 1119 1995 principe
1146 1967 1177 1988 et
1192 1960 1346 1995 legislato-

232 2021 265 2043 xe
299 2014 453 2050 voluisse,
484 2021 567 2050 patet
598 2023 637 2044 ex
670 2015 731 2044 lib.
767 2016 805 2044 de
841 2016 923 2051 Rep.
958 2017 1026 2045 V11.
1055 2025 1087 2051 p.
1121 2024 1188 2052 519.
1216 2018 1254 2045 C.
1287 2017 1343 2046 ubi

233 2071 292 2100 ita:
321 2092 344 2109 „
364 2072 573 2108 Legislarorts
594 2079 640 2101 est
656 2081 790 2107 curare,
817 2079 853 2100 ut
870 2080 937 2101 tota
955 2074 1071 2102 civitas
1091 2075 1135 2102 sit
1153 2075 1265 2109 beata,
1286 2083 1347 2102 om·

233 2139 342 2166 ncsque
366 2138 544 2157 communem
561 2130 737 2157 utilitatem
755 2131 862 2157 colunt
878 2149 888 2165 ,
901 2131 993 2160 civili
1010 2131 1088 2158 enim
1108 2137 1195 2158 coetu
1215 2130 1346 2160 homines

234 2193 416 2222 congregae,
439 2192 475 2213 ut
495 2187 571 2221 ipsis
592 2186 633 2213 ad
653 2188 791 2222 capulum
809 2188 956 2216 civitan’s
977 2187 1128 2216 utatur-''

271 2243 324 2278 (α)
347 2243 422 2276 Leg.
445 2244 506 2272 Mo
520 2242 669 2278 sheim‚
691 2243 794 2272 Zedel.
819 2244 912 2274 Tom.
928 2246 1008 2275 VIII.
1023 2253 1056 2280 p.
1079 2251 1148 2282 739.
1168 2253 1234 2280 sqq.
