1564 2750
327 171 398 207 ¹42
451 157 708 198 COMM.
774 158 1281 203 LITERARIA.

317 267 489 305 tendente
515 267 725 306 faciendum
749 277 806 306 est
822 296 836 316 ‚
875 269 987 317 idque
1011 269 1061 308 ob
1086 271 1175 311 duas
1197 284 1289 322 quas
1321 258 1439 314 affert‘

316 348 456 379 causas.
502 337 556 375 1⁰.
593 337 782 376 Diodorus
808 338 908 387 (1),
932 351 1048 387 quum
1085 341 1244 390 dixerat,
1285 344 1428 384 Xanth-

317 407 445 455 ippum
481 407 553 445 hoc
593 418 691 445 anno
732 407 850 446 fuisse
886 410 1114 449 Archontem
1159 413 1429 464 Eponymum,

316 487 408 514 mox
431 477 567 524 tradit,
603 477 859 527 Xanthippum
886 479 1113 529 Ariphronis
1150 482 1294 531 filium,
1324 483 1428 523 The·

317 547 479 585 mistocli
513 546 735 595 suffectum,
769 552 941 597 praetura
966 551 1221 603 (zrpmnquc)
1254 551 1426 594 functum

312 615 448 655 fuisse.
473 621 529 655 20.
544 618 763 656 Plutarchus
778 618 891 667 ‚licet
905 619 944 657 in
969 621 1043 659 vita
1057 622 1231 661 Aristidis
1256 624 1429 662 Archon-

314 694 388 724 tem
412 687 702 736 Xanthippidem
739 686 1104 737 commemoraverit,
1131 701 1176 729 eo
1206 692 1321 740 loco,
1348 703 1428 740 quo

315 756 361 794 de
385 756 582 794 nobilitate
607 756 748 806 generis
785 757 859 805 agit
888 758 982 809 (α),
1009 761 1106 798 unde
1136 761 1294 801 Pericles
1318 770 1426 801 ortus

314 814 431 874 erat,
481 826 665 865 Praetoris
704 827 851 875 quidem
897 829 1120 868 mentionem
1146 828 1148 830 ’
1175 830 1302 879 fecit,
1348 830 1427 871 non

314 908 405 935 vero
430 897 651 936 Archontis.
720 898 1057 937 Animadvertatur·
1085 900 1199 948 igitur
1231 899 1428 940 discrimen

313 968 544 1006 Archontem
561 963 800 1016 Eponymum
823 968 918 1006 inter
931 969 1242 1019 praetoremque3
1258 971 1427 1020 quamvis

313 1037 473 1076 fortasse
507 1039 580 1077 hoc
622 1049 719 1076 anno
753 1038 928 1087 exceptio
963 1041 1137 1088 quaedam
1168 1041 1293 1078 locum
1328 1040 1429 1079 obti-

312 1118 399 1146 nere
433 1108 621 1156 potuerit:
664 1107 751 1155 quia
787 1119 845 1145 res
885 1108 1103 1158 judiciaria,
1131 1109 1421 1147 Atheniensibus

310 1177 350 1215 in
385 1177 564 1216 Salamine
592 1177 844 1225 degentibus,
889 1177 1060 1215 nonnihil
1097 1179 1265 1226 neglecta
1303 1179 1424 1227 jacere

311 1246 453 1294 potuit.
481 1246 628 1285 Nititur
662 1255 784 1284 autem
810 1247 1002 1284 Dodwelli
1039 1247 1306 1293 argumentatio
1325 1248 1423 1297 alin,

312 1327 386 1364 qua
419 1317 720 1362 demonstretur,
748 1326 908 1364 pugnam
938 1316 1193 1363 Mycalensem
1228 1317 1274 1355 ad
1299 1326 1426 1365 poste·

311 1386 444 1423 riorem
473 1385 559 1423 anni
579 1393 720 1433 partem
742 1384 968 1423 referendam
979 1396 1084 1432 esse3
1101 1387 1193 1424 adeo
1213 1394 1255 1424 ut
1279 1387 1424 1426 Xanth-

310 1455 423 1503 ippus
439 1483 453 1503 ‚
494 1455 655 1503 primum
682 1454 828 1502 quidem
851 1455 896 1492 ad
915 1466 974 1493 res
1002 1454 1133 1494 civiles
1165 1450 1421 1508 administran->

310 1524 374 1563 das
415 1533 596 1572 vocatus,
635 1532 766 1572 postea
811 1525 1031 1564 necessitate
1077 1535 1230 1575 urgente
1246 1555 1260 1573 ‚
1309 1519 1420 1566 classi

310 1593 521 1645 praefectus
547 1593 675 1632 fuerit.
705 1594 916 1644 Quominus
942 1602 1063 1634 autem
1094 1595 1181 1633 haec
1195 1596 1314 1634 valere
1332 1609 1421 1645 pos-

311 1665 418 1713 sint,
445 1664 570 1702 obstat
607 1664 794 1702 Herodoti
820 1666 927 1703 locus
951 1664 1042 1702 Lib.
1068 1665 1165 1714 Cap.
1193 1666 1298 1704 VIII.
1328 1678 1416 1716 131.

311 1735 486 1784 Denique
512 1742 550 1772 et
576 1735 649 1772 hoc
675 1734 720 1771 ad
746 1746 861 1772 meam
899 1734 1117 1773 sententiam
1153 1735 1423 1790 defendendam

310 1804 444 1845 afferre
466 1805 586 1844 liceat.
615 1805 782 1853 Spartam
812 1805 923 1854 legati
955 1804 1060 1843 missi
1093 1814 1182 1844 sunt
1207 1803 1392 1844 Aristides
1405 1801 1429 1855 ,ἶ

311 1876 474 1922 Cimon,
513 1864 750 1922 Xanthippus
789 1882 826 1911 et
863 1875 1085 1923 Myronides
1113 1874 1198 1924 (3).
1252 1875 1293 1913 Si
1329 1886 1419 1914 vero

310 1944 549 1994 Xanthippus
575 1943 709 1981 fuisset
729 1943 884 1982 Archon
911 1945 1162 1993 Eponymus‚
1197 1954 1418 1993 occupasset

1337 2027 1426 2065 pro·

352 2119 403 2156 (1)
423 2117 490 2146 Lib.
516 2118 566 2146 XI.
595 2125 661 2152 cap.
688 2125 735 2151 27.

352 2176 403 2211 (2)
423 2176 500 2203 Plut.
528 2174 559 2202 in
587 2175 657 2204 Per.
679 2182 746 2208 cap.
771 2182 801 2208 3.,
825 2180 892 2208 pag.
924 2179 988 2207 ¹53·
1011 2173 1050 2200 D.

353 2232 404 2270 (³)
425 2233 504 2262 Plut.
533 2230 627 2262 Arist.
653 2238 716 2266 cap.
743 2237 789 2260 ιο.
813 2238 845 2265 p.
870 2236 935 2262 εις.
956 2232 994 2258 A.
