1538 2689
548 118 897 156 MEDICA.
1236 125 1282 161 25

167 225 246 264 illas
281 236 346 263 vas
384 226 617 266 transcindit.
652 226 899 274 Hogdson
953 223 1026 275 (ι)7
1074 223 1282 274 proponit..

166 303 209 333 ut
242 295 280 332 in
306 296 446 344 magnis
477 296 616 333 arteriis
652 296 801 333 duobus
842 306 927 333 cum
956 294 1028 332 filis
1063 293 1190 331 arteria
1231 294 1274 330 li·

166 374 297 414 getur,
324 375 361 403 et
396 367 541 413 quidem
570 377 688 414 prope
721 367 858 404 vulnus
881 373 1033 412 propter
1057 374 1176 400 ramos
1199 373 1282 399 ana-

165 436 404 474 stomoticos.
449 437 638 484 Scarpa
678 437 745 485 (2)
772 444 949 483 patronus
991 441 1047 470 est
1078 433 1285 471 Forste-

164 504 234 552 ri,
261 505 327 543 secl
362 505 524 543 instituit
548 505 739 553 ligaturam
769 503 991 552 interposito
1022 503 1190 551 cylindro
1214 501 1287 539 linu

164 583 225 613 teo
260 577 480 614 convoluto.
558 576 796 626 'Quamquam
842 573 923 625 (3)
960 573 1132 611 nonnulli
1178 581 1283 611 autu—

165 654 286 692 mant,
337 646 437 682 illum
475 645 636 693 primum
673 646 810 682 hancce
847 644 1061 682 methodum
1096 643 1134 679 in
1172 653 1280 680 usum

164 717 341 764 duxisse,
379 727 456 753 non
480 717 529 752 ita
558 727 615 752 res
652 726 732 752 sese
754 715 891 760 habet,
918 725 999 751 nam
1027 714 1107 761 ipse
1139 714 1283 750 Scar-

164 797 222 833 pa
247 786 314 835 (4)
341 795 627 831 commemorat,
668 785 873 834 Chirurgus
914 784 1064 822 Italicos
1099 782 1285 829 antiquio-

166 867 224 894 res
253 857 324 906 jam
362 855 539 904 cylindris
560 856 682 893 linteis
706 856 744 892 in
775 855 917 902 liganda
940 854 1069 891 arteria
1094 853 1144 890 ob
1172 863 1284 890 aneu-

166 937 289 971 rysma
309 937 524 973 usurpasse.
554 925 590 962 H
607 936 626 961 e
642 925 684 961 is
701 932 715 960 t
731 934 751 961 e
767 935 783 960 r
798 935 853 961 us
873 924 940 971 (5)
967 922 1077 961 nobis
1108 923 1283 961 describit

163 994 240 1032 fere
272 997 418 1033 eandem
453 994 693 1039 methodum,
734 1004 806 1039 qua
849 1003 947 1029 nunc
990 993 1176 1039 Scarpa
1209 993 1283 1030 uti-

163 1073 239 1102 tur.
317 1066 360 1103 In
402 1064 550 1112 scriptis
595 1064 673 1101 suis
733 1063 860 1100 Scar
879 1074 935 1109 pa
987 1062 1107 1108 dicit,
1176 1073 1279 1100 suam

161 1135 374 1172 methodum
432 1145 512 1172 esse
565 1134 936 1171 Hunterianam
957 1161 970 1179 ,
1047 1133 1109 1170 sed
1164 1142 1283 1170 muta-

162 1212 252 1242 tam.
306 1204 443 1241 Nobis
471 1215 559 1241 vero
605 1204 752 1241 videtur
780 1204 838 1257 illa
867 1214 950 1241 esse
985 1203 1185 1240 methodus
1204 1205 1277 1252 Jam

162 1274 329 1311 instituta
351 1286 370 1312 a
402 1275 464 1311 ΡΟ
481 1282 683 1321 rstero‚
709 1273 949 1312 Heistero
977 1273 1160 1320 aliisque3
1180 1284 1283 1310 narn·

164 1356 236 1391 que
275 1344 407 1381 Anel
434 1343 517 1380 dein
547 1353 582 1382 et
623 1344 850 1381 Desault
884 1343 1128 1381 instituebant
1152 1355 1279 1391 opera-

161 1413 301 1451 tionem
333 1414 599 1461 aneurysmatis
638 1425 708 1451 una
738 1425 820 1450 cum
860 1413 1014 1461 ligatura
1046 1413 1204 1460 simplici
1240 1422 1275 1450 et

162 1493 291 1532 postea
331 1484 604 1522 Hunterus
656 1483 687 1520 ei
723 1482 897 1529 favebat,
936 1484 1068 1520 etenim
1108 1483 1161 1520 illi
1196 1483 1278 1521 sine

164 1553 372 1603 substantia
396 1553 583 1602 ligabant,
629 1554 816 1600 Scarpa
841 1563 918 1590 non
954 1552 1057 1589 item.
1087 1553 1279 1601 Quodam-

164 1625 277 1664 modo
314 1623 385 1662 dici
422 1632 548 1672 potest
586 1623 782 1661 methodus
819 1622 1040 1671 Scarpiana,
1084 1633 1165 1660 nam
1201 1623 1276 1670 pri-

1191 1704 1275 1730 mus

202 1757 254 1797 (i)
274 1759 302 1787 H
314 1759 409 1793 odgs
422 1766 487 1793 on,
507 1758 568 1785 Dte
595 1757 810 1785 Krankhen'ten
834 1757 888 1785 der
905 1756 1061 1783 Arterien
1081 1755 1143 1783 una
1161 1756 1274 1786 Venen.
1300 1759 1302 1762 ·

165 1826 220 1846 aus
237 1817 298 1845 dem
320 1816 414 1851 Engl.
433 1815 532 1844 durch
548 1814 812 1849 Koberwein,
835 1821 901 1841 ann.
924 1816 1007 1845 1817.
1030 1819 1060 1846 p.
1085 1816 1153 1849 289·

203 1873 253 1912 (α)
276 1875 317 1903 Α.
341 1876 356 1901 S
367 1881 383 1901 c
393 1880 459 1907 ιιι-Ρ
469 1882 484 1901 a
495 1892 504 1907 ‚
526 1874 600 1903 iiber
625 1871 674 1899 dte
693 1870 1044 1906 Pulsadergeschwie'lste
1054 1889 1064 1905 ,
1086 1871 1273 1899 uehere-von

164 1934 347 1965 Har-less,
370 1930 481 1959 Ziirich
504 1934 587 1960 1808-
607 1938 638 1965 p.
656 1937 724 1963 ¹33.

202 1989 255 2028 (3)
275 1990 383 2017 Mane
396 1997 432 2023 c,
462 1988 574 2016 Trai-‘Z
600 1987 860 2021 theonetpract.
879 1994 934 2013 sur
951 1986 982 2014 Ia
1000 1986 1119 2021 ligture
1139 1984 1189 2012 cles
1207 1984 1273 2011 Ar·

168 2046 267 2082 sires,
291 2050 375 2082 1832.
403 2045 492 2074 Paris.
515 2053 546 2080 p.
571 2052 614 2081 19.

204 2103 255 2141 (4)
274 2105 442 2138 scarpa,
462 2103 526 2131 1.1.
545 2109 577 2136 p.
603 2108 667 2137 191.

203 2160 256 2198 (5)
275 2160 467 2190 fleisteru
478 2167 511 2194 s,
556 2157 766 2188 Institutiones
800 2155 993 2193 Chirurgicae
1010 2175 1021 2192 ,
1054 2155 1273 2186 Amstelodami

168 2224 255 2255 ι739·
276 2225 308 2254 1²⁴·
329 2227 398 2255 424.
419 2217 483 2246 'vol-
502 2217 526 2244 l.
