1564 2750
82 210 99 239 Ξ
110 202 292 244 ·e110111-.§.
303 211 332 235 ι·

353 157 423 194 114
585 133 1246 182 COMMENTATIO

345 256 487 302 signem
532 253 772 290 mutationem
827 252 952 289 subire
995 251 1137 290 debuit.
1212 253 1266 290 Ita
1304 248 1459 300 aequili-

347 324 466 361 brimn
493 323 588 360 inter
609 323 805 370 optimates
848 322 1161 370 pauperioresque
1196 334 1351 370 prorsus
1395 315 1460 371 pe-

347 394 434 441 riit3
460 405 574 441 quum
599 393 750 440 plurimi
774 404 818 429 ex
846 392 904 429 his
931 392 1133 440 dignitate,
1162 393 1268 441 cujtts
1297 393 1459 440 primum

348 472 517 510 expertes
533 489 544 507 ,
571 472 669 499 nunc
693 472 781 498 vero
806 460 1001 508 participes
1026 469 1128 498 erant
1145 488 1158 507 ,
1179 472 1223 497 ex
1248 460 1461 507 indigorum

348 544 502 570 numero
528 532 565 568 in
590 532 816 569 nobiliorum
842 542 996 568 censum
1029 531 1237 569 transirent.
1275 531 1383 580 Quae
1403 541 1463 568 res

354 602 560 650 Ephialtem
583 602 795 649 permovit,
812 610 851 639 ut
880 601 1012 638 nimiae
1039 602 1150 650 hujus
1165 600 1358 638 tribunalis
1377 611 1466 639 auc·

351 671 495 710 toritati
531 671 749 717 resisteret,
798 681 844 708 ne
886 682 993 708 omne
1037 682 1158 708 rerum
1198 670 1387 709 arbitrium
1421 672 1467 709 ad

354 740 583 789 potentiores
604 741 754 778 rediret.
808 741 903 779 Nam
931 741 1130 789 quominus
1155 742 1373 789 credamus,
1402 742 1471 780 Pe-

355 811 480 849 riclem
505 813 576 849 hoc
589 811 768 860 judicium
795 810 978 859 fregisse,
1009 813 1110 860 quod
1132 813 1210 861 ejus
1234 812 1467 850 severitatem

357 881 527 918 metuerit
543 910 555 928 .,
584 882 676 920 socii
711 881 887 930 prohibet
908 881 1030 929 fama,
1059 893 1167 929 quem
1187 893 1351 920 summae
1375 880 1470 920 fuis·

360 963 400 989 se
440 951 660 999 integritatis
697 961 735 989 et
779 951 1028 989 continentiae
1074 951 1247 990 omnibus
1296 960 1469 1000 constat;

359 1030 457 1058 certe
494 1022 538 1058 ad
590 1023 661 1059 taie
709 1022 800 1068 quid
845 1021 1073 1059 efficiendum
1098 1051 1112 1070 ,
1171 1033 1360 1069 nunquam
1411 1021 1473 1059 ille

362 1091 575 1140 adjutricem
610 1090 842 1139 praebuisset
873 1102 1036 1129 manum.

417 1162 516 1200 Haec
567 1160 643 1199 fere
687 1170 773 1199 sunt
799 1188 812 1208 ,
865 1173 958 1208 quae
996 1162 1072 1209 egit
1116 1161 1274 1200 Pericles
1321 1163 1366 1200 ad
1403 1162 1476 1200 Po-

364 1232 445 1279 puli
481 1231 733 1269 auctoritatem
770 1231 1084 1276 confirmandam,
1112 1242 1153 1267 ac
1198 1239 1327 1269 contra
1364 1231 1477 1269 ditio-

367 1311 447 1338 rum
488 1301 702 1338 vexationes
742 1300 1019 1338 defendendam.
1103 1301 1195 1338 Non
1228 1300 1341 1341 ‚enim
1391 1301 1477 1349 quis

365 1372 472 1410 facile
509 1370 624 1414 dicat,
656 1371 834 1419 populare
871 1369 988 1407 fuisse
1014 1370 1229 1417 decretum,
1257 1381 1333 1417 quo
1358 1370 1479 1417 ‘quin-

368 1453 440 1488 que
453 1440 530 1479 fere
556 1441 668 1479 millia
688 1440 822 1478 civium
837 1469 849 1487 ‚
878 1441 1037 1479 civitatis
1052 1441 1134 1490 jure
1164 1441 1304 1489 privata
1323 1441 1477 1482 fuerint.

368 1501 450 1549 Nec
487 1512 591 1559 vulgi
632 1511 873 1548 dominationi
922 1509 1046 1548 favere
1090 1519 1292 1559 potuerunt
1330 1511 1480 1552 crebrae

368 1581 450 1619 illae
471 1581 638 1622 coloniae
653 1609 664 1626 ,
680 1592 832 1627 quarum
848 1579 1033 1628 principes
1054 1580 1200 1626 quidem
1223 1570 1478 1628 opulentiores

368 1661 498 1698 erant,
538 1663 631 1698 quae
659 1663 745 1688 vero
773 1651 963 1688 maximam
987 1658 1127 1698 partem
1163 1650 1412 1688 inserviebant
1437 1651 1483 1689 ad

370 1723 534 1759 Athenas
558 1722 668 1758 nimia
693 1732 892 1769 egenorum
915 1720 1122 1767 frequentia
1150 1720 1370 1760 liberandas.
1408 1721 1481 1760 Sed

368 1792 527 1829 Pericles
544 1820 555 1837 ,
573 1792 635 1838 qui
661 1803 717 1828 res
747 1791 847 1838 ipsas
871 1802 1003 1827 curans
1019 1819 1031 1836 ,
1048 1791 1208 1837 speciem
1231 1790 1387 1828 libenter
1409 1792 1482 1830 Po-

371 1863 459 1910 pulo
491 1862 668 1906 cedebat,
697 1860 784 1897 sivit
810 1870 850 1897 ut
883 1861 1137 1897 Democratiae
1178 1860 1330 1898 nomine
1363 1861 1481 1899 delec-

371 1941 535 1977 taretur,
588 1930 787 1967 dummodo
819 1940 931 1977 penes
976 1939 1017 1966 se
1061 1936 1159 1968 esset
1200 1930 1324 1978 ipsum
1366 1930 1484 1980 impe-

369 2003 480 2039 rium.

423 2071 527 2119 Quae
542 2070 689 2107 Periclis
713 2068 839 2116 agendi
865 2069 956 2105 ratio
979 2068 1080 2106 omni
1106 2080 1196 2107 aevo
1221 2070 1420 2110 acerrimos
1448 2072 1481 2110 ei

374 2141 548 2179 excitavit
569 2147 833 2185 accusatores;
864 2150 1021 2185 quorum
1055 2147 1176 2177 tamen
1201 2151 1277 2178 non
1319 2140 1393 2178 nisi
1420 2153 1484 2180 eos

374 2212 589 2257 audiemus,
624 2211 687 2257 qui
711 2217 825 2247 aetate
851 2207 1001 2248 fuerunt
1028 2209 1220 2258 propiores
1241 2223 1253 2258 3
1273 2211 1358 2260 quia
1380 2220 1485 2260 post·

1393 2281 1487 2319 erio-
