<?xml version="1.0" encoding="UTF-8"?>
<!DOCTYPE html PUBLIC "-//W3C//DTD XHTML 1.0 Transitional//EN"
    "http://www.w3.org/TR/xhtml1/DTD/xhtml1-transitional.dtd">
<html xmlns="http://www.w3.org/1999/xhtml" xml:lang="en" lang="en">
 <head>
  <title>
</title>
<meta http-equiv="Content-Type" content="text/html;charset=utf-8" />
  <meta name='ocr-system' content='tesseract 3.04.00' />
  <meta name='ocr-capabilities' content='ocr_page ocr_carea ocr_par ocr_line ocrx_word'/>
</head>
<body>
  <div class='ocr_page' id='page_1' title='image "annalesacademiae33rhen_0467.png"; bbox 0 0 1502 2767; ppageno 0'>
   <div class='ocr_carea' id='block_1_1' title="bbox 408 186 1298 240">
    <p class='ocr_par' dir='ltr' id='par_1_1' title="bbox 408 186 1298 240">
     <span class='ocr_line' id='line_1_1' title="bbox 408 186 1298 240; baseline 0.002 -14"><span class='ocrx_word' id='word_1_1' title='bbox 408 186 1043 229; x_wconf 50' lang='lat' dir='ltr'>,THEOLOGICAL</span> <span class='ocrx_word' id='word_1_2' title='bbox 1232 194 1298 240; x_wconf 76' lang='lat'>183</span> 
     </span>
    </p>
   </div>
   <div class='ocr_carea' id='block_1_2' title="bbox 182 296 1315 2141">
    <p class='ocr_par' dir='ltr' id='par_1_2' title="bbox 182 296 1315 2141">
     <span class='ocr_line' id='line_1_2' title="bbox 191 296 1301 349; baseline 0 -13"><span class='ocrx_word' id='word_1_3' title='bbox 191 305 322 349; x_wconf 86' lang='lat' dir='ltr'>garunt</span> <span class='ocrx_word' id='word_1_4' title='bbox 353 296 438 345; x_wconf 83' lang='lat'>(1).</span> <span class='ocrx_word' id='word_1_5' title='bbox 505 297 651 335; x_wconf 87' lang='lat' dir='ltr'>Patrum</span> <span class='ocrx_word' id='word_1_6' title='bbox 695 296 734 334; x_wconf 89' lang='lat' dir='ltr'>in</span> <span class='ocrx_word' id='word_1_7' title='bbox 765 297 903 334; x_wconf 84' lang='lat' dir='ltr'>liberos</span> <span class='ocrx_word' id='word_1_8' title='bbox 937 305 1179 346; x_wconf 79' lang='lat' dir='ltr'>potestatem‚</span> <span class='ocrx_word' id='word_1_9' title='bbox 1229 301 1301 345; x_wconf 69' lang='lat' dir='ltr'>quzi</span> 
     </span>
     <span class='ocr_line' id='line_1_3' title="bbox 188 366 1305 415; baseline -0.001 -9"><span class='ocrx_word' id='word_1_10' title='bbox 188 367 317 407; x_wconf 83' lang='lat' dir='ltr'>durius</span> <span class='ocrx_word' id='word_1_11' title='bbox 354 375 391 405; x_wconf 90' lang='lat' dir='ltr'>et</span> <span class='ocrx_word' id='word_1_12' title='bbox 433 366 595 404; x_wconf 87' lang='lat' dir='ltr'>atrocius</span> <span class='ocrx_word' id='word_1_13' title='bbox 629 377 765 414; x_wconf 85' lang='lat' dir='ltr'><strong>saepe,</strong></span> <span class='ocrx_word' id='word_1_14' title='bbox 821 379 929 415; x_wconf 87' lang='lat' dir='ltr'>quam</span> <span class='ocrx_word' id='word_1_15' title='bbox 966 368 1063 405; x_wconf 84' lang='lat' dir='ltr'>servi</span> <span class='ocrx_word' id='word_1_16' title='bbox 1098 369 1305 406; x_wconf 85' lang='lat' dir='ltr'>tractaban-</span> 
     </span>
     <span class='ocr_line' id='line_1_4' title="bbox 189 437 1303 485; baseline -0.001 -9"><span class='ocrx_word' id='word_1_17' title='bbox 189 446 275 485; x_wconf 84' lang='lat' dir='ltr'>tur,</span> <span class='ocrx_word' id='word_1_18' title='bbox 328 437 599 477; x_wconf 86' lang='lat' dir='ltr'>Constantinus</span> <span class='ocrx_word' id='word_1_19' title='bbox 633 438 723 475; x_wconf 89' lang='lat' dir='ltr'>adeo</span> <span class='ocrx_word' id='word_1_20' title='bbox 762 437 943 475; x_wconf 87' lang='lat' dir='ltr'>limitibus</span> <span class='ocrx_word' id='word_1_21' title='bbox 983 438 1303 485; x_wconf 77' lang='lat' dir='ltr'><strong>circumscripsit,</strong></span> 
     </span>
     <span class='ocr_line' id='line_1_5' title="bbox 188 498 1306 557; baseline -0.002 -11"><span class='ocrx_word' id='word_1_22' title='bbox 188 517 233 557; x_wconf 67' lang='lat' dir='ltr'>ut-</span> <span class='ocrx_word' id='word_1_23' title='bbox 262 498 393 557; x_wconf 33' lang='lat' dir='ltr'>patres*</span> <span class='ocrx_word' id='word_1_24' title='bbox 417 518 525 554; x_wconf 86' lang='lat' dir='ltr'>non,</span> <span class='ocrx_word' id='word_1_25' title='bbox 577 507 648 544; x_wconf 90' lang='lat' dir='ltr'>nisi</span> <span class='ocrx_word' id='word_1_26' title='bbox 691 508 793 545; x_wconf 90' lang='lat' dir='ltr'>omni</span> <span class='ocrx_word' id='word_1_27' title='bbox 827 507 1065 546; x_wconf 85' lang='lat' dir='ltr'>humanitatis</span> <span class='ocrx_word' id='word_1_28' title='bbox 1103 518 1216 545; x_wconf 86' lang='lat' dir='ltr'>sensu</span> <span class='ocrx_word' id='word_1_29' title='bbox 1244 519 1306 545; x_wconf 87' lang='lat' dir='ltr'>ex-</span> 
     </span>
     <span class='ocr_line' id='line_1_6' title="bbox 187 576 1306 626; baseline -0.001 -10"><span class='ocrx_word' id='word_1_30' title='bbox 187 587 327 625; x_wconf 75' lang='lat' dir='ltr'>cusso,</span> <span class='ocrx_word' id='word_1_31' title='bbox 378 576 517 615; x_wconf 89' lang='lat' dir='ltr'>liberos</span> <span class='ocrx_word' id='word_1_32' title='bbox 569 578 725 616; x_wconf 82' lang='lat' dir='ltr'>vendere</span> <span class='ocrx_word' id='word_1_33' title='bbox 780 586 936 626; x_wconf 80' lang='lat' dir='ltr'>possent</span> <span class='ocrx_word' id='word_1_34' title='bbox 974 578 1058 624; x_wconf 80' lang='lat'><strong>(2).</strong></span> <span class='ocrx_word' id='word_1_35' title='bbox 1132 578 1306 616; x_wconf 82' lang='lat' dir='ltr'>Crudelis</span> 
     </span>
     <span class='ocr_line' id='line_1_7' title="bbox 186 647 1305 696; baseline -0.002 -10"><span class='ocrx_word' id='word_1_36' title='bbox 186 658 272 686; x_wconf 90' lang='lat' dir='ltr'>cum</span> <span class='ocrx_word' id='word_1_37' title='bbox 302 648 421 686; x_wconf 86' lang='lat' dir='ltr'>servis</span> <span class='ocrx_word' id='word_1_38' title='bbox 466 648 595 696; x_wconf 87' lang='lat' dir='ltr'>agendi</span> <span class='ocrx_word' id='word_1_39' title='bbox 636 647 759 695; x_wconf 81' lang='lat' dir='ltr'>ratio,</span> <span class='ocrx_word' id='word_1_40' title='bbox 813 651 888 695; x_wconf 67' lang='lat' dir='ltr'>qua</span> <span class='ocrx_word' id='word_1_41' title='bbox 931 656 1071 686; x_wconf 83' lang='lat' dir='ltr'>veteres</span> <span class='ocrx_word' id='word_1_42' title='bbox 1114 647 1305 685; x_wconf 85' lang='lat' dir='ltr'>hominum</span> 
     </span>
     <span class='ocr_line' id='line_1_8' title="bbox 182 715 1307 773; baseline -0.001 -18"><span class='ocrx_word' id='word_1_43' title='bbox 182 716 267 766; x_wconf 76' lang='lat' dir='ltr'>iura</span> <span class='ocrx_word' id='word_1_44' title='bbox 300 716 472 755; x_wconf 90' lang='lat' dir='ltr'>oblivisci</span> <span class='ocrx_word' id='word_1_45' title='bbox 503 715 722 773; x_wconf 79' lang='lat' dir='ltr'>discebant,</span> <span class='ocrx_word' id='word_1_46' title='bbox 769 725 833 764; x_wconf 81' lang='lat' dir='ltr'>et,</span> <span class='ocrx_word' id='word_1_47' title='bbox 877 717 995 765; x_wconf 82' lang='lat' dir='ltr'>servis</span> <span class='ocrx_word' id='word_1_48' title='bbox 1041 719 1164 755; x_wconf 89' lang='lat' dir='ltr'>omnia</span> <span class='ocrx_word' id='word_1_49' title='bbox 1202 729 1307 766; x_wconf 87' lang='lat' dir='ltr'>agere</span> 
     </span>
     <span class='ocr_line' id='line_1_9' title="bbox 187 787 1308 837; baseline 0 -13"><span class='ocrx_word' id='word_1_50' title='bbox 187 787 356 835; x_wconf 80' lang='lat' dir='ltr'>coactis,</span> <span class='ocrx_word' id='word_1_51' title='bbox 381 788 517 825; x_wconf 86' lang='lat' dir='ltr'>inertes</span> <span class='ocrx_word' id='word_1_52' title='bbox 555 796 591 837; x_wconf 82' lang='lat' dir='ltr'>et</span> <span class='ocrx_word' id='word_1_53' title='bbox 629 787 772 835; x_wconf 81' lang='lat' dir='ltr'>otiosi,</span> <span class='ocrx_word' id='word_1_54' title='bbox 799 798 922 826; x_wconf 87' lang='lat' dir='ltr'>rerum</span> <span class='ocrx_word' id='word_1_55' title='bbox 950 799 1132 826; x_wconf 87' lang='lat' dir='ltr'>novarum</span> <span class='ocrx_word' id='word_1_56' title='bbox 1163 800 1308 835; x_wconf 84' lang='lat' dir='ltr'>semper</span> 
     </span>
     <span class='ocr_line' id='line_1_10' title="bbox 189 857 1306 907; baseline -0.001 -12"><span class='ocrx_word' id='word_1_57' title='bbox 189 857 319 906; x_wconf 86' lang='lat' dir='ltr'>cupidi</span> <span class='ocrx_word' id='word_1_58' title='bbox 352 865 453 896; x_wconf 85' lang='lat' dir='ltr'>etant</span> <span class='ocrx_word' id='word_1_59' title='bbox 480 857 578 907; x_wconf 81' lang='lat'><strong>(3);</strong></span> <span class='ocrx_word' id='word_1_60' title='bbox 606 857 732 906; x_wconf 87' lang='lat' dir='ltr'>multis</span> <span class='ocrx_word' id='word_1_61' title='bbox 759 858 975 896; x_wconf 84' lang='lat' dir='ltr'>nominibus</span> <span class='ocrx_word' id='word_1_62' title='bbox 1010 867 1069 895; x_wconf 86' lang='lat' dir='ltr'>est</span> <span class='ocrx_word' id='word_1_63' title='bbox 1093 858 1306 902; x_wconf 70' lang='lat' dir='ltr'>emendata3</span> 
     </span>
     <span class='ocr_line' id='line_1_11' title="bbox 192 926 1306 976; baseline -0.003 -10"><span class='ocrx_word' id='word_1_64' title='bbox 192 928 296 975; x_wconf 85' lang='lat' dir='ltr'>quod</span> <span class='ocrx_word' id='word_1_65' title='bbox 331 927 469 976; x_wconf 82' lang='lat' dir='ltr'>majore</span> <span class='ocrx_word' id='word_1_66' title='bbox 504 927 587 976; x_wconf 86' lang='lat' dir='ltr'>jure</span> <span class='ocrx_word' id='word_1_67' title='bbox 632 926 800 964; x_wconf 87' lang='lat' dir='ltr'>affirmari</span> <span class='ocrx_word' id='word_1_68' title='bbox 843 935 970 974; x_wconf 87' lang='lat' dir='ltr'>potest</span> <span class='ocrx_word' id='word_1_69' title='bbox 1018 927 1063 964; x_wconf 89' lang='lat' dir='ltr'>de</span> <span class='ocrx_word' id='word_1_70' title='bbox 1107 937 1306 974; x_wconf 85' lang='lat' dir='ltr'>egenorum</span> 
     </span>
     <span class='ocr_line' id='line_1_12' title="bbox 189 995 1309 1044; baseline -0.003 -9"><span class='ocrx_word' id='word_1_71' title='bbox 189 1005 320 1044; x_wconf 66' lang='lat' dir='ltr'>sorte,</span> <span class='ocrx_word' id='word_1_72' title='bbox 347 1008 443 1044; x_wconf 88' lang='lat' dir='ltr'>quae</span> <span class='ocrx_word' id='word_1_73' title='bbox 467 996 567 1044; x_wconf 86' lang='lat' dir='ltr'>apud</span> <span class='ocrx_word' id='word_1_74' title='bbox 594 996 751 1038; x_wconf 57' lang='lat' dir='ltr'>Veteres,</span> <span class='ocrx_word' id='word_1_75' title='bbox 781 995 1010 1044; x_wconf 80' lang='lat' dir='ltr'>&lt;Spartanos</span> <span class='ocrx_word' id='word_1_76' title='bbox 1045 1003 1079 1032; x_wconf 89' lang='lat' dir='ltr'>et</span> <span class='ocrx_word' id='word_1_77' title='bbox 1107 995 1309 1032; x_wconf 81' lang='lat' dir='ltr'>Cretenses</span> 
     </span>
     <span class='ocr_line' id='line_1_13' title="bbox 188 1063 1309 1121; baseline -0.001 -18"><span class='ocrx_word' id='word_1_78' title='bbox 188 1065 222 1121; x_wconf 75' lang='lat' dir='ltr'>si</span> <span class='ocrx_word' id='word_1_79' title='bbox 234 1063 483 1113; x_wconf 88' lang='lat' dir='ltr'>excipiamus)</span> <span class='ocrx_word' id='word_1_80' title='bbox 506 1063 579 1102; x_wconf 90' lang='lat' dir='ltr'>fuit</span> <span class='ocrx_word' id='word_1_81' title='bbox 600 1064 801 1113; x_wconf 81' lang='lat' dir='ltr'>miserrima</span> <span class='ocrx_word' id='word_1_82' title='bbox 815 1092 827 1110; x_wconf 80' lang='lat'>‚</span> <span class='ocrx_word' id='word_1_83' title='bbox 845 1073 881 1101; x_wconf 90' lang='lat' dir='ltr'>et</span> <span class='ocrx_word' id='word_1_84' title='bbox 905 1065 944 1101; x_wconf 88' lang='lat' dir='ltr'>in</span> <span class='ocrx_word' id='word_1_85' title='bbox 968 1076 1040 1112; x_wconf 86' lang='lat' dir='ltr'>qua</span> <span class='ocrx_word' id='word_1_86' title='bbox 1064 1065 1232 1113; x_wconf 21' lang='lat' dir='ltr'>*plurium</span> <span class='ocrx_word' id='word_1_87' title='bbox 1254 1077 1309 1102; x_wconf 89' lang='lat' dir='ltr'>se-</span> 
     </span>
     <span class='ocr_line' id='line_1_14' title="bbox 190 1134 1309 1182; baseline -0.001 -9"><span class='ocrx_word' id='word_1_88' title='bbox 190 1134 401 1181; x_wconf 82' lang='lat' dir='ltr'>ditionum,</span> <span class='ocrx_word' id='word_1_89' title='bbox 429 1145 524 1181; x_wconf 86' lang='lat' dir='ltr'>quae</span> <span class='ocrx_word' id='word_1_90' title='bbox 548 1135 709 1172; x_wconf 87' lang='lat' dir='ltr'>Athenis</span> <span class='ocrx_word' id='word_1_91' title='bbox 739 1143 775 1172; x_wconf 89' lang='lat' dir='ltr'>et</span> <span class='ocrx_word' id='word_1_92' title='bbox 802 1134 947 1172; x_wconf 85' lang='lat' dir='ltr'>Romae</span> <span class='ocrx_word' id='word_1_93' title='bbox 971 1136 1094 1173; x_wconf 90' lang='lat' dir='ltr'>locum</span> <span class='ocrx_word' id='word_1_94' title='bbox 1123 1135 1309 1182; x_wconf 75' lang='lat' dir='ltr'>habuere,</span> 
     </span>
     <span class='ocr_line' id='line_1_15' title="bbox 189 1204 1312 1254; baseline -0.001 -11"><span class='ocrx_word' id='word_1_95' title='bbox 189 1216 324 1254; x_wconf 83' lang='lat' dir='ltr'>causae</span> <span class='ocrx_word' id='word_1_96' title='bbox 361 1204 589 1253; x_wconf 85' lang='lat' dir='ltr'>quaerendae</span> <span class='ocrx_word' id='word_1_97' title='bbox 625 1213 728 1243; x_wconf 90' lang='lat' dir='ltr'>sunt.</span> <span class='ocrx_word' id='word_1_98' title='bbox 802 1204 874 1242; x_wconf 83' lang='lat' dir='ltr'>Vix</span> <span class='ocrx_word' id='word_1_99' title='bbox 902 1216 998 1253; x_wconf 86' lang='lat' dir='ltr'>opus</span> <span class='ocrx_word' id='word_1_100' title='bbox 1033 1205 1099 1242; x_wconf 85' lang='lat' dir='ltr'>erit</span> <span class='ocrx_word' id='word_1_101' title='bbox 1137 1206 1200 1242; x_wconf 79' lang='lat' dir='ltr'>hic</span> <span class='ocrx_word' id='word_1_102' title='bbox 1237 1217 1312 1243; x_wconf 88' lang='lat' dir='ltr'>me-</span> 
     </span>
     <span class='ocr_line' id='line_1_16' title="bbox 191 1274 1310 1328; baseline 0 -15"><span class='ocrx_word' id='word_1_103' title='bbox 191 1286 335 1328; x_wconf 69' lang='lat' dir='ltr'>morare</span> <span class='ocrx_word' id='word_1_104' title='bbox 366 1283 431 1314; x_wconf 83' lang='lat' dir='ltr'>aut</span> <span class='ocrx_word' id='word_1_105' title='bbox 455 1275 566 1312; x_wconf 89' lang='lat' dir='ltr'>ludos</span> <span class='ocrx_word' id='word_1_106' title='bbox 592 1275 830 1323; x_wconf 83' lang='lat' dir='ltr'>gladiatorios</span> <span class='ocrx_word' id='word_1_107' title='bbox 847 1303 861 1321; x_wconf 80' lang='lat'>,</span> <span class='ocrx_word' id='word_1_108' title='bbox 887 1274 998 1312; x_wconf 84' lang='lat' dir='ltr'>bonis</span> <span class='ocrx_word' id='word_1_109' title='bbox 1030 1274 1239 1322; x_wconf 79' lang='lat' dir='ltr'>militibus,</span> <span class='ocrx_word' id='word_1_110' title='bbox 1269 1284 1310 1313; x_wconf 93' lang='lat' dir='ltr'>ut</span> 
     </span>
     <span class='ocr_line' id='line_1_17' title="bbox 189 1344 1309 1393; baseline -0.002 -9"><span class='ocrx_word' id='word_1_111' title='bbox 189 1344 388 1393; x_wconf 81' lang='lat' dir='ltr'>dicebant,</span> <span class='ocrx_word' id='word_1_112' title='bbox 426 1344 671 1382; x_wconf 86' lang='lat' dir='ltr'>informandis</span> <span class='ocrx_word' id='word_1_113' title='bbox 718 1344 986 1383; x_wconf 78' lang='lat' dir='ltr'>inservientes!</span> <span class='ocrx_word' id='word_1_114' title='bbox 1045 1353 1134 1393; x_wconf 84' lang='lat' dir='ltr'>post.</span> <span class='ocrx_word' id='word_1_115' title='bbox 1184 1345 1309 1393; x_wconf 83' lang='lat' dir='ltr'>irritos</span> 
     </span>
     <span class='ocr_line' id='line_1_18' title="bbox 191 1405 1312 1461; baseline -0.001 -8"><span class='ocrx_word' id='word_1_116' title='bbox 191 1405 438 1453; x_wconf 83' lang='lat' dir='ltr'>Constantini</span> <span class='ocrx_word' id='word_1_117' title='bbox 462 1423 641 1461; x_wconf 84' lang='lat' dir='ltr'>conatus,</span> <span class='ocrx_word' id='word_1_118' title='bbox 669 1414 713 1451; x_wconf 87' lang='lat' dir='ltr'>ab</span> <span class='ocrx_word' id='word_1_119' title='bbox 750 1415 924 1451; x_wconf 87' lang='lat' dir='ltr'>Honorio</span> <span class='ocrx_word' id='word_1_120' title='bbox 959 1414 1043 1451; x_wconf 87' lang='lat' dir='ltr'>inde</span> <span class='ocrx_word' id='word_1_121' title='bbox 1079 1414 1312 1453; x_wconf 82' lang='lat' dir='ltr'>cessavisse:</span> 
     </span>
     <span class='ocr_line' id='line_1_19' title="bbox 191 1482 1312 1525; baseline 0.003 -5"><span class='ocrx_word' id='word_1_122' title='bbox 191 1490 257 1521; x_wconf 89' lang='lat' dir='ltr'>aut</span> <span class='ocrx_word' id='word_1_123' title='bbox 281 1482 485 1521; x_wconf 88' lang='lat' dir='ltr'>bestiarum</span> <span class='ocrx_word' id='word_1_124' title='bbox 528 1482 726 1520; x_wconf 84' lang='lat' dir='ltr'>certamina</span> <span class='ocrx_word' id='word_1_125' title='bbox 763 1484 890 1521; x_wconf 78' lang='lat' dir='ltr'>seculo</span> <span class='ocrx_word' id='word_1_126' title='bbox 926 1493 1034 1522; x_wconf 82' lang='lat' dir='ltr'>sexto</span> <span class='ocrx_word' id='word_1_127' title='bbox 1069 1485 1113 1522; x_wconf 87' lang='lat' dir='ltr'>ab</span> <span class='ocrx_word' id='word_1_128' title='bbox 1151 1488 1312 1525; x_wconf 78' lang='lat' dir='ltr'>Anasta-</span> 
     </span>
     <span class='ocr_line' id='line_1_20' title="bbox 192 1552 1312 1600; baseline 0.003 -10"><span class='ocrx_word' id='word_1_129' title='bbox 192 1552 274 1600; x_wconf 81' lang='lat' dir='ltr'>sio,</span> <span class='ocrx_word' id='word_1_130' title='bbox 302 1560 339 1589; x_wconf 90' lang='lat' dir='ltr'>et</span> <span class='ocrx_word' id='word_1_131' title='bbox 372 1553 584 1600; x_wconf 86' lang='lat' dir='ltr'>complures</span> <span class='ocrx_word' id='word_1_132' title='bbox 611 1553 647 1590; x_wconf 89' lang='lat' dir='ltr'>id</span> <span class='ocrx_word' id='word_1_133' title='bbox 669 1563 785 1600; x_wconf 88' lang='lat' dir='ltr'>genus</span> <span class='ocrx_word' id='word_1_134' title='bbox 812 1554 921 1591; x_wconf 90' lang='lat' dir='ltr'>ludos</span> <span class='ocrx_word' id='word_1_135' title='bbox 961 1563 997 1591; x_wconf 88' lang='lat' dir='ltr'>et</span> <span class='ocrx_word' id='word_1_136' title='bbox 1030 1554 1125 1593; x_wconf 82' lang='lat' dir='ltr'>festa</span> <span class='ocrx_word' id='word_1_137' title='bbox 1152 1556 1196 1593; x_wconf 81' lang='lat' dir='ltr'>ab</span> <span class='ocrx_word' id='word_1_138' title='bbox 1232 1556 1312 1593; x_wconf 65' lang='lat' dir='ltr'>aliis</span> 
     </span>
     <span class='ocr_line' id='line_1_21' title="bbox 192 1621 1313 1671; baseline 0.003 -11"><span class='ocrx_word' id='word_1_139' title='bbox 192 1622 321 1660; x_wconf 89' lang='lat' dir='ltr'>deinde</span> <span class='ocrx_word' id='word_1_140' title='bbox 356 1621 559 1670; x_wconf 85' lang='lat' dir='ltr'>abrogata:</span> <span class='ocrx_word' id='word_1_141' title='bbox 588 1630 651 1660; x_wconf 80' lang='lat' dir='ltr'>aut</span> <span class='ocrx_word' id='word_1_142' title='bbox 687 1622 884 1669; x_wconf 78' lang='lat' dir='ltr'>Treugas‚</span> <span class='ocrx_word' id='word_1_143' title='bbox 914 1624 1052 1671; x_wconf 87' lang='lat' dir='ltr'>quibus</span> <span class='ocrx_word' id='word_1_144' title='bbox 1086 1625 1195 1662; x_wconf 82' lang='lat' dir='ltr'>certis</span> <span class='ocrx_word' id='word_1_145' title='bbox 1223 1626 1313 1663; x_wconf 84' lang='lat' dir='ltr'>heb-</span> 
     </span>
     <span class='ocr_line' id='line_1_22' title="bbox 193 1689 1308 1740; baseline 0.004 -12"><span class='ocrx_word' id='word_1_146' title='bbox 193 1691 360 1728; x_wconf 84' lang='lat' dir='ltr'>domadis</span> <span class='ocrx_word' id='word_1_147' title='bbox 394 1689 527 1728; x_wconf 89' lang='lat' dir='ltr'>diebus</span> <span class='ocrx_word' id='word_1_148' title='bbox 552 1691 596 1728; x_wconf 92' lang='lat' dir='ltr'>ab</span> <span class='ocrx_word' id='word_1_149' title='bbox 630 1692 731 1728; x_wconf 86' lang='lat' dir='ltr'>omni</span> <span class='ocrx_word' id='word_1_150' title='bbox 762 1691 855 1739; x_wconf 75' lang='lat' dir='ltr'>lite,</span> <span class='ocrx_word' id='word_1_151' title='bbox 880 1703 1029 1740; x_wconf 76' lang='lat' dir='ltr'>pugna,</span> <span class='ocrx_word' id='word_1_152' title='bbox 1058 1703 1094 1731; x_wconf 90' lang='lat' dir='ltr'>et</span> <span class='ocrx_word' id='word_1_153' title='bbox 1121 1695 1308 1733; x_wconf 76' lang='lat' dir='ltr'>inimicitia</span> 
     </span>
     <span class='ocr_line' id='line_1_23' title="bbox 191 1759 1310 1814; baseline 0.007 -18"><span class='ocrx_word' id='word_1_154' title='bbox 191 1759 449 1797; x_wconf 87' lang='lat' dir='ltr'>abstinendum</span> <span class='ocrx_word' id='word_1_155' title='bbox 497 1768 602 1807; x_wconf 78' lang='lat' dir='ltr'>erat,</span> <span class='ocrx_word' id='word_1_156' title='bbox 656 1761 827 1809; x_wconf 85' lang='lat' dir='ltr'>pluribus</span> <span class='ocrx_word' id='word_1_157' title='bbox 878 1764 1047 1801; x_wconf 87' lang='lat' dir='ltr'>conciliis</span> <span class='ocrx_word' id='word_1_158' title='bbox 1097 1775 1132 1803; x_wconf 85' lang='lat' dir='ltr'>et</span> <span class='ocrx_word' id='word_1_159' title='bbox 1165 1767 1310 1814; x_wconf 82' lang='lat' dir='ltr'>legibus</span> 
     </span>
     <span class='ocr_line' id='line_1_24' title="bbox 191 1829 1315 1883; baseline 0.007 -17"><span class='ocrx_word' id='word_1_160' title='bbox 191 1829 365 1867; x_wconf 91' lang='lat' dir='ltr'>civilibus</span> <span class='ocrx_word' id='word_1_161' title='bbox 403 1830 559 1867; x_wconf 86' lang='lat' dir='ltr'>sancitas</span> <span class='ocrx_word' id='word_1_162' title='bbox 594 1829 687 1883; x_wconf 72' lang='lat'>(4);</span> <span class='ocrx_word' id='word_1_163' title='bbox 738 1832 885 1879; x_wconf 79' lang='lat' dir='ltr'>duella,</span> <span class='ocrx_word' id='word_1_164' title='bbox 925 1835 1151 1882; x_wconf 79' lang='lat' dir='ltr'>argumentis</span> <span class='ocrx_word' id='word_1_165' title='bbox 1184 1848 1202 1872; x_wconf 87' lang='lat' dir='ltr'>e</span> <span class='ocrx_word' id='word_1_166' title='bbox 1230 1839 1315 1874; x_wconf 75' lang='lat' dir='ltr'>reliv</span> 
     </span>
     <span class='ocr_line' id='line_1_25' title="bbox 484 1900 1312 1955; baseline 0 -12"><span class='ocrx_word' id='word_1_167' title='bbox 484 1900 499 1954; x_wconf 80' lang='grc' dir='ltr'> </span> <span class='ocrx_word' id='word_1_168' title='bbox 1229 1907 1312 1955; x_wconf 83' lang='lat' dir='ltr'>gio-</span> 
     </span>
     <span class='ocr_line' id='line_1_26' title="bbox 230 1979 1307 2024; baseline 0.006 -14"><span class='ocrx_word' id='word_1_169' title='bbox 230 1979 283 2018; x_wconf 85' lang='lat'>(1)</span> <span class='ocrx_word' id='word_1_170' title='bbox 304 1981 368 2011; x_wconf 85' lang='lat' dir='ltr'>Cfr.</span> <span class='ocrx_word' id='word_1_171' title='bbox 397 1981 668 2018; x_wconf 84' lang='lat' dir='ltr'>Heineccius,</span> <span class='ocrx_word' id='word_1_172' title='bbox 699 1984 922 2019; x_wconf 74' lang='lat' dir='ltr'>Antiquitates</span> <span class='ocrx_word' id='word_1_173' title='bbox 957 1986 1088 2014; x_wconf 74' lang='lat' dir='ltr'>Roman.</span> <span class='ocrx_word' id='word_1_174' title='bbox 1119 1988 1307 2024; x_wconf 79' lang='lat' dir='ltr'>Jurisprud.</span> 
     </span>
     <span class='ocr_line' id='line_1_27' title="bbox 191 2034 1096 2076; baseline 0.006 -12"><span class='ocrx_word' id='word_1_175' title='bbox 191 2034 341 2071; x_wconf 55' lang='lat' dir='ltr'>Illarum,</span> <span class='ocrx_word' id='word_1_176' title='bbox 362 2037 434 2066; x_wconf 86' lang='lat' dir='ltr'>Lib.</span> <span class='ocrx_word' id='word_1_177' title='bbox 457 2039 481 2066; x_wconf 91' lang='lat' dir='ltr'>I.</span> <span class='ocrx_word' id='word_1_178' title='bbox 502 2037 568 2066; x_wconf 89' lang='lat' dir='ltr'>Tit.</span> <span class='ocrx_word' id='word_1_179' title='bbox 591 2039 643 2068; x_wconf 88' lang='lat' dir='ltr'>IX.</span> <span class='ocrx_word' id='word_1_180' title='bbox 664 2034 696 2076; x_wconf 87' lang='lat'>§.</span> <span class='ocrx_word' id='word_1_181' title='bbox 719 2048 747 2072; x_wconf 87' lang='grc'>5.</span> <span class='ocrx_word' id='word_1_182' title='bbox 770 2040 874 2075; x_wconf 84' lang='lat' dir='ltr'>ibique</span> <span class='ocrx_word' id='word_1_183' title='bbox 897 2041 1003 2076; x_wconf 84' lang='lat' dir='ltr'>scripti</span> <span class='ocrx_word' id='word_1_184' title='bbox 1018 2044 1096 2069; x_wconf 80' lang='lat' dir='ltr'>laud.</span> 
     </span>
     <span class='ocr_line' id='line_1_28' title="bbox 230 2091 1197 2141; baseline 0.007 -20"><span class='ocrx_word' id='word_1_185' title='bbox 230 2091 284 2128; x_wconf 82' lang='lat'>(2)</span> <span class='ocrx_word' id='word_1_186' title='bbox 305 2094 580 2130; x_wconf 83' lang='lat' dir='ltr'>Heineccius,</span> <span class='ocrx_word' id='word_1_187' title='bbox 604 2096 661 2131; x_wconf 85' lang='lat' dir='ltr'>Op.</span> <span class='ocrx_word' id='word_1_188' title='bbox 683 2098 763 2141; x_wconf 59' lang='lat' dir='ltr'>eft„</span> <span class='ocrx_word' id='word_1_189' title='bbox 784 2098 856 2126; x_wconf 89' lang='lat' dir='ltr'>Lib.</span> <span class='ocrx_word' id='word_1_190' title='bbox 880 2099 923 2139; x_wconf 72' lang='lat' dir='ltr'>ii.</span> <span class='ocrx_word' id='word_1_191' title='bbox 949 2099 1010 2138; x_wconf 53' lang='lat' dir='ltr'>Tin</span> <span class='ocrx_word' id='word_1_192' title='bbox 1035 2101 1085 2127; x_wconf 66' lang='lat'>131.</span> <span class='ocrx_word' id='word_1_193' title='bbox 1107 2097 1146 2137; x_wconf 85' lang='lat'>§.</span> <span class='ocrx_word' id='word_1_194' title='bbox 1169 2111 1197 2129; x_wconf 78' lang='lat'>2.</span> 
     </span>
    </p>
   </div>
   <div class='ocr_carea' id='block_1_3' title="bbox 197 2146 1310 2244">
    <p class='ocr_par' dir='ltr' id='par_1_3' title="bbox 197 2146 1310 2244">
     <span class='ocr_line' id='line_1_29' title="bbox 227 2146 1310 2194; baseline 0.008 -17"><span class='ocrx_word' id='word_1_195' title='bbox 227 2146 281 2186; x_wconf 79' lang='lat'>(3)</span> <span class='ocrx_word' id='word_1_196' title='bbox 302 2149 368 2179; x_wconf 83' lang='lat' dir='ltr'>Cfr.</span> <span class='ocrx_word' id='word_1_197' title='bbox 392 2151 669 2188; x_wconf 80' lang='lat' dir='ltr'>Barthelemy,</span> <span class='ocrx_word' id='word_1_198' title='bbox 692 2154 767 2181; x_wconf 80' lang='lat' dir='ltr'>Reis</span> <span class='ocrx_word' id='word_1_199' title='bbox 793 2164 852 2182; x_wconf 69' lang='lat' dir='ltr'>van</span> <span class='ocrx_word' id='word_1_200' title='bbox 879 2164 931 2182; x_wconf 80' lang='lat' dir='ltr'>een</span> <span class='ocrx_word' id='word_1_201' title='bbox 959 2158 1069 2191; x_wconf 80' lang='lat' dir='ltr'>jongen</span> <span class='ocrx_word' id='word_1_202' title='bbox 1095 2158 1286 2186; x_wconf 76' lang='lat' dir='ltr'>Anacharsis</span> <span class='ocrx_word' id='word_1_203' title='bbox 1302 2182 1310 2194; x_wconf 62' lang='lat'><em>2</em></span> 
     </span>
     <span class='ocr_line' id='line_1_30' title="bbox 197 2206 1121 2244; baseline 0.011 -12"><span class='ocrx_word' id='word_1_204' title='bbox 197 2211 263 2240; x_wconf 73' lang='lat' dir='ltr'>cap.</span> <span class='ocrx_word' id='word_1_205' title='bbox 284 2206 348 2244; x_wconf 73' lang='lat' dir='ltr'>XX.</span> <span class='ocrx_word' id='word_1_206' title='bbox 1119 2211 1121 2213; x_wconf 82' lang='grc'><strong>’</strong></span> 
     </span>
    </p>
   </div>
   <div class='ocr_carea' id='block_1_4' title="bbox 234 2262 1313 2303">
    <p class='ocr_par' dir='ltr' id='par_1_4' title="bbox 234 2262 1313 2303">
     <span class='ocr_line' id='line_1_31' title="bbox 234 2262 1313 2303; baseline 0.007 -13"><span class='ocrx_word' id='word_1_207' title='bbox 234 2262 288 2299; x_wconf 82' lang='lat'>(4)</span> <span class='ocrx_word' id='word_1_208' title='bbox 308 2263 388 2292; x_wconf 81' lang='lat' dir='ltr'>Cfrr.</span> <span class='ocrx_word' id='word_1_209' title='bbox 411 2272 487 2298; x_wconf 86' lang='lat' dir='ltr'>quos</span> <span class='ocrx_word' id='word_1_210' title='bbox 513 2267 584 2294; x_wconf 80' lang='lat' dir='ltr'>citat</span> <span class='ocrx_word' id='word_1_211' title='bbox 612 2263 649 2296; x_wconf 80' lang='lat' dir='ltr'>H.</span> <span class='ocrx_word' id='word_1_212' title='bbox 679 2267 940 2303; x_wconf 84' lang='lat' dir='ltr'>Muntinghe‚</span> <span class='ocrx_word' id='word_1_213' title='bbox 974 2270 1054 2296; x_wconf 75' lang='lat' dir='ltr'>Twee</span> <span class='ocrx_word' id='word_1_214' title='bbox 1089 2271 1313 2298; x_wconf 64' lang='lat' dir='ltr'>Verhandelz&#39;n·</span> 
     </span>
    </p>
   </div>
   <div class='ocr_carea' id='block_1_5' title="bbox 1250 2337 1307 2362">
    <p class='ocr_par' dir='ltr' id='par_1_5' title="bbox 1250 2337 1307 2362">
     <span class='ocr_line' id='line_1_32' title="bbox 1250 2337 1307 2362; baseline 0 -9"><span class='ocrx_word' id='word_1_215' title='bbox 1250 2337 1307 2362; x_wconf 60' lang='grc' dir='ltr'>ἔθη</span> 
     </span>
    </p>
   </div>
  </div>
 </body>
</html>
