1523 2745
267 170 318 207 94
496 154 1158 201 COMMENTATIO

268 265 408 305 divitiis
445 263 685 306 ‘cumulandis
724 264 934 304 studuisse:
978 265 1116 314 quibus
1154 267 1264 316 rebus
1300 278 1377 308 non

253 339 341 377 alias
367 338 521 376 inveniri
555 336 837 384 perniciosiores
866 335 1052 384 judicabat
1080 336 1374 388 phiilosophus,

253 407 409 458 pronior
445 408 489 445 ad
526 406 751 455 probandam
778 416 939 442 severam
970 406 1233 453 Spartanorum
1262 407 1375 446 disci-

252 480 406 528 plinam.
463 479 567 516 Plato
595 476 707 525 igitur
741 486 818 513 non
848 483 992 523 poterat
1023 486 1099 514 non
1120 478 1268 525 culpare
1295 489 1375 516 om·

257 561 325 588 nes
351 549 461 593 illos,
490 550 555 594 qui
575 546 755 584 diversam
781 546 956 582 rationem
980 546 1051 583 sibi
1072 556 1372 594 proposuerant:

260 627 297 656 et
322 618 355 655 si
391 616 560 655 acerbius
578 644 591 663 ‚
621 627 729 663 quarn
763 626 828 663 par
858 624 945 662 est,
982 615 1020 653 in
1043 616 1218 654 Periclem
1250 616 1375 656 invec-

261 697 323 726 tus
345 687 422 733 sit,
449 687 549 724 nulla
571 686 745 733 iniquitas
762 713 775 732 ,
800 685 864 722 sed
889 684 1027 723 bonum
1042 677 1236 724 consilium
1268 687 1374 725 illum

264 771 311 797 eo
347 758 530 803 adduxit,
571 755 636 804 qui
677 754 868 793 ferendum
925 765 1001 792 non
1045 764 1219 802 putaret,
1276 756 1376 794 hunc

262 841 283 867 a
318 817 481 877 posteris
502 834 696 874 tantopere
724 825 886 872 laudari,
913 832 950 862 et
980 824 1168 873 juventuti
1190 836 1377 864 commen·

262 898 366 944 dari,
395 906 579 943 tamquam
616 896 847 942 exemplum,
886 893 987 941 quod
1013 902 1260 943 sequeretur,
1294 907 1378 945 per-

263 966 420 1006 fectum.

313 1027 479 1076 Possunt
523 1043 643 1072 tamen
689 1034 794 1081 plura
836 1031 948 1082 objici
987 1031 1161 1078 Platoni,
1214 1043 1376 1079 quorum

266 1119 360 1157 quae
397 1106 592 1154 occupavit
634 1103 841 1150 Aristides,
870 1101 1051 1140 indicasse
1085 1101 1173 1139 satis
1207 1100 1289 1139 erit.
1334 1101 1376 1140 si

262 1178 358 1217 enim
397 1176 614 1221 Miltiades,
666 1172 969 1218 ThemistocleS‚
1014 1168 1154 1209 Cimon
1188 1172 1257 1220 jam
1294 1182 1378 1209 cor-

261 1254 437 1295 ruperant
460 1244 736 1288 Athenienses,
775 1241 945 1288 iniquum
978 1250 1078 1279 certe
1107 1251 1194 1288 est,
1230 1252 1376 1280 omnem

263 1316 341 1355 fere
376 1315 520 1362 culpam
547 1313 585 1350 in
612 1313 783 1350 Periclem
815 1310 984 1348 conferre
1002 1338 1014 1356 ,
1043 1311 1138 1357 qui,
1179 1322 1293 1358 quum
1325 1311 1379 1348 ci-

262 1398 328 1426 ves
363 1383 545 1423 inveniret
581 1393 657 1419 non
692 1380 848 1428 amplius
886 1380 1071 1427 integros,
1108 1391 1178 1417 suo
1203 1379 1287 1428 jure
1313 1392 1380 1418 ve-

259 1458 358 1497 niam
392 1454 580 1503 requirere
613 1459 767 1500 potest,
803 1450 914 1487 modo
952 1449 1036 1487 illos
1084 1461 1160 1487 non
1196 1450 1377 1498 pessimos

262 1525 473 1566 reddiderit.
526 1524 643 1562 Porro
687 1531 764 1558 non
807 1520 909 1557 solus
956 1520 1016 1557 ille
1062 1519 1180 1557 tenuit
1214 1520 1378 1568 Remp.,

266 1599 331 1637 sed
347 1607 430 1634 cum
448 1593 574 1632 multis
595 1592 697 1637 aliis,
726 1589 874 1637 ingenio
900 1598 1094 1636 menteque
1118 1589 1262 1628 diversa
1276 1601 1379 1637 prae-

263 1669 380 1708 ditis:
411 1676 569 1714 quorum
590 1661 754 1700 omnium
781 1671 921 1697 errores
941 1659 978 1696 in
998 1659 1098 1697 hunc
1121 1669 1238 1696 unum
1262 1668 1381 1698 trans-

265 1738 382 1783 ferri,
428 1736 560 1772 durum
607 1732 670 1770 sit.
705 1751 763 1760 -—
799 1729 971 1778 Denique
1012 1729 1122 1767 habet
1156 1728 1309 1776 civitas,
1339 1737 1381 1768 ut

266 1806 404 1856 singuli
437 1804 605 1844 homines
640 1813 724 1840 suas
757 1809 918 1846 aetateS‚
958 1809 1027 1836 nec
1069 1798 1200 1837 mirum
1235 1799 1266 1835 si
1290 1807 1381 1847 post

265 1887 430 1927 vegetam
481 1883 631 1911 aetatem
681 1870 821 1908 virilem
863 1870 1030 1907 Athenae
1067 1879 1154 1905 mox
1193 1875 1382 1906 senectute

269 1947 404 1987 confici
450 1944 653 1992 coeperint.
719 1941 856 1988 Magna
893 1936 1066 1987 profecto
1103 1937 1182 1974 laus
1223 1936 1380 1983 Pericli,

267 2019 327 2064 si,
356 2014 529 2064 quamdiu
562 2012 622 2049 ille
651 2022 707 2049 res
731 2010 861 2048 civiles
893 2007 1230 2052 administraverit,
1259 2007 1382 2044 onmia

264 2090 360 2125 bene
399 2082 667 2133 procedebant,
720 2091 786 2117 nec
828 2078 899 2116 nisi
956 2086 1044 2126 post
1080 2075 1157 2124 ejus
1201 2083 1380 2122 mortem,

267 2158 371 2196 malis
405 2155 558 2193 aliorum
579 2151 719 2190 artibus
745 2159 780 2186 et
802 2146 1075 2196 imprudentia,
1104 2145 1140 2183 in
1166 2146 1273 2194 peJ'us
1301 2156 1381 2182 rue·

267 2240 309 2268 re
340 2232 559 2274 coeperunt.

321 2299 590 2346 Argumentum
632 2299 782 2338 autem,
819 2299 901 2337 *quo
937 2286 1055 2326 utitur
1098 2285 1266 2329 Socrates
1300 2283 1381 2322 Pla-

1324 2364 1382 2390 to·
