1507 2876
273 251 321 291 68
495 246 1157 290 COMMENTATIO

275 358 450 398 hodierno
493 368 653 410 temporo
685 357 818 396 bellum
854 357 964 408 plane
994 357 1079 396 tolli
1104 367 1204 407 posse
1232 357 1388 396 demon·

276 437 432 468 stratum
456 427 533 475 sit,
560 427 732 476 profecto
760 426 1009 465 desistendum
1039 435 1137 465 esset
1162 435 1220 464 est
1245 438 1266 465 a
1290 438 1388 475 quo·

274 500 333 538 vis
357 498 505 537 militari
528 497 677 545 officio;
706 505 934 545 quapropter
958 498 1003 535 de
1027 497 1075 536 iis
1090 524 1104 545 ‚
1142 496 1280 544 quibus
1305 497 1386 534 bel-

274 570 350 607 lum
385 568 536 607 omnino
560 567 643 605 tolli
663 578 777 615 posse
802 566 925 605 visum
948 575 1032 615 est,
1071 568 1144 606 hoc
1169 567 1255 606 loco
1278 577 1384 617 agam

272 649 423 677 necesse
449 645 506 675 est
533 636 615 686 (ι).
1181 622 1184 625 ”

320 708 447 746 Pacem
479 707 576 744 illam
597 735 612 754 ,
647 716 757 753 quam
783 715 965 745 aeternam
993 707 1067 756 jam
1100 707 1258 755 antiquo
1290 717 1384 745 aevo

266 775 419 826 plurimi
457 779 591 825 poetae
622 775 830 814 cecinerant
857 776 952 826 (2),
985 777 1033 815 de
1070 788 1144 824 qua
1180 777 1384 816 Chiliastae

270 845 572 893 somniaverant,
598 845 795 883 recentiori
822 853 940 885 aetate
961 847 1132 885 nonnulli
1154 847 1384 886 constituere

267 916 483 954 voluerunt.
550 913 662 953 Primi
702 914 915 954 diuturnam
954 925 1150 964 sperarunt
1183 928 1310 966 pacem
1346 924 1386 955 et

266 984 439 1034 profecto
478 983 662 1023 conficere
699 985 823 1022 conati
867 994 956 1023 sunt
989 986 1253 1024 I-Ienricus
1297 968 1383 1035 IV,

269 1055 422 1096 Galliae
446 1065 510 1093 rex
524 1082 536 1102 ,
551 1063 665 1102 atque
684 1054 868 1093 Elisab
882 1066 902 1092 e
915 1056 964 1093 th
979 1067 999 1093 a
1013 1083 1026 1102 ‚
1054 1055 1217 1106 Angliae
1239 1055 1380 1105 regina.

263 1125 427 1164 NimIam
473 1125 568 1163 enim
619 1133 841 1172 potestatem
857 1153 871 1172 ,
930 1137 1040 1173 quam
1088 1126 1271 1165 Austriac
1313 1125 1383 1164 im·

263 1195 407 1244 perium
431 1193 504 1232 sibi
532 1194 755 1242 colligebat,
794 1194 901 1232 valde
934 1194 1136 1242 timentes,
1176 1194 1381 1243 perpende·

261 1273 376 1311 runt,
414 1274 487 1312 qua
511 1263 654 1301 ratione
689 1265 760 1302 ista
793 1263 1125 1312 comprimeretur,
1153 1272 1268 1313 atque
1295 1275 1382 1303 sen·

261 1335 331 1373 sim
366 1335 581 1382 sensimque
619 1333 818 1372 consilium
853 1342 1061 1382 ceperunt,
1115 1345 1192 1381 quo
1230 1335 1377 1372 tandem

258 1415 331 1453 pax
358 1404 532 1442 diuturna
558 1403 692 1442 florere
720 1411 866 1452 posset.
918 1403 997 1442 Illis
1019 1404 1256 1452 propositum
1276 1403 1374 1452 fuit,

257 1475 419 1513 diversas
451 1474 630 1522 Europae
663 1481 786 1521 partes
818 1472 857 1510 in
890 1483 1000 1510 unam
1033 1481 1288 1520 coagmentare
1317 1474 1371 1512 ci-

256 1545 432 1593 vitatem,
471 1554 652 1592 eamque,
679 1543 754 1581 nisi
781 1542 977 1581 commode
1005 1541 1076 1581 alia
1102 1541 1246 1581 ratione
1281 1541 1374 1582 effici

1277 1624 1373 1662 pos-

291 1743 346 1779 (r)
367 1741 411 1771 lta
429 1742 626 1773 Erasmus3
648 1739 679 1768 in
703 1739 783 1768 Inst.
811 1738 976 1773 Principis
1005 1737 1200 1771 Christiani,
1220 1743 1289 1771 cap.
1316 1735 1368 1765 IX.

253 1800 351 1837 (opp.
384 1799 505 1834 omnia,
535 1798 632 1832 Lugd.
660 1798 726 1824 Bat.
760 1802 845 1830 1703.
875 1795 913 1823 11.
946 1802 979 1829 p.
1011 1793 1101 1830 607.)
1129 1812 1152 1828 ‚‚
1173 1792 1270 1821 bonus
1289 1792 1373 1828 prin-

250 1877 276 1893 „
296 1865 390 1891 ceps,
425 1855 484 1890 ait,
520 1861 671 1888 nunquam
705 1852 829 1881 omnino
863 1851 976 1879 bellum
1004 1849 1166 1885 suscipiat,
1206 1848 1265 1878 nisi
1300 1856 1370 1878 cum

249 1934 274 1951 ,‚
296 1913 416 1943 tentatis
441 1911 597 1945 omnibus,
620 1911 700 1938 nulla
726 1909 843 1937 ratione
870 1907 958 1936 vitari
989 1907 1103 1942 potuit.
1115 1905 1135 1919 ”
1166 1906 1217 1934 Cf.
1239 1906 1368 1941 Tozz,

251 1974 301 2001 die
325 1971 506 2007 allgemeine
538 1967 725 1996 christliche
749 1966 904 2001 Republik
926 1967 958 1992 in
976 1965 1102 2000 Eupora
1122 1964 1198 1991 nach
1215 1964 1271 1991 den
1287 1963 1369 1990 Ent-

250 2029 369 2065 wfirfen
397 2026 565 2056 Heinrichs
584 2023 646 2060 IV,
673 2023 723 2052 eles
751 2024 832 2051 Aba
850 2032 906 2052 von
933 2023 966 2050 S.
991 2023 1104 2050 Pierrc
1129 2021 1191 2048 und
1211 2020 1362 2056 auderer,

252 2085 426 2119 Gottingae.
451 2092 536 2119 1752·

288 2141 341 2174 (2)
361 2150 394 2170 v.
418 2148 446 2169 c.
476 2137 630 2176 jemin,
671 2137 776 2165 Van‘c.
815 2144 842 2165 c.
874 2143 929 2170 ιι,
965 2133 1239 2168 Theocritus,
1267 2131 1361 2168 Idyll.

249 2200 354 2229 XXIV.
382 2200 431 2234 84·
468 2194 693 2231 Virgilius,
721 2194 799 2223 Bac.
828 2192 1132 2230 Ec1.1v.17—,24,
1162 2186 1359 2224 ovidius,

252 2257 383 2284 Metam.
403 2254 428 2282 1.
444 2260 597 2290 ·97—roo.
1340 2242 1342 2244 ’
