1502 2767
227 203 296 240 ¹50
450 185 1117 236 COMMENTATIO

222 304 277 342 vis
303 302 421 339 animi
460 296 651 348 affectibus
678 297 783 348 longe
813 295 1098 344 exsulantibus,
1136 297 1346 336 miscricon.

222 372 310 420 dia,
337 371 551 416 clementia,
582 369 717 413 lenitas
736 379 829 418 erga
863 375 1081 420 peccantes,
1106 367 1342 416 injuriarum,

225 441 355 480 oblivio
371 467 385 487 ‚
412 441 590 478 neminem
619 450 691 477 non
707 465 722 486 ‚
749 440 782 476 si
807 437 1019 485 Christiani
1042 438 1187 476 nominc
1211 433 1348 487 dignus

225 523 296 550 csse
341 509 430 549 velit
444 537 458 556 ,
501 519 688 548 exornare
724 506 868 546 debent.
945 507 1050 557 Quid
1078 506 1180 547 aliud
1213 505 1345 546 efficiat

226 579 419 630 doctrina,
447 581 522 627 qua
553 579 655 617 Deus
687 587 817 616 omnes
854 585 1099 625 peccatores,
1127 576 1269 616 Divino
1293 574 1349 614 fa·

227 663 317 690 vore
358 661 515 700 prorsus
544 649 746 697 indignos,
797 647 926 686 eodem
959 646 1120 696 gratuito
1166 644 1350 685 beneficio

227 722 381 760 liberare
415 721 509 765 velle
544 721 701 758 docetur
743 717 884 767 (Rom.
919 717 988 755 111.
1027 715 1246 765 22—24.)!
1285 715 1349 758 An

226 791 363 831 amoris
403 790 659 839 principium,
696 799 774 837 quo
810 786 934 826 omnia
968 797 1077 835 agere
1111 784 1351 835 praeceptis,

227 861 501 908 incitamentis,
528 860 598 900 Dei
626 868 663 898 et
691 859 783 910 Jesu
822 857 966 898 Christi
993 857 1164 905 exemplo
1196 854 1349 906 iubetur

227 943 263 971 et
296 933 527 978 inculcatur,
554 931 653 975 aliud
682 929 775 977 quid
803 928 960 975 efficiat,
989 938 1100 976 quam
1135 933 1176 964 ut
1215 923 1348 966 Chris·

227 1003 351 1041 tianus
381 1001 635 1051 magnanimus
661 999 814 1050 injurias
850 1009 929 1037 non
955 998 1157 1047 rependat,
1191 996 1348 1037 aliorum

229 1073 319 1112 vitia
346 1084 466 1120 aequo
493 1071 588 1109 ferat
618 1070 742 1108 animo
760 1097 773 1117 ,
801 1077 970 1106 amoveat
1007 1066 1352 1113 invidiam,osten-

228 1143 433 1191 tationem3
462 1150 588 1179 caveat
612 1151 658 1178 ne
684 1139 778 1178 alios
805 1139 951 1185 laedat,
977 1148 1055 1176 non
1077 1148 1145 1175 sua
1174 1143 1318 1174 tantum
1335 1161 1350 1182 ,

229 1215 296 1255 secl
327 1222 362 1251 et
399 1212 555 1253 aliorum
591 1210 786 1248 commoda
813 1215 988 1256 quaerat,
1016 1217 1140 1254 neque
1169 1205 1215 1243 ad
1250 1204 1348 1246 viam

229 1283 421 1328 acerbam,
453 1292 576 1328 neque
604 1280 649 1318 ad
678 1278 764 1318 mali
795 1277 1062 1326 injuriarumve
1094 1274 1347 1323 suspicionem

228 1360 400 1402 promtus
437 1351 486 1390 sit
521 1359 634 1397 atque
670 1357 849 1396 paratus,
889 1347 983 1384 alios
1027 1345 1239 1395 opprobrio
1267 1355 1347 1387 non

229 1423 346 1463 tradat
363 1450 375 1468 ‚
403 1420 511 1459 facile
529 1428 629 1467 tegat
650 1418 767 1465 vitia,
796 1425 974 1465 excuset,
1000 1416 1140 1465 optima
1173 1416 1219 1454 de
1253 1426 1349 1454 uno·

230 1503 383 1540 quoque
421 1499 544 1539 speret
563 1517 577 1536 ‚
603 1487 837 1536 similiaque!

278 1561 406 1615 Quum
441 1559 681 1598 Christianus
712 1558 751 1596 in
775 1559 843 1596 hac
867 1565 962 1605 terra
986 1567 1054 1606 per
1078 1555 1164 1596 fidei
1187 1565 1224 1595 et
1244 1568 1349 1595 amo-

230 1633 281 1672 ris
323 1631 401 1669 vias
433 1631 472 1667 in
511 1640 631 1669 veram
667 1628 866 1666 coelestem
903 1626 1057 1676 patriam
1096 1626 1268 1674 tendere,
1312 1634 1350 1664 et

230 1704 291 1742 hic
317 1713 427 1750 quam
458 1699 634 1738 facillime
658 1708 695 1749 et
732 1697 910 1738 citissime
942 1696 1154 1746 dignitatem
1185 1695 1350 1736 hominis

230 1772 406 1821 perficere
428 1770 575 1817 debeat,
616 1781 688 1807 non
719 1780 900 1806 summum
936 1779 1007 1805 csse
1044 1766 1115 1805 sibi
1146 1764 1349 1818 persuade-

231 1844 311 1889 bit‚
340 1850 382 1879 ut
410 1841 587 1890 famam,
611 1839 774 1889 gloriam
792 1866 805 1884 ,
832 1837 988 1876 divitias
1006 1864 1018 1884 ,
1055 1836 1125 1875 sibi
1154 1835 1352 1887 qualicun-

231 1926 302 1963 que
320 1913 432 1950 etiam
447 1912 592 1949 ratione
610 1937 622 1956 ‚
648 1918 836 1960 comparet
851 1936 864 1955 ,
890 1906 956 1945 sed
971 1916 1015 1946 ut
1036 1906 1158 1945 Deum
1188 1907 1350 1944 amicum

233 1984 301 2021 sibi
336 1979 497 2028 reddat,
523 1982 744 2030 omniaque,
772 1990 868 2028 quae
882 1975 957 2025 ftm'
972 2005 985 2024 ‚
1013 1989 1082 2027 quo
1107 1975 1210 2014 homo
1242 1987 1351 2017 crea·

235 2064 296 2092 tus
324 2061 378 2090 cst
394 2080 408 2098 ,
431 2047 678 2103 promovenda
709 2049 920 2086 inserviant
950 2045 1049 2096 (1),
1086 2044 1258 2084 stabiliat
1288 2052 1349 2081 at-

236 2136 305 2177 quc
336 2119 531 2170 vindicet3
559 2129 704 2168 quare,
739 2115 772 2163 si
803 2115 942 2165 bellum
972 2113 1048 2163 geri
1078 2123 1229 2152 necesse
1263 2120 1350 2161 est,

1283 2194 1353 2232 Pu*

275 2277 327 2321 (ι’)
351 2274 441 2315 Igitut
460 2272 591 2302 civitatis
612 2278 734 2316 quoque
752 2270 888 2309 formam.
