1538 2689
298 152 347 188 ⁶2
500 146 1163 186 COMM.MED1CA.

297 257 424 295 eodem
461 257 573 294 modo
606 255 783 303 spongiae
824 254 969 303 positae
1001 264 1117 302 sunt,
1169 255 1405 295 transversim

302 328 467 366 bacillus.
497 325 566 374 (ι)
605 326 665 363 ille
715 325 859 373 ligneus
901 324 1214 373 superimponitur
1248 334 1284 363 et
1320 325 1410 374 liga-

296 408 378 436 tura
419 398 512 445 parti
549 397 764 434 rotundatae
799 395 849 432 ita
883 395 1071 440 nectitur,
1123 402 1165 432 ut
1203 395 1322 433 tensio
1354 395 1408 434 fili

299 468 471 505 bacillum
506 466 544 503 in
579 466 654 503 situ
681 466 744 502 illo
780 459 921 511 absque
949 464 1141 502 doloribus
1166 464 1323 502 retinere
1346 476 1409 504 va-

297 538 383 575 leat.
437 538 604 584 Aegroto
639 534 885 582 tranquillitas
918 535 1219 582 commendatur,
1266 543 1308 572 ut
1341 546 1411 584 ap·

294 616 444 656 paratus
476 606 514 643 in
549 606 672 643 eodem
711 606 787 643 situ
826 614 1020 641 remaneat.
1102 603 1288 652 Spongiae
1326 605 1408 643 illae

296 685 466 723 secreto,
498 687 518 713 e
544 675 706 713 vuhieris
730 674 844 712 canali
872 674 1102 722 profluente,
1127 673 1327 712 madefiunt
1367 683 1405 712 et

297 747 559 785 extenduntur.
624 745 677 783 Ut
720 745 757 782 id
791 744 992 791 efficiatur,
1028 744 1124 781 situs
1167 744 1322 782 membri
1355 745 1406 783 ita

295 817 398 856 reddi
415 817 549 862 debet,
579 824 621 853 ut
644 815 796 854 fluidum
812 826 858 862 ‚e
882 815 1033 853 vulnere
1054 814 1241 862 profluens
1256 843 1269 862 ,
1289 825 1404 863 spon·

299 887 375 937 gias
405 896 554 934 tangere
582 885 718 934 possit.
781 884 821 923 Si
856 884 978 931 omnia
1004 884 1092 922 haec
1125 885 1178 922 sic
1210 883 1407 924 instituan·

295 968 384 1005 tur,
408 960 627 1006 plerumque
660 956 756 993 inter
785 954 916 1004 viginti
945 963 981 992 et
1002 962 1164 1002 quatuor
1183 954 1293 992 horas
1316 955 1406 1004 liga-

298 1038 379 1066 tura
407 1027 584 1065 solvitur.
637 1027 804 1074 Aegi-oto
836 1036 925 1063 vero
961 1024 1104 1072 inscio,
1136 1024 1198 1062 Cl.
1239 1025 1404 1074 Kluge

299 1107 481 1145 testatur,
500 1096 539 1134 in
555 1107 795 1144 quocumque
816 1106 903 1133 casu
928 1102 1098 1133 eventum
1124 1105 1204 1132 esse
1224 1092 1404 1134 faustum.

336 1241 389 1278 (ι)
411 1243 529 1278 Rust,
550 1243 568 1271 1.
592 1249 621 1270 c.
643 1240 694 1275 fig.
718 1249 746 1274 ⁵·
767 1241 797 1268 k.

1310 2273 1399 2313 CA-
