<?xml version="1.0" encoding="UTF-8"?>
<!DOCTYPE html PUBLIC "-//W3C//DTD XHTML 1.0 Transitional//EN"
    "http://www.w3.org/TR/xhtml1/DTD/xhtml1-transitional.dtd">
<html xmlns="http://www.w3.org/1999/xhtml" xml:lang="en" lang="en">
 <head>
  <title>
</title>
<meta http-equiv="Content-Type" content="text/html;charset=utf-8" />
  <meta name='ocr-system' content='tesseract 3.04.00' />
  <meta name='ocr-capabilities' content='ocr_page ocr_carea ocr_par ocr_line ocrx_word'/>
</head>
<body>
  <div class='ocr_page' id='page_1' title='image "annalesacademiae33rhen_0187.png"; bbox 0 0 1502 2767; ppageno 0'>
   <div class='ocr_carea' id='block_1_1' title="bbox 369 173 1238 244">
    <p class='ocr_par' dir='ltr' id='par_1_1' title="bbox 369 173 1238 244">
     <span class='ocr_line' id='line_1_1' title="bbox 369 173 1238 244; baseline 0.008 -29"><span class='ocrx_word' id='word_1_1' title='bbox 369 173 971 244; x_wconf 70' lang='lat' dir='ltr'><strong>THEOLOGICA.</strong></span> <span class='ocrx_word' id='word_1_2' title='bbox 1186 192 1238 232; x_wconf 77' lang='lat'><strong>9?</strong></span> 
     </span>
    </p>
   </div>
   <div class='ocr_carea' id='block_1_2' title="bbox 114 282 1285 758">
    <p class='ocr_par' dir='ltr' id='par_1_2' title="bbox 114 282 1285 758">
     <span class='ocr_line' id='line_1_2' title="bbox 126 282 1237 340; baseline 0.005 -15"><span class='ocrx_word' id='word_1_3' title='bbox 126 282 243 325; x_wconf 85' lang='lat' dir='ltr'><strong>nitate</strong></span> <span class='ocrx_word' id='word_1_4' title='bbox 267 292 386 325; x_wconf 43' lang='lat' dir='ltr'><strong>*certe</strong></span> <span class='ocrx_word' id='word_1_5' title='bbox 425 285 568 326; x_wconf 84' lang='lat' dir='ltr'><strong>alienos</strong></span> <span class='ocrx_word' id='word_1_6' title='bbox 616 284 702 337; x_wconf 86' lang='lat'>(1).</span> <span class='ocrx_word' id='word_1_7' title='bbox 779 284 917 328; x_wconf 87' lang='lat' dir='ltr'>Virtus</span> <span class='ocrx_word' id='word_1_8' title='bbox 960 289 1091 331; x_wconf 89' lang='lat' dir='ltr'><strong>bellica</strong></span> <span class='ocrx_word' id='word_1_9' title='bbox 1134 292 1237 340; x_wconf 88' lang='lat' dir='ltr'><strong>apud</strong></span> 
     </span>
     <span class='ocr_line' id='line_1_3' title="bbox 117 350 1238 404; baseline 0.006 -10"><span class='ocrx_word' id='word_1_10' title='bbox 117 350 293 395; x_wconf 78' lang='lat' dir='ltr'><strong>‘barbaras</strong></span> <span class='ocrx_word' id='word_1_11' title='bbox 333 364 463 404; x_wconf 88' lang='lat' dir='ltr'><strong>gentes</strong></span> <span class='ocrx_word' id='word_1_12' title='bbox 509 367 587 395; x_wconf 91' lang='lat' dir='ltr'><strong>non</strong></span> <span class='ocrx_word' id='word_1_13' title='bbox 633 368 717 396; x_wconf 88' lang='lat' dir='ltr'><strong>raro</strong></span> <span class='ocrx_word' id='word_1_14' title='bbox 767 359 876 398; x_wconf 86' lang='lat' dir='ltr'><strong>unica</strong></span> <span class='ocrx_word' id='word_1_15' title='bbox 939 360 1061 400; x_wconf 85' lang='lat' dir='ltr'><strong>virtus</strong></span> <span class='ocrx_word' id='word_1_16' title='bbox 1112 360 1238 401; x_wconf 88' lang='lat' dir='ltr'><strong>habita</strong></span> 
     </span>
     <span class='ocr_line' id='line_1_4' title="bbox 116 427 1285 479; baseline 0.004 -15"><span class='ocrx_word' id='word_1_17' title='bbox 116 433 190 466; x_wconf 88' lang='lat' dir='ltr'><strong>est.</strong></span> <span class='ocrx_word' id='word_1_18' title='bbox 215 446 271 457; x_wconf 89' lang='lat'>—</span> <span class='ocrx_word' id='word_1_19' title='bbox 294 427 412 475; x_wconf 90' lang='lat' dir='ltr'>Apud</span> <span class='ocrx_word' id='word_1_20' title='bbox 436 428 591 477; x_wconf 78' lang='lat' dir='ltr'><em>Scythas</em></span> <span class='ocrx_word' id='word_1_21' title='bbox 616 428 820 476; x_wconf 85' lang='lat' dir='ltr'>quotannis</span> <span class='ocrx_word' id='word_1_22' title='bbox 856 440 1028 479; x_wconf 83' lang='lat' dir='ltr'><strong>magnum</strong></span> <span class='ocrx_word' id='word_1_23' title='bbox 1055 432 1234 479; x_wconf 89' lang='lat' dir='ltr'><strong>poculum</strong></span> <span class='ocrx_word' id='word_1_24' title='bbox 1283 463 1285 465; x_wconf 89' lang='lat'>.</span> 
     </span>
     <span class='ocr_line' id='line_1_5' title="bbox 114 493 1235 548; baseline 0.005 -15"><span class='ocrx_word' id='word_1_25' title='bbox 114 493 203 534; x_wconf 81' lang='lat' dir='ltr'><strong>vino</strong></span> <span class='ocrx_word' id='word_1_26' title='bbox 233 493 426 543; x_wconf 88' lang='lat' dir='ltr'><strong>impletum</strong></span> <span class='ocrx_word' id='word_1_27' title='bbox 453 504 536 544; x_wconf 86' lang='lat' dir='ltr'><strong>est,</strong></span> <span class='ocrx_word' id='word_1_28' title='bbox 566 507 586 534; x_wconf 93' lang='lat' dir='ltr'><strong>e</strong></span> <span class='ocrx_word' id='word_1_29' title='bbox 613 508 689 544; x_wconf 88' lang='lat' dir='ltr'><strong>quo</strong></span> <span class='ocrx_word' id='word_1_30' title='bbox 712 505 854 536; x_wconf 84' lang='lat' dir='ltr'><strong>tantum</strong></span> <span class='ocrx_word' id='word_1_31' title='bbox 878 498 977 546; x_wconf 84' lang='lat' dir='ltr'><strong>illis,</strong></span> <span class='ocrx_word' id='word_1_32' title='bbox 1009 500 1076 548; x_wconf 90' lang='lat' dir='ltr'><strong>qui</strong></span> <span class='ocrx_word' id='word_1_33' title='bbox 1100 500 1235 539; x_wconf 86' lang='lat' dir='ltr'><strong>hostes</strong></span> 
     </span>
     <span class='ocr_line' id='line_1_6' title="bbox 115 563 1238 626; baseline 0.007 -24"><span class='ocrx_word' id='word_1_34' title='bbox 115 563 433 614; x_wconf 83' lang='lat' dir='ltr'><strong>profligaverant,</strong></span> <span class='ocrx_word' id='word_1_35' title='bbox 457 566 584 604; x_wconf 84' lang='lat' dir='ltr'><strong>bibere</strong></span> <span class='ocrx_word' id='word_1_36' title='bbox 612 567 746 616; x_wconf 77' lang='lat' dir='ltr'><strong>licuit3</strong></span> <span class='ocrx_word' id='word_1_37' title='bbox 801 579 878 616; x_wconf 89' lang='lat' dir='ltr'><strong>quo</strong></span> <span class='ocrx_word' id='word_1_38' title='bbox 912 568 1013 608; x_wconf 86' lang='lat' dir='ltr'>facto</span> <span class='ocrx_word' id='word_1_39' title='bbox 1046 569 1112 609; x_wconf 91' lang='lat' dir='ltr'><strong>ille</strong></span> <span class='ocrx_word' id='word_1_40' title='bbox 1147 582 1238 626; x_wconf 68' lang='lat' dir='ltr'><strong>prae</strong></span> 
     </span>
     <span class='ocr_line' id='line_1_7' title="bbox 115 629 1236 696; baseline 0.008 -25"><span class='ocrx_word' id='word_1_41' title='bbox 115 629 247 673; x_wconf 81' lang='lat' dir='ltr'><strong>ceteris</strong></span> <span class='ocrx_word' id='word_1_42' title='bbox 290 633 421 675; x_wconf 86' lang='lat' dir='ltr'><strong>beatus</strong></span> <span class='ocrx_word' id='word_1_43' title='bbox 462 636 723 686; x_wconf 79' lang='lat' dir='ltr'>judicabatur,</span> <span class='ocrx_word' id='word_1_44' title='bbox 778 639 844 686; x_wconf 85' lang='lat' dir='ltr'><strong>qui</strong></span> <span class='ocrx_word' id='word_1_45' title='bbox 884 641 1025 679; x_wconf 89' lang='lat' dir='ltr'><strong>multos</strong></span> <span class='ocrx_word' id='word_1_46' title='bbox 1061 641 1101 679; x_wconf 92' lang='lat' dir='ltr'><strong>in</strong></span> <span class='ocrx_word' id='word_1_47' title='bbox 1135 641 1236 696; x_wconf 84' lang='lat' dir='ltr'><strong>bello</strong></span> 
     </span>
     <span class='ocr_line' id='line_1_8' title="bbox 115 703 1237 758; baseline 0.008 -16"><span class='ocrx_word' id='word_1_48' title='bbox 115 703 349 743; x_wconf 81' lang='lat' dir='ltr'><strong>interfecerat</strong></span> <span class='ocrx_word' id='word_1_49' title='bbox 391 706 520 745; x_wconf 85' lang='lat' dir='ltr'><strong>hostes</strong></span> <span class='ocrx_word' id='word_1_50' title='bbox 549 707 634 758; x_wconf 65' lang='grc' dir='ltr'><strong>(ε).</strong></span> <span class='ocrx_word' id='word_1_51' title='bbox 689 708 966 748; x_wconf 81' lang='lat' dir='ltr'><strong>Germanorum</strong></span> <span class='ocrx_word' id='word_1_52' title='bbox 1003 711 1078 749; x_wconf 89' lang='lat' dir='ltr'><strong>vita</strong></span> <span class='ocrx_word' id='word_1_53' title='bbox 1113 712 1237 752; x_wconf 84' lang='lat' dir='ltr'><strong>omnis</strong></span> 
     </span>
    </p>
   </div>
   <div class='ocr_carea' id='block_1_3' title="bbox 105 771 1238 832">
    <p class='ocr_par' dir='ltr' id='par_1_3' title="bbox 105 771 1238 832">
     <span class='ocr_line' id='line_1_9' title="bbox 105 771 1238 832; baseline 0.007 -20"><span class='ocrx_word' id='word_1_54' title='bbox 105 774 155 813; x_wconf 74' lang='lat' dir='ltr'><strong>“in</strong></span> <span class='ocrx_word' id='word_1_55' title='bbox 179 786 218 813; x_wconf 91' lang='lat' dir='ltr'><strong>re</strong></span> <span class='ocrx_word' id='word_1_56' title='bbox 251 775 401 814; x_wconf 86' lang='lat' dir='ltr'><strong>militari</strong></span> <span class='ocrx_word' id='word_1_57' title='bbox 437 777 609 815; x_wconf 90' lang='lat' dir='ltr'><strong>constitit</strong></span> <span class='ocrx_word' id='word_1_58' title='bbox 635 771 736 828; x_wconf 53' lang='lat'><strong>(3)&#39;;</strong></span> <span class='ocrx_word' id='word_1_59' title='bbox 765 780 833 829; x_wconf 84' lang='lat' dir='ltr'><strong>qui</strong></span> <span class='ocrx_word' id='word_1_60' title='bbox 870 780 988 827; x_wconf 78' lang='lat' dir='ltr'><strong>nihil,</strong></span> <span class='ocrx_word' id='word_1_61' title='bbox 1020 792 1138 831; x_wconf 73' lang='lat' dir='ltr'><strong>neque</strong></span> <span class='ocrx_word' id='word_1_62' title='bbox 1165 792 1238 832; x_wconf 84' lang='lat' dir='ltr'><strong>pu-</strong></span> 
     </span>
    </p>
   </div>
   <div class='ocr_carea' id='block_1_4' title="bbox 111 845 1248 1529">
    <p class='ocr_par' dir='ltr' id='par_1_4' title="bbox 111 845 1248 1529">
     <span class='ocr_line' id='line_1_10' title="bbox 113 845 1240 902; baseline 0.005 -18"><span class='ocrx_word' id='word_1_63' title='bbox 113 845 232 885; x_wconf 77' lang='lat' dir='ltr'><strong>blicae</strong></span> <span class='ocrx_word' id='word_1_64' title='bbox 245 874 261 894; x_wconf 85' lang='lat'><strong>,</strong></span> <span class='ocrx_word' id='word_1_65' title='bbox 282 854 406 898; x_wconf 80' lang='lat' dir='ltr'><strong>‘neque</strong></span> <span class='ocrx_word' id='word_1_66' title='bbox 434 849 612 897; x_wconf 71' lang='lat' dir='ltr'><strong>privatae</strong></span> <span class='ocrx_word' id='word_1_67' title='bbox 635 849 717 895; x_wconf 76' lang='lat' dir='ltr'><strong>rei,</strong></span> <span class='ocrx_word' id='word_1_68' title='bbox 739 850 813 886; x_wconf 81' lang='lat' dir='ltr'><strong>nisi</strong></span> <span class='ocrx_word' id='word_1_69' title='bbox 835 851 1003 902; x_wconf 71' lang='lat' dir='ltr'><strong>armati,</strong></span> <span class='ocrx_word' id='word_1_70' title='bbox 1013 859 1240 900; x_wconf 80' lang='lat' dir='ltr'><strong>gesserunt:</strong></span> 
     </span>
     <span class='ocr_line' id='line_1_11' title="bbox 116 917 1243 973; baseline 0.004 -18"><span class='ocrx_word' id='word_1_71' title='bbox 116 930 182 956; x_wconf 81' lang='lat' dir='ltr'><strong>nec</strong></span> <span class='ocrx_word' id='word_1_72' title='bbox 204 930 323 956; x_wconf 77' lang='lat' dir='ltr'><strong>arare</strong></span> <span class='ocrx_word' id='word_1_73' title='bbox 347 926 493 956; x_wconf 84' lang='lat' dir='ltr'><strong>terram</strong></span> <span class='ocrx_word' id='word_1_74' title='bbox 518 919 566 956; x_wconf 79' lang='lat' dir='ltr'><strong>iis</strong></span> <span class='ocrx_word' id='word_1_75' title='bbox 590 927 670 956; x_wconf 87' lang='lat' dir='ltr'><strong>tam</strong></span> <span class='ocrx_word' id='word_1_76' title='bbox 691 917 825 968; x_wconf 69' lang='lat' dir='ltr'><strong>facile</strong></span> <span class='ocrx_word' id='word_1_77' title='bbox 834 922 1067 972; x_wconf 57' lang='lat' dir='ltr'><strong>persuasefis</strong></span> <span class='ocrx_word' id='word_1_78' title='bbox 1078 949 1096 971; x_wconf 27' lang='grc' dir='ltr'><strong>,Ι</strong></span> <span class='ocrx_word' id='word_1_79' title='bbox 1121 935 1243 973; x_wconf 51' lang='lat' dir='ltr'><strong>quum!¹</strong></span> 
     </span>
     <span class='ocr_line' id='line_1_12' title="bbox 112 987 1239 1043; baseline 0.003 -17"><span class='ocrx_word' id='word_1_80' title='bbox 112 988 273 1027; x_wconf 73' lang='lat' dir='ltr'><strong>vulnera</strong></span> <span class='ocrx_word' id='word_1_81' title='bbox 292 989 431 1026; x_wconf 78' lang='lat' dir='ltr'><strong>mereri</strong></span> <span class='ocrx_word' id='word_1_82' title='bbox 457 988 542 1038; x_wconf 87' lang='lat'><strong>(4).</strong></span> <span class='ocrx_word' id='word_1_83' title='bbox 596 987 712 1026; x_wconf 89' lang='lat' dir='ltr'><strong>Arma</strong></span> <span class='ocrx_word' id='word_1_84' title='bbox 733 999 881 1027; x_wconf 89' lang='lat' dir='ltr'><strong>sumere</strong></span> <span class='ocrx_word' id='word_1_85' title='bbox 905 989 1050 1038; x_wconf 90' lang='lat' dir='ltr'><strong>primus</strong></span> <span class='ocrx_word' id='word_1_86' title='bbox 1079 988 1156 1041; x_wconf 79' lang='lat' dir='ltr'><strong>fuit</strong></span> <span class='ocrx_word' id='word_1_87' title='bbox 1174 992 1239 1043; x_wconf 85' lang='lat' dir='ltr'><strong>ju-</strong></span> 
     </span>
     <span class='ocr_line' id='line_1_13' title="bbox 113 1057 1234 1117; baseline 0.003 -20"><span class='ocrx_word' id='word_1_88' title='bbox 113 1057 278 1097; x_wconf 85' lang='lat' dir='ltr'><strong>ventutis</strong></span> <span class='ocrx_word' id='word_1_89' title='bbox 315 1058 452 1096; x_wconf 87' lang='lat' dir='ltr'><strong>honor.</strong></span> <span class='ocrx_word' id='word_1_90' title='bbox 489 1079 544 1089; x_wconf 91' lang='lat'>—</span> <span class='ocrx_word' id='word_1_91' title='bbox 583 1057 829 1098; x_wconf 86' lang='lat' dir='ltr'>Fortissimus</span> <span class='ocrx_word' id='word_1_92' title='bbox 867 1059 1030 1117; x_wconf 71' lang='lat' dir='ltr'><strong>quisque</strong></span> <span class='ocrx_word' id='word_1_93' title='bbox 1057 1061 1234 1111; x_wconf 79' lang='lat' dir='ltr'><strong>ferreum</strong></span> 
     </span>
     <span class='ocr_line' id='line_1_14' title="bbox 111 1116 1234 1186; baseline 0.004 -20"><span class='ocrx_word' id='word_1_94' title='bbox 111 1128 318 1174; x_wconf 81' lang='lat' dir='ltr'><strong>annulum,</strong></span> <span class='ocrx_word' id='word_1_95' title='bbox 356 1129 637 1178; x_wconf 80' lang='lat' dir='ltr'><strong>ignominiosum</strong></span> <span class='ocrx_word' id='word_1_96' title='bbox 661 1128 707 1167; x_wconf 83' lang='lat' dir='ltr'><strong>id</strong></span> <span class='ocrx_word' id='word_1_97' title='bbox 724 1131 859 1180; x_wconf 80' lang='lat' dir='ltr'><strong>genti,</strong></span> <span class='ocrx_word' id='word_1_98' title='bbox 873 1123 946 1168; x_wconf 59' lang='lat' dir='ltr'><strong>“ait·</strong></span> <span class='ocrx_word' id='word_1_99' title='bbox 973 1130 1077 1170; x_wconf 85' lang='lat' dir='ltr'><strong>Tac</strong></span> <span class='ocrx_word' id='word_1_100' title='bbox 1092 1116 1134 1170; x_wconf 12' lang='lat' dir='ltr'><strong>ibt</strong></span> <span class='ocrx_word' id='word_1_101' title='bbox 1149 1143 1172 1186; x_wconf 81' lang='lat' dir='ltr'><strong>u</strong></span> <span class='ocrx_word' id='word_1_102' title='bbox 1187 1143 1234 1180; x_wconf 83' lang='lat' dir='ltr'><strong>s„</strong></span> 
     </span>
     <span class='ocr_line' id='line_1_15' title="bbox 112 1188 1248 1257; baseline 0.004 -21"><span class='ocrx_word' id='word_1_103' title='bbox 112 1196 231 1243; x_wconf 61' lang='lat' dir='ltr'><strong>voluti</strong></span> <span class='ocrx_word' id='word_1_104' title='bbox 264 1198 452 1243; x_wconf 61' lang='lat' dir='ltr'><strong>vinculum</strong></span> <span class='ocrx_word' id='word_1_105' title='bbox 488 1188 680 1249; x_wconf 37' lang='lat' dir='ltr'><strong>gestavi&amp;</strong></span> <span class='ocrx_word' id='word_1_106' title='bbox 708 1199 819 1239; x_wconf 81' lang='lat' dir='ltr'><strong>donec</strong></span> <span class='ocrx_word' id='word_1_107' title='bbox 854 1203 896 1239; x_wconf 83' lang='lat' dir='ltr'><strong>in</strong></span> <span class='ocrx_word' id='word_1_108' title='bbox 929 1201 1020 1240; x_wconf 78' lang='lat' dir='ltr'><em>bello</em></span> <span class='ocrx_word' id='word_1_109' title='bbox 1054 1215 1091 1241; x_wconf 76' lang='lat' dir='ltr'><strong>se</strong></span> <span class='ocrx_word' id='word_1_110' title='bbox 1124 1203 1248 1257; x_wconf 14' lang='lat' dir='ltr'><strong>bustis?</strong></span> 
     </span>
     <span class='ocr_line' id='line_1_16' title="bbox 112 1266 1237 1325; baseline 0.003 -19"><span class='ocrx_word' id='word_1_111' title='bbox 112 1266 223 1306; x_wconf 73' lang='lat' dir='ltr'><strong>caede</strong></span> <span class='ocrx_word' id='word_1_112' title='bbox 245 1267 453 1307; x_wconf 72' lang='lat' dir='ltr'><em>absolvisset</em></span> <span class='ocrx_word' id='word_1_113' title='bbox 479 1268 564 1318; x_wconf 83' lang='lat'><strong>(5).</strong></span> <span class='ocrx_word' id='word_1_114' title='bbox 619 1268 745 1307; x_wconf 87' lang='lat' dir='ltr'><strong>Tanto</strong></span> <span class='ocrx_word' id='word_1_115' title='bbox 779 1269 870 1307; x_wconf 87' lang='lat' dir='ltr'><strong>belli</strong></span> <span class='ocrx_word' id='word_1_116' title='bbox 904 1282 1028 1325; x_wconf 86' lang='lat' dir='ltr'><strong>amore</strong></span> <span class='ocrx_word' id='word_1_117' title='bbox 1058 1270 1237 1325; x_wconf 83' lang='lat' dir='ltr'><strong>concitati</strong></span> 
     </span>
     <span class='ocr_line' id='line_1_17' title="bbox 113 1322 1233 1388; baseline 0.002 -11"><span class='ocrx_word' id='word_1_118' title='bbox 113 1347 203 1378; x_wconf 82' lang='lat' dir='ltr'><strong>sunt</strong></span> <span class='ocrx_word' id='word_1_119' title='bbox 216 1322 235 1386; x_wconf 25' lang='lat'><strong>‚¹</strong></span> <span class='ocrx_word' id='word_1_120' title='bbox 270 1346 312 1376; x_wconf 91' lang='lat' dir='ltr'><strong>ut</strong></span> <span class='ocrx_word' id='word_1_121' title='bbox 335 1350 448 1386; x_wconf 85' lang='lat' dir='ltr'><strong>super</strong></span> <span class='ocrx_word' id='word_1_122' title='bbox 469 1338 657 1388; x_wconf 81' lang='lat' dir='ltr'><strong>sexaginta</strong></span> <span class='ocrx_word' id='word_1_123' title='bbox 694 1339 835 1386; x_wconf 75' lang='lat' dir='ltr'><strong>millia,</strong></span> <span class='ocrx_word' id='word_1_124' title='bbox 867 1351 944 1378; x_wconf 90' lang='lat' dir='ltr'><strong>non</strong></span> <span class='ocrx_word' id='word_1_125' title='bbox 979 1340 1091 1380; x_wconf 81' lang='lat' dir='ltr'><strong>armis</strong></span> <span class='ocrx_word' id='word_1_126' title='bbox 1129 1341 1233 1379; x_wconf 86' lang='lat' dir='ltr'><strong>telis·</strong></span> 
     </span>
     <span class='ocr_line' id='line_1_18' title="bbox 115 1408 1236 1458; baseline 0.002 -11"><span class='ocrx_word' id='word_1_127' title='bbox 115 1420 190 1458; x_wconf 90' lang='lat' dir='ltr'><strong>que</strong></span> <span class='ocrx_word' id='word_1_128' title='bbox 209 1408 415 1457; x_wconf 84' lang='lat' dir='ltr'><strong>Romanis,</strong></span> <span class='ocrx_word' id='word_1_129' title='bbox 443 1409 507 1447; x_wconf 90' lang='lat' dir='ltr'><strong>sed</strong></span> <span class='ocrx_word' id='word_1_130' title='bbox 526 1436 540 1456; x_wconf 88' lang='lat'><strong>‚</strong></span> <span class='ocrx_word' id='word_1_131' title='bbox 566 1409 668 1457; x_wconf 88' lang='lat' dir='ltr'><strong>quod</strong></span> <span class='ocrx_word' id='word_1_132' title='bbox 691 1408 738 1447; x_wconf 89' lang='lat' dir='ltr'><strong>iis</strong></span> <span class='ocrx_word' id='word_1_133' title='bbox 764 1409 1086 1458; x_wconf 84' lang='lat' dir='ltr'><strong>magnificentius,</strong></span> <span class='ocrx_word' id='word_1_134' title='bbox 1108 1410 1236 1457; x_wconf 86' lang='lat' dir='ltr'><strong>oblec-</strong></span> 
     </span>
     <span class='ocr_line' id='line_1_19' title="bbox 115 1467 1236 1529; baseline 0 -11"><span class='ocrx_word' id='word_1_135' title='bbox 115 1478 250 1518; x_wconf 85' lang='lat' dir='ltr'><strong>tationi</strong></span> <span class='ocrx_word' id='word_1_136' title='bbox 277 1478 476 1526; x_wconf 85' lang='lat' dir='ltr'><strong>oculisque</strong></span> <span class='ocrx_word' id='word_1_137' title='bbox 505 1479 705 1517; x_wconf 85' lang='lat' dir='ltr'><strong>ceciderint</strong></span> <span class='ocrx_word' id='word_1_138' title='bbox 721 1480 819 1529; x_wconf 86' lang='lat'><strong>(6);</strong></span> <span class='ocrx_word' id='word_1_139' title='bbox 850 1488 948 1518; x_wconf 84' lang='lat' dir='ltr'><strong>tanta</strong></span> <span class='ocrx_word' id='word_1_140' title='bbox 974 1480 1113 1528; x_wconf 82' lang='lat' dir='ltr'><strong>gloriae</strong></span> <span class='ocrx_word' id='word_1_141' title='bbox 1126 1467 1236 1529; x_wconf 82' lang='lat' dir='ltr'><strong>cupi-</strong></span> 
     </span>
    </p>
   </div>
   <div class='ocr_carea' id='block_1_5' title="bbox 112 1548 1234 1660">
    <p class='ocr_par' dir='ltr' id='par_1_5' title="bbox 112 1548 1234 1660">
     <span class='ocr_line' id='line_1_20' title="bbox 112 1548 1233 1609; baseline -0.001 -20"><span class='ocrx_word' id='word_1_142' title='bbox 112 1551 228 1589; x_wconf 84' lang='lat' dir='ltr'><strong>ditate</strong></span> <span class='ocrx_word' id='word_1_143' title='bbox 240 1558 330 1588; x_wconf 90' lang='lat' dir='ltr'><strong>sunt</strong></span> <span class='ocrx_word' id='word_1_144' title='bbox 341 1548 557 1587; x_wconf 86' lang='lat' dir='ltr'><strong>inflammati</strong></span> <span class='ocrx_word' id='word_1_145' title='bbox 572 1577 585 1597; x_wconf 86' lang='lat'><strong>,</strong></span> <span class='ocrx_word' id='word_1_146' title='bbox 613 1557 656 1609; x_wconf 56' lang='lat' dir='ltr'><strong>u‹t</strong></span> <span class='ocrx_word' id='word_1_147' title='bbox 677 1549 859 1588; x_wconf 89' lang='lat' dir='ltr'><strong>bellorum</strong></span> <span class='ocrx_word' id='word_1_148' title='bbox 884 1550 1070 1589; x_wconf 83' lang='lat' dir='ltr'><strong>infamiam</strong></span> <span class='ocrx_word' id='word_1_149' title='bbox 1095 1552 1233 1598; x_wconf 90' lang='lat' dir='ltr'><strong>laqueo</strong></span> 
     </span>
     <span class='ocr_line' id='line_1_21' title="bbox 1187 1620 1234 1660; baseline 0 -9"><span class='ocrx_word' id='word_1_150' title='bbox 1187 1620 1234 1660; x_wconf 89' lang='lat' dir='ltr'><strong>fi-</strong></span> 
     </span>
    </p>
   </div>
   <div class='ocr_carea' id='block_1_6' title="bbox 111 1707 1232 2308">
    <p class='ocr_par' dir='ltr' id='par_1_6' title="bbox 112 1707 1232 1967">
     <span class='ocr_line' id='line_1_22' title="bbox 155 1707 1232 1747; baseline 0 -9"><span class='ocrx_word' id='word_1_151' title='bbox 155 1710 209 1747; x_wconf 84' lang='grc' dir='ltr'><strong>(ι)</strong></span> <span class='ocrx_word' id='word_1_152' title='bbox 230 1707 287 1739; x_wconf 83' lang='lat' dir='ltr'><strong>eff.</strong></span> <span class='ocrx_word' id='word_1_153' title='bbox 304 1708 454 1744; x_wconf 80' lang='lat' dir='ltr'><strong>lseIin,</strong></span> <span class='ocrx_word' id='word_1_154' title='bbox 475 1708 500 1737; x_wconf 81' lang='lat'><strong>1.</strong></span> <span class='ocrx_word' id='word_1_155' title='bbox 521 1717 591 1744; x_wconf 77' lang='lat'><em>227.</em></span> <span class='ocrx_word' id='word_1_156' title='bbox 609 1709 785 1745; x_wconf 85' lang='lat' dir='ltr'><strong>Herder,</strong></span> <span class='ocrx_word' id='word_1_157' title='bbox 808 1709 922 1746; x_wconf 81' lang='lat' dir='ltr'><strong>Briefe</strong></span> <span class='ocrx_word' id='word_1_158' title='bbox 948 1718 1008 1738; x_wconf 80' lang='lat' dir='ltr'><strong>zm·</strong></span> <span class='ocrx_word' id='word_1_159' title='bbox 1032 1709 1162 1747; x_wconf 72' lang='lat' dir='ltr'><strong>Befiira’.</strong></span> <span class='ocrx_word' id='word_1_160' title='bbox 1176 1712 1232 1740; x_wconf 82' lang='lat' dir='ltr'><strong>der</strong></span> 
     </span>
     <span class='ocr_line' id='line_1_23' title="bbox 113 1764 1227 1804; baseline -0.001 -7"><span class='ocrx_word' id='word_1_161' title='bbox 113 1764 274 1801; x_wconf 56' lang='lat' dir='ltr'><strong>Hu&#39;man&#39;„</strong></span> <span class='ocrx_word' id='word_1_162' title='bbox 294 1767 332 1795; x_wconf 81' lang='lat'><strong>11.</strong></span> <span class='ocrx_word' id='word_1_163' title='bbox 350 1774 383 1801; x_wconf 82' lang='lat' dir='ltr'><strong>p-</strong></span> <span class='ocrx_word' id='word_1_164' title='bbox 403 1772 470 1800; x_wconf 79' lang='lat'><strong>172.</strong></span> <span class='ocrx_word' id='word_1_165' title='bbox 491 1771 523 1794; x_wconf 86' lang='lat' dir='ltr'><strong>et</strong></span> <span class='ocrx_word' id='word_1_166' title='bbox 536 1765 733 1802; x_wconf 85' lang='lat' dir='ltr'><strong>Pestelii,</strong></span> <span class='ocrx_word' id='word_1_167' title='bbox 752 1767 851 1797; x_wconf 82' lang='lat' dir='ltr'><strong><em>Fund.</em></strong></span> <span class='ocrx_word' id='word_1_168' title='bbox 872 1767 1000 1804; x_wconf 77' lang='lat' dir='ltr'><strong>Jurt&#39;sp.</strong></span> <span class='ocrx_word' id='word_1_169' title='bbox 1015 1767 1096 1796; x_wconf 74' lang='lat' dir='ltr'><em>Nat.</em></span> <span class='ocrx_word' id='word_1_170' title='bbox 1111 1768 1146 1796; x_wconf 80' lang='lat'><strong>11.</strong></span> <span class='ocrx_word' id='word_1_171' title='bbox 1158 1770 1227 1798; x_wconf 81' lang='lat'>280.</span> 
     </span>
     <span class='ocr_line' id='line_1_24' title="bbox 127 1822 1230 1861; baseline 0 -8"><span class='ocrx_word' id='word_1_172' title='bbox 127 1856 129 1858; x_wconf 64' lang='grc'><strong>,</strong></span> <span class='ocrx_word' id='word_1_173' title='bbox 150 1824 204 1861; x_wconf 87' lang='lat'><strong>(2)</strong></span> <span class='ocrx_word' id='word_1_174' title='bbox 220 1823 386 1852; x_wconf 78' lang='lat' dir='ltr'><strong>Herode</strong></span> <span class='ocrx_word' id='word_1_175' title='bbox 397 1829 436 1851; x_wconf 89' lang='lat' dir='ltr'><strong>tu</strong></span> <span class='ocrx_word' id='word_1_176' title='bbox 447 1830 481 1858; x_wconf 87' lang='lat' dir='ltr'><strong>s,</strong></span> <span class='ocrx_word' id='word_1_177' title='bbox 499 1823 552 1851; x_wconf 87' lang='lat' dir='ltr'><strong>lv.</strong></span> <span class='ocrx_word' id='word_1_178' title='bbox 564 1824 613 1852; x_wconf 84' lang='lat'><strong>62.</strong></span> <span class='ocrx_word' id='word_1_179' title='bbox 635 1822 717 1852; x_wconf 86' lang='lat' dir='ltr'><strong>Talis</strong></span> <span class='ocrx_word' id='word_1_180' title='bbox 727 1831 792 1851; x_wconf 88' lang='lat' dir='ltr'><strong>mos</strong></span> <span class='ocrx_word' id='word_1_181' title='bbox 810 1823 940 1852; x_wconf 87' lang='lat' dir='ltr'><strong>invaluit</strong></span> <span class='ocrx_word' id='word_1_182' title='bbox 957 1824 1037 1859; x_wconf 82' lang='lat' dir='ltr'><strong>apud</strong></span> <span class='ocrx_word' id='word_1_183' title='bbox 1047 1824 1183 1852; x_wconf 74' lang='lat' dir='ltr'><strong>Parthos</strong></span> <span class='ocrx_word' id='word_1_184' title='bbox 1198 1832 1230 1854; x_wconf 86' lang='lat' dir='ltr'><strong>et</strong></span> 
     </span>
     <span class='ocr_line' id='line_1_25' title="bbox 113 1879 1229 1924; baseline 0.003 -16"><span class='ocrx_word' id='word_1_185' title='bbox 113 1881 247 1924; x_wconf 47' lang='lat' dir='ltr'><strong>Azanos.</strong></span> <span class='ocrx_word' id='word_1_186' title='bbox 277 1879 328 1909; x_wconf 86' lang='lat' dir='ltr'><strong>cf.</strong></span> <span class='ocrx_word' id='word_1_187' title='bbox 352 1879 582 1908; x_wconf 84' lang='lat' dir='ltr'><strong>Ammianus</strong></span> <span class='ocrx_word' id='word_1_188' title='bbox 606 1880 898 1916; x_wconf 83' lang='lat' dir='ltr'><strong>Marcellinus,</strong></span> <span class='ocrx_word' id='word_1_189' title='bbox 928 1881 1017 1910; x_wconf 80' lang='lat' dir='ltr'><strong>Hisr.</strong></span> <span class='ocrx_word' id='word_1_190' title='bbox 1051 1882 1164 1910; x_wconf 86' lang='lat' dir='ltr'>XXIII.</span> <span class='ocrx_word' id='word_1_191' title='bbox 1197 1883 1229 1913; x_wconf 87' lang='lat'><strong>6.</strong></span> 
     </span>
     <span class='ocr_line' id='line_1_26' title="bbox 112 1923 269 1967; baseline -0.006 0"><span class='ocrx_word' id='word_1_192' title='bbox 112 1923 216 1967; x_wconf 59' lang='lat' dir='ltr'><strong>xxiii.</strong></span> <span class='ocrx_word' id='word_1_193' title='bbox 240 1946 269 1966; x_wconf 60' lang='grc' dir='ltr'><strong>α.</strong></span> 
     </span>
    </p>

    <p class='ocr_par' dir='ltr' id='par_1_7' title="bbox 149 1992 748 2032">
     <span class='ocr_line' id='line_1_27' title="bbox 149 1992 748 2032; baseline 0 -9"><span class='ocrx_word' id='word_1_194' title='bbox 149 1995 204 2032; x_wconf 74' lang='grc'><strong>(3)</strong></span> <span class='ocrx_word' id='word_1_195' title='bbox 225 1996 392 2031; x_wconf 59' lang='lat' dir='ltr'><strong>caesar,</strong></span> <span class='ocrx_word' id='word_1_196' title='bbox 412 1992 446 2020; x_wconf 77' lang='lat' dir='ltr'><strong>de</strong></span> <span class='ocrx_word' id='word_1_197' title='bbox 471 1992 512 2021; x_wconf 89' lang='lat' dir='ltr'><strong>B.</strong></span> <span class='ocrx_word' id='word_1_198' title='bbox 542 1993 603 2028; x_wconf 75' lang='grc'><strong>6.,</strong></span> <span class='ocrx_word' id='word_1_199' title='bbox 624 1993 678 2023; x_wconf 76' lang='lat' dir='ltr'><strong>vl.</strong></span> <span class='ocrx_word' id='word_1_200' title='bbox 698 2001 748 2023; x_wconf 80' lang='lat'><strong>21.</strong></span> 
     </span>
    </p>

    <p class='ocr_par' dir='ltr' id='par_1_8' title="bbox 126 2049 1059 2146">
     <span class='ocr_line' id='line_1_28' title="bbox 145 2049 1059 2092; baseline 0.004 -14"><span class='ocrx_word' id='word_1_201' title='bbox 145 2051 200 2089; x_wconf 82' lang='lat'><strong>(4)</strong></span> <span class='ocrx_word' id='word_1_202' title='bbox 217 2054 290 2081; x_wconf 89' lang='lat' dir='ltr'><strong>sunt</strong></span> <span class='ocrx_word' id='word_1_203' title='bbox 308 2050 401 2082; x_wconf 72' lang='lat' dir='ltr'><strong>verba</strong></span> <span class='ocrx_word' id='word_1_204' title='bbox 417 2049 572 2092; x_wconf 83' lang='lat' dir='ltr'><strong>Taciti,</strong></span> <span class='ocrx_word' id='word_1_205' title='bbox 594 2050 629 2079; x_wconf 75' lang='lat' dir='ltr'><strong>de</strong></span> <span class='ocrx_word' id='word_1_206' title='bbox 649 2060 726 2081; x_wconf 80' lang='lat' dir='ltr'><strong>mor.</strong></span> <span class='ocrx_word' id='word_1_207' title='bbox 748 2052 852 2080; x_wconf 79' lang='lat' dir='ltr'><strong>Germ.</strong></span> <span class='ocrx_word' id='word_1_208' title='bbox 874 2059 904 2081; x_wconf 87' lang='lat' dir='ltr'><strong>c.</strong></span> <span class='ocrx_word' id='word_1_209' title='bbox 930 2059 986 2088; x_wconf 75' lang='lat'><strong>13,</strong></span> <span class='ocrx_word' id='word_1_210' title='bbox 1011 2060 1059 2090; x_wconf 80' lang='lat'><strong>14.</strong></span> 
     </span>
     <span class='ocr_line' id='line_1_29' title="bbox 126 2108 585 2146; baseline 0.011 -12"><span class='ocrx_word' id='word_1_211' title='bbox 126 2108 400 2146; x_wconf 57' lang='lat' dir='ltr'><strong>·2(5)1Tac.,l.1-</strong></span> <span class='ocrx_word' id='word_1_212' title='bbox 418 2115 448 2137; x_wconf 89' lang='lat' dir='ltr'><strong>c.</strong></span> <span class='ocrx_word' id='word_1_213' title='bbox 465 2116 516 2142; x_wconf 64' lang='lat'><strong>13.</strong></span> <span class='ocrx_word' id='word_1_214' title='bbox 534 2115 585 2143; x_wconf 80' lang='lat'><strong>31·</strong></span> 
     </span>
    </p>

    <p class='ocr_par' dir='ltr' id='par_1_9' title="bbox 111 2163 1228 2308">
     <span class='ocr_line' id='line_1_30' title="bbox 152 2163 1228 2203; baseline 0.001 -9"><span class='ocrx_word' id='word_1_215' title='bbox 152 2163 207 2200; x_wconf 86' lang='grc'><strong>(6)</strong></span> <span class='ocrx_word' id='word_1_216' title='bbox 227 2164 318 2193; x_wconf 85' lang='lat' dir='ltr'><strong>Tac.</strong></span> <span class='ocrx_word' id='word_1_217' title='bbox 338 2164 362 2192; x_wconf 90' lang='lat'><strong>1.</strong></span> <span class='ocrx_word' id='word_1_218' title='bbox 379 2164 402 2194; x_wconf 86' lang='lat'><strong>1.</strong></span> <span class='ocrx_word' id='word_1_219' title='bbox 431 2171 459 2193; x_wconf 90' lang='lat' dir='ltr'><strong>c.</strong></span> <span class='ocrx_word' id='word_1_220' title='bbox 479 2173 528 2199; x_wconf 84' lang='lat'><strong>33·</strong></span> <span class='ocrx_word' id='word_1_221' title='bbox 550 2163 604 2193; x_wconf 90' lang='lat' dir='ltr'><strong>ubi</strong></span> <span class='ocrx_word' id='word_1_222' title='bbox 624 2164 726 2202; x_wconf 84' lang='lat' dir='ltr'><strong>addit,</strong></span> <span class='ocrx_word' id='word_1_223' title='bbox 753 2184 776 2201; x_wconf 86' lang='lat'><strong>,‚</strong></span> <span class='ocrx_word' id='word_1_224' title='bbox 797 2172 935 2201; x_wconf 86' lang='lat' dir='ltr'><strong>maneat,</strong></span> <span class='ocrx_word' id='word_1_225' title='bbox 963 2171 1096 2203; x_wconf 80' lang='lat' dir='ltr'><strong>quaeso,</strong></span> <span class='ocrx_word' id='word_1_226' title='bbox 1125 2167 1228 2195; x_wconf 81' lang='lat' dir='ltr'><strong>duret-</strong></span> 
     </span>
     <span class='ocr_line' id='line_1_31' title="bbox 112 2220 1226 2262; baseline 0.004 -14"><span class='ocrx_word' id='word_1_227' title='bbox 112 2227 172 2256; x_wconf 89' lang='lat' dir='ltr'><strong>que</strong></span> <span class='ocrx_word' id='word_1_228' title='bbox 189 2220 348 2256; x_wconf 84' lang='lat' dir='ltr'><strong>gentibus,</strong></span> <span class='ocrx_word' id='word_1_229' title='bbox 368 2221 395 2250; x_wconf 89' lang='lat' dir='ltr'><strong>si</strong></span> <span class='ocrx_word' id='word_1_230' title='bbox 413 2228 475 2251; x_wconf 88' lang='lat' dir='ltr'><strong>non</strong></span> <span class='ocrx_word' id='word_1_231' title='bbox 490 2229 575 2251; x_wconf 80' lang='lat' dir='ltr'><strong>amor</strong></span> <span class='ocrx_word' id='word_1_232' title='bbox 595 2222 713 2259; x_wconf 79' lang='lat' dir='ltr'><strong>nostri,</strong></span> <span class='ocrx_word' id='word_1_233' title='bbox 729 2231 758 2253; x_wconf 84' lang='lat' dir='ltr'><strong>at</strong></span> <span class='ocrx_word' id='word_1_234' title='bbox 777 2231 861 2253; x_wconf 85' lang='lat' dir='ltr'><strong>certe</strong></span> <span class='ocrx_word' id='word_1_235' title='bbox 885 2223 992 2254; x_wconf 82' lang='lat' dir='ltr'><strong>odium</strong></span> <span class='ocrx_word' id='word_1_236' title='bbox 1004 2222 1063 2256; x_wconf 84' lang='lat' dir='ltr'><strong>sui.</strong></span> <span class='ocrx_word' id='word_1_237' title='bbox 1071 2222 1092 2237; x_wconf 75' lang='lat'><strong>’²</strong></span> <span class='ocrx_word' id='word_1_238' title='bbox 1131 2224 1226 2262; x_wconf 73' lang='lat' dir='ltr'><strong>Quam</strong></span> 
     </span>
     <span class='ocr_line' id='line_1_32' title="bbox 111 2276 374 2308; baseline 0.008 -2"><span class='ocrx_word' id='word_1_239' title='bbox 111 2276 272 2306; x_wconf 85' lang='lat' dir='ltr'><strong>inhumana</strong></span> <span class='ocrx_word' id='word_1_240' title='bbox 293 2280 374 2308; x_wconf 76' lang='lat' dir='ltr'>vox!</span> 
     </span>
    </p>
   </div>
   <div class='ocr_carea' id='block_1_7' title="bbox 164 2336 684 2375">
    <p class='ocr_par' dir='ltr' id='par_1_10' title="bbox 164 2336 684 2375">
     <span class='ocr_line' id='line_1_33' title="bbox 164 2336 684 2375; baseline 0.004 -2"><span class='ocrx_word' id='word_1_241' title='bbox 164 2346 296 2375; x_wconf 66' lang='lat' dir='ltr'><strong>noan.</strong></span> <span class='ocrx_word' id='word_1_242' title='bbox 645 2336 684 2375; x_wconf 89' lang='lat' dir='ltr'>G</span> 
     </span>
    </p>
   </div>
  </div>
 </body>
</html>
