1502 2767
388 165 986 206 THEOLOLICA.
1204 178 1248 215 μ

194 278 294 317 Hinc
309 285 492 327 =appareat
509 304 522 324 ,
551 286 666 324 quum
689 276 822 315 Ethice
838 275 1048 315 Christiana
1066 302 1078 322 ,
1112 272 1257 323 sapien-

145 349 299 387 tissimis
320 349 366 386 de
389 346 536 393 causis,
569 346 687 384 officia
709 358 792 395 erga
815 346 1000 384 civitatem
1029 345 1257 394 praeceperit

145 431 223 458 non
254 419 326 459 nisi
359 417 579 456 universalia
605 418 699 466 (ι),
736 416 799 454 ubi
828 415 1100 464 disquirimus,
1127 424 1256 453 utrum

145 503 193 528 ex
226 490 377 528 Ethices
410 488 621 526 christinae
653 487 824 524 doctrina
859 486 989 523 bellam
1013 497 1146 535 gerere
1177 486 1259 523 lici·

147 570 225 599 tum
256 561 305 598 sit
341 572 391 597 an
429 561 573 605 minus,
609 568 685 594 non
716 567 786 594 tam
819 557 982 602 directa,
1012 568 1104 603 quae
1132 556 1260 594 dicun-

148 640 235 677 tur,
263 638 458 677 praecepta
493 628 736 676 exspectanda
769 639 873 673 esse,
903 638 1010 673 quam
1039 626 1231 665 indirecta.

198 700 271 738 His
306 699 350 736 de
378 699 499 736 causis
537 707 571 735 et
608 710 705 745 nos,
746 708 860 744 quum
897 698 1039 734 nullum
1082 697 1121 734 in
1156 698 1260 735 Novi

147 769 320 808 Foederis
367 768 472 806 libris
522 778 759 816 praeceptum
807 768 1126 815 compererimus,
1182 779 1259 815 quo

146 839 283 877 diserte
317 838 454 876 benum
489 850 612 886 gerere
645 838 825 887 jubetur,
865 837 1042 885 optimam
1082 847 1118 875 et
1151 838 1259 876 unice

145 921 267 948 veram
314 911 406 947 hanc
454 909 753 956 disquisitionem
797 907 1016 946 instituendi
1059 908 1155 945 viam
1191 907 1260 945 rati

141 991 302 1026 sumus,
355 979 385 1016 si
420 990 463 1016 ex
498 977 687 1025 religionis
728 978 966 1015 Christianae
1012 978 1173 1015 consilio
1222 987 1260 1016 et

143 1050 315 1089 universa
339 1046 495 1085 Ethices
524 1048 758 1086 Christianae
789 1047 912 1086 indole
930 1075 942 1094 ‚
972 1059 1016 1085 ex
1049 1048 1259 1096 praeceptis

143 1118 258 1166 magis
297 1117 598 1163 universalibus,
641 1117 891 1165 disquiramus
911 1146 922 1163 ,
952 1130 1037 1155 num
1063 1119 1202 1156 homini
1224 1128 1260 1157 et

136 1189 304 1240 principi
352 1187 567 1226 Christiano
610 1188 752 1225 licitum
787 1189 834 1225 sic
875 1187 1007 1225 bellum
1038 1200 1171 1238 gerere
1207 1202 1263 1226 an.

141 1260 278 1296 minus.

193 1327 275 1365 Nec
302 1337 392 1364 vero
431 1335 539 1374 putet
565 1327 679 1374 quis,
707 1327 781 1365 nisi
815 1328 953 1366 directe
986 1330 1183 1368 doceamur
1217 1331 1256 1369 in

140 1397 248 1435 Novi
260 1397 435 1435 Foederis
450 1396 589 1436 Codice
604 1426 616 1443 ‚
631 1398 766 1444 patriae
784 1399 866 1447 jura
883 1396 932 1436 'vi
958 1411 992 1436 et
1008 1400 1117 1437 armis
1134 1401 1258 1438 vindi·

141 1478 222 1504 care
237 1475 365 1504 contra
387 1478 452 1504 eos
466 1496 477 1511 ,
493 1468 658 1516 quijusti
671 1477 708 1505 et
723 1469 832 1515 aequi
851 1470 949 1517 leges
966 1470 1151 1518 migrant,
1181 1471 1259 1509 bel«-

140 1538 217 1574 lum
254 1537 423 1575 illicitum
463 1549 559 1575 esse.
611 1538 708 1575 Nam
734 1548 768 1575 et
796 1548 874 1577 tum
904 1550 1098 1588 praecepta
1123 1541 1259 1580 Chris-

142 1607 236 1646 tiana
270 1608 449 1653 dicenda,
491 1607 524 1645 si
556 1618 633 1645 non
674 1617 816 1646 tantum
853 1621 897 1647 ex
930 1610 1079 1648 disertis
1109 1611 1253 1656 effatis,

140 1690 267 1716 verum
305 1679 411 1716 etiam
438 1690 481 1716 ex
512 1679 665 1716 Ethices
688 1680 922 1718 Christianae
958 1682 1083 1720 indole
1106 1691 1141 1720 et
1165 1682 1256 1731 Jesu

140 1749 488 1796 Apostolorumque
521 1749 700 1796 exemplis
731 1758 902 1797 petamus
937 1760 972 1788 et
1003 1753 1251 1800 colligamus,

140 1817 233 1864 quid
263 1817 405 1855 homini
434 1817 651 1856 Christiano
691 1820 870 1868 agendum
908 1823 965 1858 vel
1005 1822 1257 1863 omittendum

137 1888 207 1927 sit.
256 1888 362 1925 Hanc
398 1888 494 1926 viam
533 1888 765 1936 ingressuri,
807 1890 945 1929 bellum
984 1892 1128 1931 licitum
1168 1906 1252 1933 esse

138 1957 432 2005 comperiemus,
474 1958 505 1995 si

192 2039 228 2065 1.
257 2026 538 2075 probaverimus
586 2029 844 2077 gravissimum
891 2033 1085 2072 civitatum
1128 2037 1253 2075 consi-

140 2096 227 2134 lium
247 2124 261 2144 ,
301 2098 408 2145 quale
435 2109 478 2137 ex
509 2098 664 2137 Ethices
701 2101 937 2141 Christianae
965 2105 1132 2144 doctrina
1168 2118 1258 2147 esser

1189 2180 1252 2216 de-

176 2246 227 2284 (1)
250 2248 313 2277 Csr.
335 2251 473 2279 Moshe
489 2251 556 2289 im,
581 2253 746 2291 Zedeleer,
770 2257 861 2286 Tom.
885 2259 975 2289 VIII.
997 2268 1065 2295 pag.
1089 2266 1157 2300 634.
1180 2272 1249 2301 sqq,
