1507 2876
366 232 960 277 THEOLOGICA.
1176 237 1227 284 65

107 346 236 395 nulli,
283 345 450 385 nondum
482 339 625 384 Christi
660 343 867 393 praeceptis
904 342 1119 384 obedientes
1136 371 1150 392 ,
1175 345 1223 383 ad

111 428 188 458 rem
212 417 312 455 illam
335 415 552 462 ducuntur,
579 424 701 462 neque
725 424 879 463 propter
909 415 1047 453 scelera
1077 425 1120 452 ac
1149 425 1224 453 ma-

108 487 172 538 la,
199 497 294 536 quae
320 485 407 524 hinc
441 483 579 524 bellum
615 484 841 523 comitamur
865 484 949 533 (ι).

585 637 624 685 §.
681 645 742 675 11.

212 775 434 815 Auctoritas
470 773 605 815 veteris
637 774 808 813 ecclcsiae
843 776 884 813 in
915 772 1050 814 nostrd
1078 785 1121 813 re

556 845 663 884 nulla
700 854 768 884 cst.

159 992 314 1032 Plurimi
341 1004 491 1040 eorum,
532 1002 629 1041 quos
658 1001 772 1042 supra
802 992 1044 1041 audivimus,
1085 1004 1226 1043 provo·

110 1070 197 1100 cant
232 1054 282 1101 ad‘
315 1063 427 1100 trium
463 1062 669 1111 primorum
705 1064 917 1102 seculorum
960 1063 1224 1112 Christianos,

110 1143 158 1172 ex
195 1144 355 1182 quorum
391 1133 572 1171 sententia
612 1133 750 1172 bellum
791 1133 953 1182 quodvis
985 1134 1082 1173 inter
1109 1118 1225 1172 ictum

113 1211 211 1241 esset
246 1202 336 1254 (2).
388 1203 593 1243 Enimvero
637 1203 724 1242 huic
771 1212 990 1253 argumento
1029 1135 1131 1247 nuk
1166 1204 1226 1247 vis

109 1272 222 1312 inest.
298 1273 515 1313 Nonnullae
556 1273 894 1315 animadversiones
935 1276 981 1314 ad
1019 1275 1113 1314 hanc
1145 1286 1224 1314 rem

113 1344 434 1383 demonstrandam
470 1344 674 1385 sufficiunt.

161 1414 194 1453 Ι.
223 1414 377 1453 Ethices
402 1414 637 1454 Christianae
665 1414 836 1454 doctrina
868 1424 947 1453 non
979 1414 1053 1454 nisi
1079 1427 1099 1453 e
1124 1414 1227 1453 Sacri

110 1483 266 1525 Codicis
298 1484 403 1523 fonte
431 1485 565 1526 deduci
597 1493 740 1534 potest.
766 1507 822 1517 --
846 1484 1078 1524 Contrariam
1104 1493 1226 1523 autem

111 1555 330 1596 sententiam
346 1583 361 1603 ‚
390 1555 481 1593 locis
506 1555 603 1594 male
627 1554 876 1604 interpretatis
894 1583 907 1603 ‚
930 1564 1044 1594 autre
1066 1565 1144 1594 non
1158 1555 1229 1593 rite

110 1624 311 1671 distincta,
350 1623 600 1664 confirmatam
619 1652 633 1672 .‚
661 1636 682 1663 a
714 1624 882 1674 patribus
897 1626 969 1675 jam
995 1637 1108 1675 supra
1133 1624 1230 1664 vidi-

113 1705 198 1734 mus
226 1695 311 1743 (3).
356 1707 358 1709 ·

163 1764 214 1803 ΙΙ.
243 1763 390 1801 Horum
425 1763 575 1811 plurimi
598 1763 801 1811 virtutem,
829 1775 924 1812 quae
949 1763 1149 1802 sublimior
1172 1764 1229 1802 di-

115 1834 242 1881 citur,
269 1841 465 1881 amarunt,
495 1841 559 1881 et,
590 1834 683 1881 quid
720 1833 1013 1883 magnificentius
1055 1833 1228 1882 videtur,

117 1904 276 1944 maxime
301 1902 431 1942 sectati
456 1911 547 1942 sunt
573 1903 663 1954 (4).

163 1974 231 2016 111.
268 1975 396 2014 Patres
439 1984 518 2013 non
553 1985 701 2024 semper
741 1973 892 2014 sibimet
927 1973 1001 2024 ipsi
1047 1974 1226 2013 constite-

1121 2053 1223 2085 runt.

155 2143 210 2185 (ι)
230 2145 287 2184 cff-
297 2145 323 2173 D
331 2146 370 2175 rii
378 2152 391 2177 s
402 2152 418 2173 e
428 2144 449 2173 k
458 2151 475 2172 e
485 2163 497 2180 ,
510 2144 620 2173 twaede
631 2144 795 2175 Leerrede.
807 2144 912 2173 Ewald
923 2164 934 2180 ,
951 2145 1006 2174 1.1.
1018 2153 1050 2180 p.
1062 2153 1124 2175 1—1
1133 2152 1150 2180 7
1159 2165 1170 2182 ,
1182 2150 1229 2185 84·

151 2202 206 2241 (ει)
226 2203 277 2232 ef.
295 2200 473 2230 Gerhard
486 2208 556 2240 us,
570 2201 594 2229 1.
618 2200 663 2230 th.
682 2208 715 2236 p·
738 2203 902 2238 819—821·
1041 2202 1051 2213 '

155 2259 210 2296 (³)
231 2258 301 2287 Vid.
324 2259 351 2296 S.
371 2259 512 2294 praeced.

155 2313 208 2352 (4)
229 2315 298 2344 Vid.
317 2316 345 2353 ς.
368 2324 397 2352 9.
418 2315 519 2345 initio.

173 2383 301 2412 nom).
661 2372 693 2411 E
