1502 2767
216 199 287 235 208
437 191 1103 232 COMMENTATIO

212 303 482 351 confligerent,
511 315 638 340 verum
671 303 779 341 etiam
819 303 884 342 ubi
921 304 1093 340 alterutra
1129 312 1212 350 pars
1246 301 1326 339 vic*

211 372 341 410 toriam
373 380 613 420 reportasset.
674 373 831 410 Etiamsi
872 372 1079 410 humanitas
1126 380 1162 409 et
1196 371 1326 410 civita·

211 453 290 481 tum
321 444 419 480 salus
453 444 618 490 apprime
642 443 822 492 jubebant
857 443 968 482 victis
1005 453 1155 492 parcere
1185 453 1325 490 eosque

212 512 343 550 leniter
370 520 404 549 et
439 513 637 550 clementer
670 502 850 559 tractare,
879 522 1002 550 tamen
1046 522 1190 550 veteres
1228 512 1326 550 haud

211 594 293 620 raro
340 583 534 630 voluptate
581 583 736 628 quadam
784 582 939 620 miseros
982 591 1018 620 et
1060 583 1217 620 inermes
1263 581 1328 618 de·

207 653 330 690 victos
370 661 543 698 torquere
585 661 621 689 et
658 652 841 690 trucidare
875 653 1045 690 solebant
1081 653 1166 701 (1).
1243 651 1324 689 Nec

211 721 379 769 equidem
404 720 511 759 facile
535 721 655 759 dicere
687 722 831 769 ausim,
862 722 953 770 quid
977 721 1110 760 melius
1147 722 1220 759 illis
1257 721 1327 760 mi-

206 792 294 830 seris
328 792 485 840 captivis
521 792 591 839 sit,
621 792 699 830 vita
736 792 865 830 donari
903 803 948 830 an
979 799 1134 830 mortem
1171 799 1326 838 oppete-

207 862 271 899 re!
301 861 444 910 Quidni
481 861 576 899 enim
605 862 678 899 illis
711 862 825 900 satius
854 862 903 899 sit
938 861 1066 908 mori,
1094 860 1238 899 etiarnsi
1266 871 1327 898 ca·

205 931 402 970 daveribus
439 931 683 978 illuderetur,
728 931 843 969 humo
883 930 1216 978 defraudarentur,
1242 931 1326 968 vul-

209 1001 356 1038 turibus
396 1011 431 1039 et
461 1001 615 1038 canibus
654 1001 932 1050 objicerentur,
962 1013 1070 1049 quam
1103 1001 1324 1049 superstites

207 1082 374 1118 manere,
403 1071 573 1120 religioni
593 1099 606 1118 ,
632 1071 799 1108 moribus
815 1099 828 1117 ,
856 1071 1029 1108 omnibus
1048 1082 1183 1118 „quae
1204 1069 1325 1108 homi-

207 1141 247 1179 ni
268 1152 350 1179 cara
389 1151 501 1187 sunt,
527 1152 604 1178 non
634 1149 774 1178 tantum
803 1140 1031 1186 valedicere,
1059 1151 1187 1178 verum
1215 1140 1322 1178 etiam

205 1221 315 1258 agros
347 1210 442 1248 inter
479 1210 642 1256 milites,
673 1221 771 1257 quos
797 1210 908 1247 modo
945 1209 1134 1247 carissima
1156 1221 1324 1258 quaeque

207 1282 308 1318 clade
346 1280 569 1318 internecina
614 1280 754 1317 afficere
798 1279 997 1325 viderunt,
1049 1280 1190 1316 divisos
1233 1290 1324 1317 con-

205 1352 367 1399 spicere,
410 1350 500 1397 quin
538 1351 612 1387 imo
652 1349 770 1397 patria
811 1348 938 1396 expuli
974 1347 1068 1396 (2),
1118 1351 1210 1387 nota
1240 1349 1324 1386 inu-

205 1421 235 1459 ri
268 1422 365 1470 (3),
395 1427 435 1457 ut
458 1430 566 1457 nemo
595 1429 673 1456 non
707 1430 770 1456 eos
798 1428 998 1465 agnoscere
1019 1417 1140 1464 iisque
1170 1417 1324 1456 illudere

207 1500 366 1541 posset,
393 1490 463 1528 sub
497 1491 590 1527 duro
631 1488 820 1526 servitutis
847 1489 938 1537 J’ugo
971 1489 1085 1526 vitam
1119 1487 1322 1526 miserrime

203 1564 369 1607 trahere,
397 1560 613 1599 vinculisve
640 1558 779 1596 includi
799 1569 919 1605 usque
938 1558 983 1596 ad
1003 1558 1176 1595 ludorum
1198 1558 1294 1595 diem
1308 1583 1322 1605 ,
1378 1611 1381 1612 γ

204 1645 281 1682 quo
317 1633 402 1670 dum
432 1631 595 1680 populus
623 1630 716 1666 laete
747 1630 810 1666 boc
845 1627 954 1666 habet
973 1656 986 1675 ,
1008 1628 1066 1664 vel
1094 1629 1218 1677 accipe
1234 1628 1322 1677 fer-

202 1715 286 1742 rum
323 1704 476 1750 clamet,
530 1712 569 1738 se
607 1699 764 1738 invicem
807 1698 1061 1746 trucidarent,
1115 1699 1175 1735 vel
1215 1710 1320 1746 sese,

1280 1779 1322 1808 ut

244 1932 294 1968 (ι)
315 1933 408 1968 Quam
436 1932 528 1959 stulte
555 1930 614 1957 hoc
635 1927 758 1956 nomine
781 1934 903 1961 agerent
925 1926 1158 1955 Lacedaemonii
1178 1934 1208 1955 et
1227 1928 1320 1956 Athe-

206 1990 347 2022 nienses,
374 1987 492 2016 monuit
513 1986 681 2020 Cicero,
703 1993 758 2021 pro
778 1985 896 2017 Balbo,
919 1992 985 2018 cap.
1010 1993 1054 2013 ια.

239 2047 294 2083 (2)
313 2044 455 2080 Captivi,
475 2043 501 2072 si
524 2043 583 2072 alio
609 2044 810 2075 ducebantur,
841 2041 982 2076 legibus,
1009 2040 1228 2075 magistratibus
1256 2040 1322 2070 aliis

207 2104 346 2132 omnibus
379 2101 489 2138 privati
523 2110 538 2128 a
571 2099 718 2129 Romanis
755 2097 943 2134 praesidibus
977 2098 1085 2126 misere
1122 2097 1320 2126 vexabantur.

209 2163 260 2190 Cf.
286 2164 303 2189 S
317 2161 461 2195 igoniu
475 2168 487 2187 s
504 2179 514 2192 ‚
535 2159 571 2186 de
592 2158 731 2193 antiquo
748 2157 830 2194 Jure
851 2157 997 2184 Provinc.
1019 2156 1057 2183 L.
1083 2162 1109 2183 1.
1129 2163 1157 2183 c.
1176 2164 1205 2184 2.

243 2217 296 2253 (3')
318 2217 386 2245 Vid-
417 2216 453 2244 Pi
468 2215 657 2244 utarchus
693 2214 721 2241 in
754 2215 878 2241 Pericle
893 2234 899 2242 .
922 2219 990 2247 cap.
1022 2216 1070 2242 26.
1104 2211 1208 2246 ibique
1229 2212 1323 2240 inter·

208 2281 320 2310 metesa
