1538 2689
0 2005 2 2086 i

347 498 921 569 'SECTIOL

175 765 364 795 PERICLIS
399 767 499 795 VITA
536 767 592 794 AD
639 765 884 794 TEMPORUM
925 763 1119 792 ORDINEM

560 835 765 865 DIGE'STA.

142 1006 355 1075 Cogitanti
380 1027 472 1066 mihi
505 1038 798 1078 saepenumero,
827 1039 900 1076 qua
926 1025 1067 1064 ratione
1100 1025 1199 1064 Peri-

89 1096 158 1135 clis
189 1098 265 1137 vita
307 1099 550 1138 describenda.
577 1107 704 1147 esset,
741 1109 781 1136 ac
819 1098 994 1136 memoria
1021 1094 1203 1145 repetenti

88 1167 315 1208 clarissimos
347 1170 446 1219 apud
477 1181 646 1218 quasque
685 1177 839 1218 genteS,
869 1168 935 1216 qui
971 1167 1044 1206 viri
1076 1167 1204 1216 cujus-

88 1238 172 1277 dam
196 1239 410 1279 illustrioris
449 1240 524 1279 fata
552 1240 827 1286 enarraverint,
874 1240 995 1286 deque
1034 1239 1115 1288 ejus
1146 1236 1202 1275 in-

90 1309 177 1348 dole
206 1319 322 1359 atque
353 1310 504 1359 ingenio
537 1309 805 1359 exposuerint3
836 1309 1053 1347 obtulerunt
1084 1320 1124 1346 se
1151 1307 1207 1345 di-

92 1391 221 1419 versae
258 1381 536 1430 argumentandi
574 1381 680 1429 quasi
708 1378 817 1428 viae,
844 1391 999 1428 quarum
1029 1379 1096 1417 hae
1131 1378 1210 1416 via-

96 1459 214 1491 torem
243 1452 290 1490 ad
317 1451 459 1490 itineris
487 1463 645 1500 scopum
669 1452 918 1503 perduxerant
941 1463 954 1499 ;
983 1449 1072 1488 aliae
1093 1460 1207 1496 eum,

94 1522 162 1570 qui
195 1530 255 1560 eas
290 1522 482 1572 ingressus
518 1531 642 1571 esset,
696 1522 735 1560 in
774 1521 880 1560 devia
911 1529 1023 1568 atque
1052 1520 1208 1568 abrupta

95 1592 340 1633 abduxerant.

147 1665 255 1703 Duae
293 1672 414 1703 tamen
449 1676 495 1702 ex
521 1663 595 1703 illis
625 1663 696 1702 viis
722 1675 810 1712 prae
839 1662 972 1702 ceteris
1006 1662 1097 1700 mihi
1131 1662 1208 1710 pla-

95 1733 254 1783 cebant3
284 1735 394 1774 altera
423 1734 579 1774 floribus
605 1734 751 1783 obsita,
777 1733 1125 1780 amoenissimisque
1148 1734 1209 1770 de-

96 1803 288 1843 verticulis
326 1804 526 1853 distincta,
563 1805 616 1842 ita
651 1813 694 1842 ut
732 1805 966 1850 ambulator,
1008 1815 1123 1851 quum
1165 1802 1210 1840 ad

96 1875 237 1914 itineris
259 1875 368 1914 finem
399 1876 610 1925 pervenerit
627 1903 641 1923 ,
668 1875 821 1913 miretur
844 1886 884 1913 se
919 1882 1062 1913 tantum
1088 1883 1212 1911 emen-

98 1956 182 1985 sum
207 1956 290 1984 esse
315 1946 502 1995 spatium:
531 1948 642 1984 altera
679 1945 817 1984 aridior
843 1944 991 1993 quidem
1029 1953 1086 1981 est
1108 1973 1121 1992 ‚
1147 1943 1212 1981 sed

101 2023 198 2053 recta
239 2016 285 2054 ad
318 2026 475 2065 scopum
514 2016 644 2063 ducit3
698 2027 808 2063 quam
841 2015 906 2064 qui
942 2013 1090 2062 inierit,
1125 2014 1213 2052 licet

102 2083 261 2124 fortasse
291 2087 414 2125 minus
457 2086 717 2125 oblectamenti
747 2086 868 2134 capiat
887 2114 900 2133 ‚
938 2084 1049 2124 citius
1090 2094 1213 2123 tamen

102 2154 251 2193 domum
277 2157 483 2205 perveniet.
536 2157 638 2196 Illam
660 2157 852 2205 ingressus
867 2156 1111 2204 Plutarchus,
1139 2167 1214 2193 tna-

105 2235 175 2272 nus
208 2225 391 2275 floribus,
419 2239 515 2276 quos
554 2227 716 2276 undique
742 2228 949 2275 discerptos
987 2226 1214 2275 collegerat,

1163 2315 1219 2342 ΓΕ·
