1502 2767
180 170 250 195 ,ιο
405 152 1071 194 COMMENTATIO

180 268 230 303 ita
263 265 308 303 ab
347 266 457 302 altera
490 272 594 311 parte
633 262 763 300 melius
794 262 961 300 facturos
992 262 1109 300 fuisse
1141 272 1295 312 putave-

177 336 245 374 rim
281 333 531 380 adversarios,
560 334 591 371 si
622 334 721 371 hunc
763 332 886 381 ipsum
919 335 1074 380 locum,
1111 335 1156 372 ad
1188 347 1292 373 suam

178 405 394 444 sententiam
431 403 599 441 tuendam
616 431 629 449 ‚
657 414 734 440 non
759 403 998 450 attulissent3
1026 414 1107 441 nam
1136 415 1183 443 cx
1208 404 1292 452 ipso

175 476 352 513 hocloco
378 481 478 521 patet
497 473 625 522 Jesum
659 474 737 510 suis
767 473 1000 511 concessisse
1032 473 1192 521 gladium
1229 485 1290 511 se-

174 557 258 584 cum
288 545 448 590 ducere,
478 554 555 590 quo
592 553 633 580 se
657 540 913 581 defenderent.
942 542 1008 584 Cf.
1037 542 1136 581 Luc.
1165 543 1287 582 XXII.

177 626 240 663 35.
269 615 332 662 36.
363 616 423 661 38.
454 612 539 662 (1).

224 685 354 723 Parum
384 683 476 720 scite
507 681 666 730 denique
703 682 922 731 objecerunt
955 683 1079 720 locum
1126 695 1142 721 1
1174 681 1286 731 Joan.

168 755 236 793 111.
271 755 331 792 16.
360 757 396 795 ἐν
416 755 527 803 τούτῳ
561 753 768 802 ἐγνώκειμεν
802 754 865 798 τὴν
900 753 1074 800 ἀγάπην,
1113 752 1167 793 ἔτι
1199 755 1289 795 ἐκεῖ·

170 841 223 870 νος
258 827 342 873 ὑπὲρ
387 827 480 872 ὑμῶν
506 825 569 868 τὴν
612 825 737 872 ψυχὴν
777 825 886 863 αὑτοῦ
930 823 1044 868 ἔθηκε·
1090 823 1151 862 κα)
1186 825 1287 872 ἡμεῖς

172 897 361 944 ὀφείλομεν
394 896 478 942 ὑπὲρ
518 899 584 934 τῶν
632 896 800 942 ἀδελφῶν
840 895 909 937 τὰς
951 895 1080 942 ψυχὰς
1128 895 1284 942 τιθένκις

169 973 226 1002 est
251 965 346 1002 enim
372 964 527 1001 Ethices
554 963 790 1001 Christianae
812 962 982 1000 doctrina
999 963 1284 1010 ‚Christianum

168 1035 266 1073 vitae
300 1034 456 1073 maxime
480 1035 749 1071 conservandae
783 1032 910 1071 studio
946 1033 1062 1070 teneri
1086 1043 1284 1080 oportere3

169 1113 247 1144 tum
261 1116 373 1151 vem,
400 1103 467 1141 ubi
486 1103 694 1140 communis
718 1102 804 1140 inde
827 1101 964 1150 pendet
989 1101 1213 1150 reipublicae
1227 1113 1284 1139 sa·

166 1175 254 1220 lus,
281 1173 394 1211 vitam
426 1173 499 1221 ipsi
523 1185 603 1210 esse
632 1172 886 1220 deponendam
914 1169 1001 1220 (2).
1042 1172 1095 1209 At
1125 1182 1213 1209 vero
1234 1182 1282 1209 an

168 1254 246 1283 tum
261 1243 348 1282 huic
365 1252 562 1291 praecepto
586 1242 837 1289 obsequetur,
861 1241 894 1278 si
910 1240 1064 1288 quaevis
1092 1240 1231 1290 injusta
1245 1249 1283 1278 et

167 1315 293 1362 iniqua
332 1315 435 1363 (nam
469 1313 643 1361 ponimus
683 1311 820 1358 ubique
852 1310 1106 1349 Christianum
1144 1310 1282 1347 bellan-

166 1395 238 1423 tem
265 1385 347 1434 jura
391 1394 457 1420 sua
489 1392 617 1419 contra
661 1381 829 1428 iniquum
865 1390 901 1417 et
938 1380 1118 1428 injustum
1166 1379 1284 1417 viola-

165 1467 282 1494 torem
326 1453 531 1501 vindicare)
567 1451 714 1499 ignavia
756 1453 824 1488 sua
864 1451 1042 1499 adjuvet,
1087 1458 1281 1497 morteque

164 1537 232 1564 sua
262 1522 451 1564 stabiliat?
480 1524 570 1568 An,
598 1532 644 1559 ne
667 1520 748 1558 aliis
771 1521 908 1570 injuste
945 1520 1140 1568 agentibus
1183 1520 1277 1558 inte-

166 1584 295 1633 ritum
325 1604 521 1642 paremus,
549 1600 714 1630 nostram
752 1598 790 1628 et
816 1590 952 1638 patriae
988 1589 1278 1628 incolumitatem

165 1677 241 1704 non
275 1663 538 1702 defendamus!
580 1663 689 1700 Anne
721 1660 847 1708 potius
874 1660 985 1698 vitam
1005 1688 1019 1706 ‚
1046 1671 1140 1707 quae
1167 1659 1279 1698 saluti

165 1735 334 1785 publicae
351 1733 512 1781 impendi
537 1732 647 1769 debet
662 1759 674 1778 ,
689 1742 841 1778 eamque
863 1741 940 1767 non
966 1739 1100 1768 temere
1122 1730 1278 1779 perden-

163 1808 243 1844 dam
259 1833 272 1852 ‚
290 1802 521 1853 percussoris
546 1802 714 1839 hostisve
739 1801 811 1838 irae
834 1809 870 1838 et
892 1800 1038 1838 libidini
1062 1801 1245 1839 trademus
1260 1828 1275 1847 ,

165 1887 274 1923 quam
296 1885 336 1912 ut
350 1873 491 1912 Patriae
516 1881 643 1910 nostra
665 1871 831 1919 ipsorum
857 1871 975 1908 salute
999 1870 1117 1919 pluris
1140 1871 1277 1908 ducen-

1177 1941 1243 1979 dae
1260 1967 1274 1986 ‚

198 2069 249 2103 (ι)
270 2065 403 2095 Ulterius
420 2065 479 2093 hoc
504 2062 653 2098 explicuit
672 2068 803 2090 summus
832 2060 867 2087 M
879 2067 896 2087 ο
907 2060 946 2086 sh
958 2066 974 2086 e
984 2066 1013 2087 m
1023 2058 1032 2086 i
1042 2066 1060 2086 u
1071 2067 1084 2087 s
1094 2077 1104 2094 ,
1126 2058 1273 2086 Zedelecr

162 2127 216 2153 der
240 2124 364 2159 Hcih’ge
384 2120 523 2157 Semi-ft,
541 2120 630 2147 Tom.
655 2119 721 2146 VH.
744 2125 774 2152 p.
796 2119 962 2151 215—218.

205 2184 258 2220 (α)
279 2181 387 2209 Mauh.
419 2181 455 2208 X.
489 2182 621 2211 28—32.
652 2177 746 2205 Marc.
778 2174 865 2202 v111.
892 2177 1025 2210 34-38.
1057 2173 1122 2202 Csr.
1160 2171 1279 2201 Rota·-

159 2244 175 2270 h
188 2242 270 2275 ⁴ud,
296 2239 368 2268 Chr.
390 2236 524 2270 Zm'eh,
548 2235 638 2262 Tom.
663 2234 712 2262 111.
734 2240 763 2266 p.
790 2234 856 2267 178.
877 2238 944 2266 sqq.
