1502 2767
215 195 284 231 180
436 184 1088 227 COMMENTATIO

220 301 290 338 snb
326 298 568 342 Caesaribus,
618 307 775 343 quorum
807 293 1035 342 de'spotismo
1069 295 1320 344 subjectorum

222 371 349 415 nulla,
377 380 442 405 nec
472 369 546 414 qua
570 366 789 410 hominum,
811 376 878 402 nec
906 366 980 411 qust
1004 364 1169 410 civium,
1198 364 1326 402 obser·

223 438 400 475 vabantur
432 436 540 484 jin-at,
582 441 841 481 comparentur
878 444 960 470 cum
998 433 1044 470 iis
1080 432 1326 480 regionibus,

226 507 290 546 ubi
322 505 510 554 religionis
538 503 767 543 Christianae
789 501 954 540 doctrina
986 502 1147 539 nondum
1183 509 1326 549 recepta

225 585 302 624 est,
331 576 386 622 uti
415 576 546 612 horum
577 573 739 611 omniurn
771 572 1023 619 populorum,
1053 571 1117 617 qui
1140 569 1328 618 religionis

225 646 455 684 Christianae
487 644 689 681 doctrinam
716 641 954 689 ignorabant,
1002 640 1154 679 historia
1193 640 1331 685 docet,

226 715 410 764 principes
444 726 510 762 per
535 722 668 750 metum
704 720 741 749 et
775 712 848 748 vim
880 711 1090 757 dominare;
1119 710 1219 747 cives
1252 718 1334 756 per-

226 788 366 834 petua,
394 783 619 831 optimorum
657 785 814 830 quoque
844 771 1010 826 civium,
1036 779 1168 826 caede,
1205 779 1335 816 huma-

228 867 316 894 num
349 854 560 903 sanguinem
595 852 699 901 parvi
726 852 886 897 ducere,
913 849 1108 887 continuas
1133 847 1334 886 seditiones

229 936 377 963 movere
392 952 411 968 ,>
451 934 668 970 summaque
706 922 787 960 imis
824 920 1003 965 miscere,
1030 919 1079 957 ita
1107 920 1333 968 populorum

229 994 527 1034 Christianorum
565 992 719 1030 historia
752 990 912 1038 probat,
941 989 1040 1037 apud
1065 1000 1159 1035 eos,
1187 988 1337 1025 meliora

229 1067 273 1103 de
321 1076 387 1101 sua
431 1063 599 1110 ipsorum
646 1061 822 1109 dignitate
870 1067 906 1096 et
946 1058 1105 1096 consilio
1156 1058 1337 1103 edoctos,

230 1134 415 1183 principes
456 1134 674 1180 plerumque
714 1129 854 1176 fuisse,
912 1127 977 1175 qui
1010 1139 1091 1165 sese
1128 1127 1339 1174 principum

231 1204 380 1242 nomine
422 1201 555 1249 dignos
593 1207 843 1248 praestarent,
897 1197 1028 1242 cives,
1065 1207 1157 1234 vero
1192 1195 1340 1233 liberta-

233 1275 280 1311 tis
313 1272 466 1310 notione
493 1270 680 1314 imbutos,
712 1267 813 1316 pacis
857 1266 975 1305 fuisse
1021 1273 1182 1304 amantes
1221 1273 1258 1302 et
1291 1275 1339 1301 ne

233 1342 379 1390 maligni
417 1339 618 1378 seditiones
645 1345 859 1384 moverent,
887 1336 1018 1374 sedulo
1043 1346 1190 1373 curasse
1215 1333 1300 1384 (1).

718 1468 755 1514 ς.
807 1478 846 1512 4.

309 1601 514 1650 Religionis
555 1598 793 1636 Christianae
833 1595 1028 1642 doctrina,
1055 1597 1192 1646 legibus
1229 1607 1265 1636 ct

358 1672 542 1709 institutis
567 1666 824 1712 emendandis,
852 1667 1033 1704 hominum
1059 1665 1103 1704 de
1128 1667 1217 1707 bello

462 1738 626 1788 gerundo
664 1738 860 1775 sententias
896 1734 1116 1774 emendavit.

287 1871 339 1910 Ut
363 1870 505 1918 imperii
536 1869 676 1907 formae
704 1870 739 1906 in
775 1870 895 1914 bella,
936 1880 1019 1906 curn
1053 1868 1218 1915 interna,
1260 1877 1338 1907 tum

236 1952 406 1989 externa,
434 1942 575 1986 valent,
602 1940 651 1977 ita
678 1950 830 1986 quoque
863 1939 954 1987 leges
977 1946 1013 1975 et
1035 1940 1225 1977 instituta.

287 2011 375 2061 Quo
411 2008 526 2058 magis
563 2008 657 2046 enirn
693 2010 792 2057 leges
830 2007 972 2056 justitia
1005 2015 1040 2044 et
1073 2008 1255 2056 aequitate
1283 2009 1340 2047 ni-

1253 2087 1340 2116 tun·

278 2195 330 2231 (ι)
354 2194 422 2223 vid.
444 2195 484 2223 N.
505 2195 544 2224 G.
566 2202 637 2223 van
664 2196 832 2230 Kampen
848 2215 857 2230 ‚
877 2194 906 2223 in
918 2196 1037 2224 Comm.
1060 2197 1343 2232 soc.Tey1.‚'rom.

237 2253 338 2280 xxiv.
361 2258 426 2287 pag.
448 2260 609 2289 «ευ-243.
