1477 2725
332 210 1097 259 OBSERVATIONES.
1207 225 1279 267 159

172 321 303 361 iisdem
351 320 566 371 parentibus
612 321 729 359 nata?
779 323 869 372 Quo
915 334 1029 363 sensu
1065 335 1088 363 a
1131 324 1288 364 Mureto

169 390 351 440 accipitur
388 393 494 430 locus
524 391 563 429 in
598 392 768 430 Cimonis
805 393 909 440 vita,
947 395 1013 432 ubi
1045 395 1178 443 Nepos
1217 393 1289 444 (1)

168 461 282 508 dicit,
344 461 444 499 hunc
485 463 526 499 in
566 463 802 501 matrimonio
849 463 1015 503 habuisse
1058 477 1282 515 germanam

169 544 275 570 suam
307 543 495 581 sororem‚·
524 531 763 579 quamobrem
797 533 983 582 Nepotem
1018 534 1152 573 erroris
1182 546 1292 573 accu-

176 610 263 649 sat,
318 602 423 650 quod
454 601 760 651 excusationem,
803 615 896 652 quae
930 604 1081 652 proprie
1117 605 1164 643 ad
1202 615 1293 643 con-

172 671 394 721 sanguineas
428 683 576 729 sorores
615 673 845 721 pertineret,
879 675 925 712 ad
960 686 1146 723 germanas
1173 684 1294 714 trans·

170 741 315 781 tulerit.
369 742 564 780 Refutavit
589 754 773 787 summurn
799 745 919 782 virum
948 745 1162 784 Wowerius
1188 747 1288 795 (2),

171 811 238 859 qui
271 812 427 859 docuit,
464 812 575 851 verba
611 825 632 851 a
664 813 815 862 Nepote
847 814 1014 863 adjecta,
1053 816 1138 853 licet
1170 814 1288 854 codem

167 891 281 933 patre
313 892 426 921 natas
456 895 588 922 uxores
622 876 778 932 ducere,
806 884 1043 933 explicationi
1075 885 1179 924 vocis
1203 898 1292 936 ger-

171 964 322 990 manam
367 952 571 1001 inservire3
625 954 733 1003 cujus
773 954 824 992 rei
862 956 1072 1004 exemplum
1103 956 1237 1005 petivit
1270 967 1292 995 e

167 1020 254 1061 loco
294 1023 456 1072 quodam
497 1023 536 1061 in
565 1023 686 1062 Servii
714 1025 1000 1063 Commentariis
1029 1026 1144 1064 obvio
1172 1027 1259 1076 (3).

170 1156 171 1159 ’
219 1148 308 1188 obs.
335 1139 422 1188 ΧΠ.
445 1148 618 1198 Justinus
651 1149 754 1187 hisce
785 1150 912 1196 addit,
939 1150 1190 1189 Athenienses
1213 1151 1287 1189 hoc

167 1215 339 1265 ‘tempore
361 1221 562 1269 pecunias,
592 1230 687 1266 quae
712 1219 750 1256 in
773 1218 910 1257 Persici
945 1219 1032 1256 belli
1062 1219 1289 1268 stipendium

165 1285 212 1324 ab
241 1286 421 1324 universa
452 1287 610 1324 Graecia
640 1288 794 1324 collatae
827 1296 958 1333 erant,
999 1300 1018 1325 e
1049 1288 1144 1326 Delo
1171 1288 1290 1327 Athe-

164 1367 233 1393 nas
263 1355 501 1394 transtulisse
511 1370 528 1404 ,·
553 1366 629 1402 ne,
665 1355 924 1394 deficientibus
952 1369 971 1395 a
999 1356 1073 1395 fide
1095 1359 1285 1398 societatis

164 1425 491 1472 Lacedaemoniis,
520 1427 674 1473 praedae
687 1438 728 1464 ac
744 1427 891 1474 rapinae
914 1435 1039 1465 essent
1065 1426 1154 1478 (4).
1180 1428 1288 1479 Quae

164 1496 327 1535 narratio
345 1525 357 1543 ,
386 1496 528 1534 etiamsi
559 1497 696 1546 maJ‘ore
723 1496 1008 1545 Theophrasti,
1036 1510 1056 1536 e
1084 1511 1161 1546 quo
1196 1500 1286 1538 Piu-

163 1568 314 1605 tarchus
344 1578 410 1604 sua
441 1566 600 1615 petivit,
628 1566 849 1605 auctoritate
883 1567 1097 1615 refutetur,
1126 1569 1202 1607 veri
1232 1577 1287 1618 tag-

164 1637 248 1675 men
287 1637 473 1675 simillima
510 1637 670 1675 Videtur.
725 1637 807 1675 Nec
841 1637 938 1675 enim
966 1636 1075 1676 facile
1097 1640 1135 1676 in
1162 1639 1286 1677 Athe-

164 1702 347 1743 niensium
380 1705 555 1744 historia
593 1707 715 1754 aliqua
745 1708 892 1745 occasio
938 1707 1172 1756 inveniatur,
1211 1721 1285 1757 qua

164 1775 258 1813 illud
293 1774 417 1823 aptius
444 1775 524 1813 fieri
560 1776 738 1823 potuerit.
804 1778 1023 1816 Plutarchus
1062 1787 1185 1817 autem
1210 1788 1284 1819 tra·

162 1845 249 1894 dit,
287 1845 437 1884 vivente
475 1845 611 1884 adhuc<
633 1847 828 1895 Aristide,
855 1848 1033 1897 pecunias
1083 1849 1281 1892 Sociorum
1325 1833 1328 1836 ⁴

1187 1932 1274 1960 sua—

204 2050 255 2089 (1)
275 2052 358 2086 Nep.
379 2050 412 2079 in
431 2051 510 2080 Cim.
532 2058 600 2085 cap.
625 2059 652 2080 1.
682 2063 718 2072 ·--
747 2050 841 2080 conf.
873 2051 955 2087 Nep.
976 2051 1126 2088 praefatio
1145 2054 1174 2091 S.
1195 2063 1226 2092 4.
1248 2060 1280 2083 et
1304 2054 1308 2057 '

165 2108 283 2137 Mureti
301 2110 371 2137 Var.
394 2109 496 2136 Lectt.
519 2106 590 2136 Lib.
609 2107 673 2136 XV.
697 2115 762 2142 cap.
781 2116 810 2142 5.

205 2164 261 2201 (α)
280 2164 329 2192 Ad
351 2165 429 2206 Min.
455 2164 550 2193 Felic.
571 2165 593 2192 l.
614 2165 635 2192 1.

151 2253 168 2259 .‚
203 2221 328 2261 (gyAd
356 2221 438 2255 Virg.
463 2223 544 2250 Aen.
564 2220 632 2250 Lib.
656 2221 692 2250 V.
712 2229 759 2251 vs.
782 2230 850 2259 412.

201 2278 253 2315 (4)
276 2279 355 2307 nist.
380 2277 458 2307 Phii.
479 2277 544 2307 Lib.
567 2278 626 2307 111.
644 2286 712 2314 cap.
736 2281 765 2309 6.
