1502 2767
396 171 994 214 THEOLoorcA.
1177 191 1248 229 173

131 282 269 329 Apace
288 280 373 319 inde
386 282 642 331 Westphalica
670 284 822 321 humani
843 285 986 333 generis
1007 287 1106 324 salus
1129 290 1246 328 evasit

131 362 242 390 causa
281 352 527 400 communis3
577 353 671 391 nihil
707 353 887 402 singulari
922 355 1024 403 genti
1064 358 1242 407 privum3

130 420 285 468 literae,
301 431 529 469 mercatura,
556 423 649 470 alia,
676 433 765 462 sunt
786 425 885 462 bona
904 427 1143 476 communia3
1173 430 1246 468 lae*-

131 499 257 530 tantur
289 492 422 541 populi
459 493 691 540 Christiani,
732 495 797 532 ubi
827 484 906 534 aliis
938 496 1033 534 bene
1071 507 1153 546 est,
1180 498 1247 537 do-

129 562 234 609 lent,
270 562 356 600 'ubi
392 564 618 601 contrarium
657 565 783 603 locnin
825 565 998 614 obtinet;
1041 559 1132 615 quin
1168 568 1244 608 imo

129 631 228 669 haud
259 643 341 670 raro
373 631 443 679 fit,
472 642 514 671 ut
553 634 617 681 id,
648 646 724 682 quo
757 636 817 673 alii
844 638 979 685 populi
1001 639 1172 710 meliores
1210 650 1247 679 et

131 701 318 740 feliciores
355 704 506 741 evadere
544 704 719 752 possint,
746 718 765 744 a
797 708 999 756 peregrinis
1023 719 1243 758 praestetur.

132 772 175 811 In
210 772 344 821 quavis
391 773 567 822 civitate,
615 775 654 812 in
695 777 831 823 quovis
876 779 1068 817 hominum
1118 780 1247 819 ordine

133 843 259 892 plures
305 844 540 892 reperiuntur
585 845 794 893 Howardi,
833 848 995 886 Davides
1045 849 1209 899 Barclayi
1233 879 1246 897 ,

130 914 355 953 Pestalozzii
372 943 385 962 ,
418 914 661 953 VVoltemadii
686 944 699 963 ,
722 917 957 966 Leopoldii3
1012 920 1154 958 exultat
1203 922 1250 959 de

131 993 285 1022 nostrae
319 984 456 1033 patriae
496 986 616 1023 salute
654 986 852 1033 America,
890 996 927 1024 et
964 999 1094 1026 omnes
1118 990 1250 1029 Chris-

131 1053 252 1092 tianae
289 1053 458 1102 regiones
499 1056 565 1104 (ut
601 1066 715 1093 unum
762 1068 782 1093 e
828 1056 956 1096 multis
990 1057 1160 1107 afferam)
1203 1061 1249 1099 de

129 1123 359 1163 Graecorum
396 1124 565 1163 libertate
596 1126 791 1165 laetantur.
854 1128 981 1178 Quum
1013 1129 1150 1168 diversi
1181 1142 1250 1180 po-

131 1193 214 1243 puli
233 1193 370 1232 amoris
386 1202 422 1231 et
445 1194 726 1233 benevolentiae
738 1196 897 1234 vinculis
914 1198 1117 1246 J'ungantur
1131 1227 1145 1247 ,
1173 1200 1250 1238 sin-

131 1266 305 1313 gulorum
350 1265 434 1313 J'ura
478 1263 697 1314 diligentius
747 1265 1027 1315 observantur,
1078 1267 1250 1318 finesque

128 1335 259 1383 aequis
294 1335 578 1373 constituuntur
606 1336 768 1383 legibus.
832 1336 984 1387 Quodsi
1023 1347 1145 1377 metus
1171 1340 1251 1388 sit,

129 1418 178 1445 ne
198 1404 375 1445 nonnulli
396 1405 558 1454 populi,
586 1404 801 1443 Deistarum
827 1405 958 1454 potius
984 1418 1094 1455 quam
1118 1409 1252 1448 Chris-

132 1478 318 1516 tianorum
351 1475 504 1513 nomine
545 1475 794 1523 insigniendi,
832 1476 991 1515 bellandi
1035 1478 1166 1516 ardore
1186 1478 1250 1518 fla·

134 1555 312 1595 grantes,
341 1545 480 1595 injuste
501 1554 635 1594 agant,
663 1546 752 1593 alii,
772 1557 818 1584 ne
849 1548 921 1585 tale
954 1547 1045 1596 quid
1078 1549 1247 1598 accidat,

134 1617 238 1656 omni
261 1616 387 1655 studio
415 1625 580 1664 cavent,
609 1616 683 1653 hoc
707 1604 890 1655 vero'ubi
916 1618 1038 1656 minus
1074 1630 1121 1657 ex
1157 1628 1248 1658 voto

132 1686 383 1734 successerit,
422 1695 459 1724 et
485 1686 541 1724 illi
575 1694 699 1724 tamen
741 1685 912 1735 regiones
957 1687 1130 1726 invadant
1159 1689 1252 1728 sibi·
1298 1684 1301 1686 ’

134 1770 209 1807 que
238 1757 424 1807 subjicere
442 1754 599 1803 velint,
640 1756 806 1794 omnium
833 1768 906 1796 una
941 1757 1134 1807 indignans
1169 1771 1250 1799 vox

135 1823 225 1862 satis
261 1830 446 1868 testatur,
482 1822 549 1869 qui
581 1820 793 1869 Religionis
840 1821 1077 1872 Christianae
1114 1823 1253 1861 doctri-
1306 1847 1308 1849 -

132 1904 181 1932 na
210 1893 377 1942 populos
407 1891 516 1938 aequi
553 1900 589 1928 et
623 1890 718 1940 justi
755 1892 1054 1931 observantiores
1087 1894 1254 1933 reddide-

136 1964 184 2002 rit
225 1971 264 2000 et
306 1962 535 2010 singularum
578 1961 742 2009 gentium
786 1962 869 2010 Jura
920 1963 1016 2000 tueri
1064 1964 1247 2002 docuerit.

137 2032 239 2073 Haec
275 2032 401 2071 omnia
427 2040 604 2081 quantum
641 2031 679 2068 in
707 2031 846 2069 bellum
880 2022 1026 2070 valeant
1049 2059 1064 2080 ,
1091 2033 1252 2081 quisque

136 2105 253 2143 videt.
279 2126 338 2136 —
364 2102 494 2153 Quum
524 2100 651 2140 multis
671 2101 768 2139 dicta
797 2102 1043 2150 comprobare
1071 2113 1219 2150 possem
1235 2131 1248 2149 ,

136 2175 182 2212 ad
215 2173 348 2212 foedus
389 2180 534 2210 tantum
561 2182 788 2220 provocasse
827 2170 1047 2219 suffecerit,
1075 2173 1179 2219 quod
1206 2175 1251 2211 ad

138 2245 231 2283 bella
264 2244 417 2282 arcenda
445 2243 634 2281 sancivere
655 2241 840 2288 Russiae,
882 2241 1082 2288 Austriae,
1113 2241 1255 2279 Borus-

1158 2324 1252 2360 siae,
