1523 2745
409 173 922 217 LITERARIA.
1183 192 1229 230 27

115 285 295 331 promptu
315 290 398 330 est,
414 296 523 332 quam
554 295 674 324 veram
703 287 869 335 suscepti
890 297 1036 327 causam
1065 288 1242 331 indicare.

116 350 275 390 Videtur
296 352 359 391 illa
382 353 436 392 sic
453 354 627 403 explicari
642 367 748 404 poss.
779 357 891 395 Samii
916 367 952 396 et
967 358 1108 399 Milesii
1135 372 1237 400 erant

116 421 211 459 socii
235 422 522 461 Atheniensium
548 425 701 463 nomine
726 426 867 474 magis,
896 438 1004 476 quam
1027 441 1066 467 re
1092 431 1237 473 αὐτόνο-

117 500 193 541 μοι.
223 491 315 530 Orta
339 492 433 530 inter
458 493 542 531 illos
570 495 825 533 controversia
847 496 893 533 de
916 497 1046 535 Priene
1064 508 1100 536 et
1121 511 1236 546 quum

116 569 176 599 res
207 561 253 599 ad
280 562 389 611 {arma
414 563 599 611 venisset,
638 564 782 604 Milesii
806 566 903 604 bello
932 566 1156 614 inferiores,
1184 570 1237 607 le·

117 638 224 679 gatos
259 631 440 670 miserunt
465 634 634 673 Athenas
652 663 665 681 ‚
694 634 760 682 qui
798 645 1039 683 quererentur
1070 639 1115 675 de
1142 639 1241 688 inju-

117 699 174 739 ria
206 711 227 739 a
257 701 391 741 Sam-iis
424 711 586 752 accepta.
642 704 812 755 Hujusce
841 705 893 744 rei
934 706 1124 745 arbitrium
1160 717 1238 746 erat

118 770 271 820 proprie
298 782 413 820 penes
444 782 671 813 conventum
711 776 930 826 Deliacum3
959 789 1088 816 verum
1119 780 1241 817 Athe-

118 840 293 889 nienses,
321 842 388 890 qui
410 843 515 882 avide
544 844 767 894 arripiebant
800 858 947 885 omnem
979 849 1241 897 opportunita-

118 919 192 950 tem
224 913 413 960 potentiae
451 924 539 952 suae
582 916 857 965 extendendae,
898 917 1039 968 quique
1085 917 1238 956 oderant

119 981 308 1032 regiminis
329 983 484 1022 formam
511 984 609 1034 (1),
637 987 712 1034 qua
747 987 879 1026 Samos
913 996 1002 1025 tunc
1036 987 1237 1035 utebatur,

118 1063 191 1090 suo
237 1054 397 1101 quodam
435 1055 519 1104 J'ure
553 1055 748 1105 jusserunt
792 1055 939 1095 Samios
970 1059 1071 1102 δίκαις
1108 1061 1241 1107 λαβεῖν

117 1124 178 1162 nexi
199 1124 315 1164 δοῦναι
352 1124 440 1173 παρ’
461 1127 583 1171 αὐτοῖς
608 1126 692 1174 (2).
746 1126 830 1175 Qua
854 1127 892 1164 in
916 1138 955 1164 re
983 1127 1015 1164 si
1048 1127 1133 1175 quis
1168 1139 1243 1176 pu·

117 1199 198 1238 tet,
227 1191 367 1241 aliquid
385 1193 550 1234 valuisse
583 1195 764 1243 Aspasiae
798 1195 970 1235 Milesiae
995 1207 1154 1245 preces,
1182 1209 1240 1237 me

118 1260 266 1308 quidem
291 1272 368 1300 non
392 1263 544 1302 habebit
566 1265 819 1304 adversantem
837 1277 847 1303 :
867 1266 1070 1305 dummodo
1096 1277 1143 1304 ne
1163 1267 1242 1306 bel·

116 1331 194 1370 lum
229 1332 268 1369 in
295 1335 377 1382 ejus
413 1334 564 1382 gratiam
591 1343 809 1383 susceptum
834 1337 970 1378 credat.

168 1401 329 1442 Pericles
362 1402 478 1453 igitur
515 1416 600 1443 cum
632 1405 720 1444 XL.
744 1391 904 1443 navibus
930 1406 1079 1445 Samum
1104 1407 1243 1456 petiit,

118 1470 326 1520 urbemque
349 1473 537 1512 intestinis
565 1475 730 1513 dissidiis
771 1475 997 1514 laborantem
1013 1505 1027 1523 ,
1052 1477 1135 1515 sine
1164 1479 1242 1516 ullo

117 1539 246 1578 labore
273 1541 403 1590 cepit,
429 1544 690 1582 democratiam
715 1544 768 1583 ibi
794 1545 994 1583 constituit
1029 1554 1065 1584 et
1105 1547 1156 1585 L.
1185 1547 1240 1585 vi-

118 1621 185 1648 ros
211 1610 405 1660 primarios
441 1614 672 1662 totidemque
700 1625 840 1664 pueros
871 1615 1023 1654 obsides
1056 1616 1095 1655 in
1129 1616 1246 1656 Lem-

118 1690 208 1719 num
234 1681 402 1723 deduxit.
430 1684 487 1723 At
508 1685 707 1734 optimates
736 1686 825 1725 victi
853 1697 961 1735 opem
995 1687 1243 1737 implorarunt

1164 1758 1245 1797 Pis-

158 1887 211 1925 (1)
233 1887 384 1918 Videntur
400 1888 524 1925 quidem
535 1888 674 1920 civitates
692 1891 816 1921 Ionicae
835 1891 866 1921 in
876 1893 950 1922 Asia
965 1893 1249 1930 minori‚liberatae
1275 1896 1277 1898 '

124 1953 141 1974 a
161 1944 235 1981 jugo
252 1946 406 1975 Persarum
421 1946 619 1977 democratias
642 1944 858 1987 constituisse,
880 1950 974 1987 idque
991 1953 1029 1982 de
1046 1957 1131 1983 Samo
1149 1960 1245 1989 pecu-

122 2011 240 2041 liariter
275 2020 315 2042 ex
345 2013 515 2043 Aristotele
548 2021 677 2044 testatur
705 2016 829 2046 Photius
857 2017 889 2046 in
923 2017 1003 2046 Lex.
1033 2025 1065 2047 ν.
1085 2014 1251 2055 Σαμίωνς

124 2075 154 2098 at
182 2069 314 2099 nimium
342 2077 488 2106 quantum
520 2071 564 2101 ibi
590 2074 693 2103 valere
717 2074 876 2110 paullatim
903 2073 1087 2111 inceperant
1109 2074 1249 2112 nobiles,

123 2125 169 2154 uti
190 2133 229 2155 ex
244 2130 331 2163 seqq.'
347 2135 480 2164 apparet.

163 2181 215 2221 (α)
235 2184 312 2213 Plut.
333 2186 400 2215 Per.
423 2196 471 2224 24.
494 2194 542 2223 sq.
565 2188 661 2218 Thuc.
685 2189 709 2219 1.
731 2197 797 2223 115·
822 2191 863 2220 cf.
884 2192 987 2222 Grocn
1009 2199 1068 2221 van
1086 2190 1252 2222 Priustercr

126 2247 243 2276 comm.
265 2248 302 2277 de
323 2245 485 2289 ἡγεμονίᾳ
507 2233 618 2282 Athen.
640 2260 672 2288 p.
693 2262 740 2288 13.
