1523 2745
448 161 960 207 LITERARIA.
1221 179 1271 214 71

144 271 197 309 nii
224 271 296 320 (Ι)
336 272 376 309 in
399 273 635 322 dijudicando
662 286 795 324 magno
837 276 919 314 viro
946 277 1154 323 monitum,
1196 289 1262 316 nec

144 341 351 379 deseruisse
389 354 540 380 aureum
572 345 758 382 Plutarchi
785 345 852 394 (2)
880 356 1131 394 praeceptum.
1183 348 1261 385 Pri-

143 421 244 448 mum
284 411 399 460 igitur
437 411 475 448 in
510 423 662 451 censum
703 416 868 451 vocanda
906 415 967 452 illa
1008 415 1131 452 omnia
1159 415 1258 465 (3),

142 481 282 529 quibus
318 482 450 530 populi
485 481 650 521 favorem
684 484 755 521 sibi
795 485 1035 531 conciliavit,
1065 497 1140 533 quo
1179 498 1261 524 mu·

141 551 244 588 nitus
270 551 464 590 Cimonem
493 561 530 590 et
560 553 818 602 Thucydidem
848 555 1012 592 aemulos
1039 555 1254 605 superavit:

144 632 237 668 quae
265 632 352 659 sane
379 622 411 661 si
446 633 491 660 ex
516 625 584 663 sua
621 626 752 662 natura
781 623 1066 662 considerantur
1096 635 1172 662 non
1210 636 1258 663 ex

81 719 86 727 .
141 699 308 740 tempore
341 701 377 730 et
410 693 569 731 consilio
607 704 642 731 et
681 696 841 742 persons
881 694 1071 740 auctoris,
1119 694 1258 743 impro-

140 762 260 801 banda
294 772 403 802 erunt
433 771 469 800 et
500 763 813 812 reprehendenda.
866 764 1054 802 Pei-tinent
1089 764 1162 801 huc
1197 775 1258 816 va—

141 832 216 870 riae
254 832 337 871 illae
367 836 497 882 μισθῶν
532 837 694 883 atavam
713 865 724 879 ,
777 833 872 872 festa
908 835 970 871 illa
1004 843 1040 871 et
1072 845 1257 882 pompae,

143 913 238 950 quae
277 904 400 940 omnia
437 903 547 941 Plato
578 904 647 952 (4)
674 902 890 951 cogitabat,
932 914 1047 950 quum
1073 902 1256 949 populum

141 984 163 1010 a
207 973 346 1010 Pericle
393 972 532 1011 factum
581 973 822 1010 contenderet
862 972 1033 1020 ignavum
1076 981 1116 1009 et
1161 972 1257 1009 iner-

141 1051 215 1081 tem
252 1051 290 1079 et
323 1043 515 1089 loquacem
542 1050 578 1079 et
602 1041 778 1090 pecuniae
803 1042 993 1089 cupidum.
1018 1067 1023 1069 -
1061 1042 1166 1091 Quae
1203 1053 1260 1078 te·

142 1111 342 1160 prehensio
369 1121 412 1150 ut
446 1112 515 1149 rite
549 1124 569 1149 a
610 1111 720 1149 nobis
759 1113 937 1160 perpendi
967 1112 1117 1160 possit,
1156 1122 1254 1159 opus

142 1189 201 1220 est
236 1190 279 1220 ut
313 1180 418 1230 prius
455 1182 601 1230 singula
627 1193 871 1230 exponamus,

650 1335 686 1382 ς.
729 1346 765 1383 3.

196 1500 295 1538 Inter
320 1501 503 1538 mercedes
540 1501 621 1550 illas
650 1513 670 1538 a
705 1502 844 1541 Pericle
885 1502 1081 1548 iuventas,
1121 1500 1259 1550 praeci-

148 1582 243 1619 puae
276 1576 366 1618 sunt
396 1571 580 1609 mercedes
604 1571 797 1620 judiciales
820 1580 856 1608 et:
881 1572 1037 1619 pecunia
1063 1572 1108 1609 ad
1134 1569 1259 1608 visen-

113 1631 117 1635 *
148 1640 194 1678 da
229 1642 454 1690 spectacula.
534 1642 694 1679 Athenis
726 1642 799 1679 hoc
842 1642 965 1689 ipsum
1012 1650 1087 1679 erat
1120 1641 1256 1679 civium

147 1711 371 1759 proprium,
398 1711 501 1759 quod
525 1711 598 1749 illis
619 1711 743 1749 liceret
765 1712 925 1764 comitiis
960 1712 1164 1758 interesse,
1191 1710 1262 1748 ibi-

148 1793 224 1829 que
252 1781 365 1819 verba
401 1780 521 1819 facere
570 1789 606 1819 et
643 1793 771 1820 causas
817 1782 942 1819 allatas
980 1782 1142 1830 judicare
1164 1780 1259 1828 (5):

149 1859 188 1889 at
221 1851 333 1889 simul
370 1851 488 1889 Solon
516 1851 743 1899 constituit,
795 1860 838 1888 ut
874 1863 918 1889 ex
956 1851 1001 1888 iis
1035 1850 1098 1898 qui
1138 1850 1289 1888 XXX..

1201 1930 1259 1957 ae-

187 2011 240 2047 (ι)
261 2011 403 2047 Heeren,
422 2009 535 2046 Ideexs,
555 2011 608 2040 111.
630 2018 663 2044 p.
687 2017 755 2044 223.

187 2071 347 2109 (2)P1ut.
373 2073 454 2103 Cim.
479 2084 508 2104 α.
525 2067 665 2113 Ὕλα-περ
690 2072 755 2113 γὰρ
784 2073 867 2109 τοῦς
895 2072 943 2105 τᾶ
968 2074 1064 2104 tucax
1092 2082 1120 2103 κ.
1148 2081 1181 2103 τ.
1208 2074 1243 2103 λ.

189 2130 242 2168 (3)
264 2131 345 2159 Plut.
366 2134 436 2161 Per.
455 2141 483 2167 9.
506 2139 554 2162 11.
1258 2131 1262 2134 ‘

189 2186 248 2226 (4)
263 2188 296 2216 ln
319 2188 456 2225 Gorgia,
477 2182 511 2226 μ’
531 2196 600 2224 515.
619 2191 657 2220 E.

187 2245 240 2284 (5)
262 2245 389 2275 Aristot.
408 2247 474 2276 Pol.
498 2246 554 2276 111.
586 2256 612 2278 ι.
