1502 2767
415 178 1108 229 ,THEOLOGICA-
1255 206 1306 255 n

196 269 486 336 lumniarentur‚
509 289 611 329 reive
633 292 867 335 Christianae
897 302 1171 347 promovendae
1192 303 1303 345 obes-

193 364 305 404 sent3
333 367 443 406 nam,
469 359 545 407 ait,
572 372 731 411 corpore
760 366 828 404 etsi
854 367 905 406 sit
932 369 1044 408 debili
1070 380 1107 409 et
1127 371 1301 421 infirmo,

191 433 339 474 tamen,
390 428 454 466 ubi
484 430 709 471 adversarios
740 436 920 484 castigare
958 450 1055 487 opus
1093 451 1178 490 est,
1232 445 1306 484 sibi

193 505 291 533 arma
311 497 435 537 aDeo
457 510 539 538 esse
564 512 764 552 concessa,
794 508 932 555 quibus
954 511 1074 550 omnia
1095 513 1227 553 valeat.
1251 536 1305 546 —

189 562 421 606 Intellexisse
444 569 592 608 videtur
616 584 737 622 arma,
778 577 917 624 quibus
943 579 981 617 in
1017 583 1186 631 Elymam
1225 586 1310 635 Hy·

193 644 382 675 menaeum
419 646 455 675 et
481 641 731 682 Alexandrum
767 658 857 686 usus
896 659 985 689 erat.
1040 653 1174 693 Paulus
1198 656 1306 696 etiam

193 703 233 742 h.
262 706 289 742 1.
319 718 366 744 ne
392 709 571 757 cogitasse
598 713 744 761 quidem
775 717 821 754 de
844 717 941 756 bello
970 721 1144 771 videtur,
1169 724 1208 762 id
1230 735 1311 765 tan-

189 783 269 813 tum
307 777 517 828 affirmans,
541 782 613 821 sibi
656 785 842 824 maleficos
879 790 1058 836 puniendi
1092 792 1306 835 facultatem

190 839 297 895 esse,
326 851 540 898 metaphora
574 856 698 894 sumta
731 857 776 894 ab
813 867 1008 899 armatura.
1035 883 1089 892 ·—-
1115 864 1194 902 Imo
1216 877 1308 905 veto

189 915 276 954 huic
310 920 397 957 loco
426 922 555 969 potius
581 924 836 971 argumentum
875 927 997 977 inest,
1025 943 1103 979 quo
1134 932 1220 972 belli
1239 937 1304 985 Jus

188 986 485 1039 demonstretur;
513 1002 596 1030 nam
640 993 722 1041 ipse
763 995 822 1033 hic
849 996 955 1035 locus
984 1009 1109 1048 aperte
1138 1003 1305 1054 indicat,

190 1055 256 1093 ubi
294 1058 487 1106 homines,
517 1069 593 1109 quo
632 1063 754 1102 minus
788 1067 881 1105 male
911 1079 1047 1119 agant,
1075 1072 1149 1110 leni
1179 1074 1310 1114 admo·

186 1125 329 1165 nitione
371 1131 532 1169 coerceri
571 1143 784 1184 nequeant,
837 1149 902 1177 eos
939 1139 978 1179 vi
1019 1144 1210 1192 cogendos
1248 1157 1308 1185 es·

188 1206 230 1234 se
255 1197 341 1247 (1).

237 1266 445 1308 Videamus
479 1282 526 1311 an
552 1272 684 1323 Jacobi
723 1275 836 1326 loco,
888 1292 997 1328 quem
1041 1284 1152 1323 nobis
1187 1286 1304 1337 obge-

184 1345 299 1383 runt,
350 1339 492 1387 aliquid
536 1341 655 1392 insit,
708 1358 785 1394 quo
823 1360 927 1390 suam
968 1355 1187 1395 sententiam
1228 1358 1300 1397 rite

185 1412 373 1448 tueantur.
447 1409 613 1459 Jacobus
649 1415 742 1454 hanc
782 1430 885 1458 suam
923 1421 1135 1471 Epistolam
1177 1438 1304 1476 popu-

181 1474 249 1513 lati
275 1478 442 1516 oratione
475 1482 678 1532 scriptam,
706 1489 856 1527 moralis
885 1492 1041 1531 maxime
1063 1497 1303 1545 argumenti,

183 1545 231 1582 ad
257 1546 496 1588 Christianos
526 1554 614 1591 olim
633 1554 795 1604 Judaeos
817 1561 996 1609 scripsit,
1024 1563 1062 1601 in
1087 1577 1158 1613 qua
1182 1579 1299 1615 quum

185 1625 251 1653 eos
288 1617 333 1654 ad
363 1620 576 1667 patientiam
617 1633 654 1662 et
693 1625 801 1666 fidem
840 1630 878 1667 in
917 1631 1056 1671 virtute
1088 1636 1302 1678 Christiana

181 1689 384 1728 exercenda
417 1693 697 1744 conspicuam,
738 1698 934 1749 variasque
968 1703 1116 1744 virtutis
1156 1707 1298 1757 species

181 1758 404 1807 excitasset,
458 1761 553 1801 inter
598 1765 668 1804 alia
711 1767 750 1815 in
790 1769 874 1807 lites
914 1784 1068 1822 quoque
1103 1785 1141 1815 et
1174 1778 1300 1829 rixas,

184 1838 280 1876 quae
316 1830 413 1870 inter
449 1845 546 1881 eos,
596 1837 641 1874 ad
675 1850 772 1886 quos
809 1840 933 1881 literas
969 1845 1094 1893 daret,
1143 1849 1301 1889 maxime

182 1900 346 1949 viguisse
383 1903 582 1953 videntur,
624 1908 683 1946 his
728 1910 852 1950 verbis
891 1913 1057 1954 invehit:
1106 1919 1209 1961 πόθεν
1237 1922 1304 1963 πό-
1336 1910 1345 1912 ζ

185 1981 287 2020 aanor
322 1975 383 2013 καὶ
418 1976 545 2025 μάχαι
585 1979 621 2018 ἐν
657 1982 764 2029 ὑμῖνὸ
810 1986 872 2024 οὐκ
920 1987 1076 2029 ἐντεῦθεν
1089 2003 1108 2035 ,·
1151 1991 1192 2030 ἐκ
1231 1996 1302 2034 τῶν

185 2043 306 2088 ἡδονῶν
328 2046 422 2092 ὑμῶν
449 2050 518 2086 τῶν
542 2052 826 2098 στρατευομένων
844 2054 879 2094 ἐν
911 2061 983 2101 τοῖς
1009 2057 1155 2105 μέλεσιν
1176 2062 1303 2109 ὑμῶς,

1223 2133 1301 2172 ἑπι-

219 2206 372 2246 (1)C1'rr.
407 2212 592 2249 Mosche,
628 2214 870 2254 Btjbelvrsena,
906 2217 997 2250 Tom.
1040 2222 1094 2252 111.
1130 2231 1199 2261 pag.
1228 2232 1296 2262 aaa·

184 2266 378 2304 Grotius,
399 2267 437 2296 de
459 2270 489 2307 J.
514 2271 550 2300 Β.
573 2278 608 2300 ac
627 2271 662 2302 P.
683 2280 751 2308 pag.
773 2282 823 2311 ⁵9·
843 2282 876 2305 et
899 2276 1035 2315 Interpp.
