1564 2750
303 178 356 214 65
586 146 1088 217 ‘coMMffLr'n

308 291 390 321 rent
419 281 519 331 (132
563 280 627 316 sed
656 278 793 315 incerta
832 275 927 312 fama
953 276 1091 320 ‚cedere
1134 277 1241 313 debet
1278 275 1425 314 diserto

310 350 498 390 Plutarchi
534 347 764 385 testimonio.
816 346 889 382 Hic
917 345 1060 382 scilicet
1098 344 1213 382 refert
1241 345 1333 394 (2),
1363 346 1431 383 Pe-

315 421 437 459 riclem
476 418 647 456 noluisse
684 428 813 465 saepe,
866 416 1008 463 populo
1047 425 1228 468 rogante,
1278 409 1429 464 dicere,

316 501 429 536 quum
459 499 534 526 non
567 482 807 536 praeparatus
833 494 960 533 esset;
986 494 1023 523 et
1059 485 1147 523 alibi
1188 486 1256 535 (3)
1283 496 1431 534 narrat,

315 559 607 597 Demosthenem
635 557 728 594 illud
762 556 884 603 ipsum
915 555 953 592 in
987 567 1031 592 eo
1063 556 1269 594 laudavisse
1291 566 1326 594 et
1349 556 1432 594 imi-

315 636 431 666 tatum
455 627 597 673 fuisse,
627 626 728 673 quod
761 636 838 663 non
863 625 908 662 de
929 625 1031 662 omni
1068 636 1108 663 re
1145 637 1190 663 ex
1226 626 1432 675 improviso

311 699 466 737 diceret.
519 698 610 735 Non
631 696 778 741 obstat,
807 697 910 742 quod
941 703 1088 732 constet
1109 694 1179 744 (4)
1196 722 1210 741 ‚
1237 707 1319 734 eum
1339 696 1435 735 fuis-

316 780 357 805 se
399 776 545 804 cautum
585 765 623 803 in
663 765 847 812 dicendo,
902 773 938 802 et
977 774 1173 812 antequam
1225 766 1433 814 ordiretur,

316 839 418 876 Deos
463 847 592 884 rogare
625 836 778 873 solitum
797 862 810 882 ,
837 846 884 872 ne
923 835 1025 882 quod
1051 835 1206 873 verbum
1228 835 1302 884 ipsi
1336 836 1435 875 exci-

317 907 418 944 deret
445 905 567 943 minus
598 907 644 943 ad
670 917 744 942 rem
775 913 1002 952 praesentem
1041 914 1183 952 aptum.
1236 905 1302 943 Illa
1339 905 1434 943 enim

318 986 394 1013 erat
440 984 607 1014 veterum
645 974 847 1032 Oratorum
887 976 1150 1022 consuetude,
1189 984 1232 1015 ut
1268 984 1435 1014 accurate

320 1046 606 1092 meditarentur,
635 1056 728 1092 quae
753 1044 943 1091 dicerent,
969 1045 1075 1093 plura
1096 1057 1184 1083 vero
1210 1045 1434 1094 adjicerent,

321 1127 416 1163 quae
450 1127 507 1152 res
542 1115 621 1162 ipsa
665 1115 897 1162 postularet3
945 1125 1027 1151 raro
1068 1114 1123 1151 illi
1167 1114 1352 1153 orationes
1391 1115 1436 1152 de

321 1185 462 1233 scripto
495 1184 694 1222 recitabant
722 1183 819 1233 (5);
849 1183 966 1221 rarius
993 1191 1128 1221 temere
1154 1183 1192 1221 iu
1218 1193 1436 1233 suggestum

321 1255 556 1293 advolabant.
610 1254 664 1290 Ita
698 1253 859 1299 denique
893 1252 1033 1300 aliquid
1058 1252 1216 1290 fortasse
1244 1254 1321 1291 veri
1347 1256 1438 1294 sub-

325 1333 382 1361 est
406 1323 454 1361 iis
474 1351 488 1370 ,
525 1333 619 1370 quae
642 1322 783 1358 ironice
815 1322 986 1360 Socrates
1020 1323 1119 1369 apud
1155 1323 1341 1362 Platonem
1369 1326 1438 1374 (6)

321 1392 501 1438 affirmat,
554 1391 750 1438 Aspasiam
800 1392 1010 1430 instituisse
1059 1392 1182 1430 bonos
1233 1393 1437 1444 Oratores,

322 1473 515 1509 unumque
559 1462 668 1508 longe
707 1460 912 1509 principem
959 1461 1188 1500 Graecorum
1222 1462 1439 1513 Periclem,

322 1531 529 1579 Xanthippi
569 1531 707 1569 filium.

361 1652 413 1688 (ι)
434 1653 575 1682 Philostr.
599 1654 620 1682 l.
644 1655 666 1682 l.

360 1709 414 1744 (2)
436 1711 513 1738 Piut.
537 1710 574 1737 de
593 1709 649 1738 lib.
669 1710 758 1738 educ.
780 1710 816 1737 C.
840 1718 870 1747 9.
895 1706 924 1747 §-
944 1721 989 1741 ιε.

362 1766 414 1801 (3)
436 1766 480 1794 ld.
501 1766 531 1794 in
555 1767 715 1795 Demosrh.
737 1770 766 1796 6.

359 1823 415 1860 (4)
436 1825 477 1851 Id.
498 1827 564 1853 Per.
588 1828 616 1853 8.
641 1823 734 1858 Reip.
754 1831 818 1857 ger.
842 1827 946 1854 Praec.
968 1834 998 1860 p.
1021 1830 1096 1861 303.

363 1877 414 1916 (5)
436 1880 566 1908 Romani
594 1888 675 1908 certe
707 1883 850 1909 Oratores
870 1890 931 1910 non
964 1883 1021 1911 nisi
1054 1884 1094 1912 ob
1117 1884 1161 1912 rei
1190 1885 1436 1919 magnitudinem.

329 1936 394 1964 Cic.
417 1945 448 1970 p.
479 1937 599 1966 Plancio
624 1947 672 1971 50.
694 1946 727 1971 p.
747 1938 850 1966 sextio
872 1940 920 1967 61.

365 1993 416 2029 (ω’)
439 1995 470 2020 ln
493 1995 616 2022 Menex.
637 2003 667 2028 p.
689 2003 758 2029 235·
783 1996 816 2022 F
838 1996 879 2023 ct'.
905 1997 983 2024 Plut.
1006 1997 1074 2026 Per.
1098 2007 1195 2034 24.—-
1216 1997 1337 2026 Diserte
1362 2007 1438 2034 quo-

329 2064 387 2091 que
414 2058 512 2085 schol.
537 2058 572 2084 ad
591 2055 744 2091 Aristoph.
768 2059 898 2086 Acharn.
928 2067 958 2086 v.
980 2062 1046 2091 526-
1067 2059 1149 2088 illam
1174 2060 1298 2090 Periclis
1319 2055 1439 2100 σοφίς-

330 2127 424 2157 τριῶν
452 2116 510 2149 καὶ
538 2113 746 2151 διδάσκαλον
775 2117 886 2160 λόγων
918 2117 1092 2160 ῥητορικῶν
1119 2123 1264 2157 appellat.

1357 2307 1441 2346 GA-
