1502 2767
396 141 999 185 THEOLOGICA·
1187 146 1260 193 169

147 253 345 302 utriusque
368 254 524 292 salutem
553 265 595 292 ac
630 255 827 295 commoda
863 264 995 302 augere
1018 252 1091 312 (ι)
1107 280 1122 300 ,
1149 261 1263 302 atque

146 325 301 373 socios„
327 325 407 364 sive
425 324 691 372 Christianos,
720 326 801 363 sive
826 325 991 362 nondum
1017 322 1164 362 Christi
1190 334 1260 361 no·

143 406 228 434 men
250 394 494 445 profitentes,
520 395 688 434 moribus
707 395 873 433 imbuere
892 394 1177 433 humanioribus
1196 405 1261 432 co·

140 473 254 504 natur
277 464 366 515 (2).
419 464 527 503 Talia
550 465 801 510 docet,hodie
836 466 1005 514 populos·
1037 466 1257 513 Europaeos

129 534 201 583 jus
229 536 397 585 gentium
421 534 504 585 (3).

191 604 351 643 Nullum
385 613 566 654 pactum,
615 605 716 644 bello
754 605 887 654 finito,
939 606 1112 655 apparuit
1138 618 1255 656 exop-

140 675 284 724 tatius,
332 687 442 724 quam
488 675 604 724 illud,
661 676 765 724 quod
816 686 890 715 tres
934 677 1110 725 Europae
1154 678 1258 726 prin-

138 744 242 794 cipes
273 745 462 794 Russiac,
488 746 688 786 Borussiaa
725 756 761 784 et
796 747 1010 795 Austriae,
1049 746 1149 785 bello
1179 759 1263 797 ges·

140 823 208 863 to,
261 813 301 854 in
335 827 414 864 quo
458 815 515 854 illi
550 827 756 864 eorumque
796 817 892 854 socii
931 817 1154 862 dimicarunt
1188 830 1260 867 pro

138 883 317 934 Europae
362 885 562 933 libertate,
618 885 780 923 inierunt
837 885 987 924 Parisiis
1039 888 1093 935 (a.
1147 890 1260 936 1815.

142 966 193 994 m.
224 955 409 1004 Septsd.
450 955 556 1004 26.).
613 955 759 1004 Singuli
801 955 974 994 videlicet
1014 968 1097 994 sese
1135 967 1262 995 sancte

138 1023 423 1063 obstrinxerunt
448 1025 495 1062 ad
526 1024 671 1063 Christi
708 1025 912 1064 doctrinam
948 1033 1124 1073 tanquam
1164 1027 1263 1066 vitae

138 1105 303 1132 normam
342 1103 494 1134 strenue
531 1095 773 1142 sequendam.
843 1095 934 1133 Sese
974 1095 1132 1134 invicem
1182 1106 1263 1135 tan-

139 1175 249 1213 quam
292 1164 425 1204 fratres
471 1176 591 1202 amare
638 1165 869 1212 voluerunt,
922 1165 960 1202 in
999 1177 1090 1215 pace
1132 1166 1260 1206 vivere

138 1235 349 1283 perpetua,
372 1243 422 1279 et,
441 1245 518 1272 non
550 1234 701 1282 longius
728 1233 936 1272 inimicitiis
973 1235 1168 1284 odioque,
1195 1247 1262 1274 ve-

140 1317 220 1343 rum
260 1304 407 1354 justitia
444 1313 481 1343 et
510 1303 661 1342 caritate
696 1304 809 1353 duci,
849 1316 934 1342 cum
973 1305 1012 1342 in
1049 1306 1160 1355 rebus
1194 1307 1264 1344 do-

141 1374 334 1422 mesticis,
359 1383 437 1413 tum
465 1375 504 1413 in
537 1373 713 1413 faciendis
754 1374 970 1413 foederibus
1005 1376 1092 1424 (4).
1146 1378 1266 1415 Pluri-

141 1444 192 1482 mi
216 1444 403 1494 principes
429 1444 518 1483 huic
558 1454 667 1494 pacto
702 1445 878 1495 deinceps
905 1456 1146 1484 accosserunr
1173 1447 1260 1498 (5).

1153 1520 1260 1570 Quae

178 1591 233 1630 (ι)
254 1592 324 1621 Hoc
349 1591 480 1620 consilio
514 1591 658 1621 articulus
688 1592 803 1628 primus
835 1593 917 1628 pacti
951 1595 1156 1631 Westphalici
1188 1605 1262 1625 con-

141 1649 272 1686 scriptus
298 1656 356 1678 est.
396 1649 447 1678 cf.
469 1650 683 1684 Woltman,
704 1651 728 1679 1.
749 1651 772 1679 1.
796 1651 930 1687 Anhang
957 1660 989 1686 p.
1017 1662 1028 1682 1
1050 1659 1079 1680 et
1097 1662 1146 1689 74.

179 1708 231 1744 (a)
252 1706 301 1735 Sic
329 1707 450 1736 Batavi
472 1714 540 1735 cum
560 1707 718 1734 Maroccis
745 1716 773 1736 a.
803 1715 888 1743 1777.
910 1716 1016 1743 pacem
1035 1708 1168 1738 inierunt
1188 1712 1260 1746 (De

140 1762 337 1799 Martens,
368 1765 444 1792 Rec.
471 1764 496 1792 1.
529 1772 562 1798 p.
591 1765 699 1801 6240,
731 1765 828 1793 Russi
859 1773 928 1794 cum
964 1768 1075 1795 Turcis
1110 1776 1138 1796 a.
1176 1778 1260 1805 1792.

139 1822 215 1858 (1.1.
233 1821 274 1850 V.
290 1823 382 1856 p.68.
400 1827 456 1850 art.
469 1820 515 1857 ι.)
533 1828 623 1856 atque
642 1821 742 1857 Angli
763 1823 943 1859 Batavique
962 1832 1029 1851 cum
1039 1826 1258 1861 Algcrensium

142 1876 267 1906 civitate
285 1885 312 1905 a.
334 1880 418 1908 1816.
440 1876 631 1913 (Kluber,
651 1879 731 1906 Acte
751 1879 801 1906 des
819 1881 1112 1917 Winer-Congresf
1124 1883 1149 1911 1.
1171 1885 1262 1922 p.8.)

179 1934 233 1971 (3)
255 1934 314 1963 eff.
335 1935 507 1970 Kluber,
528 1935 740 1970 schmalz.,
762 1943 793 1964 et
814 1938 1095 1974 Schmeltzing
1116 1940 1180 1968 inl.
1198 1942 1222 1970 1.

179 1991 232 2028 (4)
253 1995 374 2022 Pactum
400 1992 501 2027 ipsum
531 1990 666 2020 inveniri
691 1999 795 2027 potest
816 1992 848 2020 in
879 1994 975 2023 Orat.
1000 1997 1079 2026 laud.
1105 1997 1264 2027 clarissimi

140 2057 171 2078 v.
193 2050 369 2086 Voorst‚
394 2049 468 2077 nota
484 2050 516 2077 b.
533 2049 586 2077 vd.
614 2049 706 2077 etiam
730 2051 1209 2088 schmeltzing,1.1.111.
1227 2064 1260 2092 p.

143 2115 210 2142 373·
228 2107 303 2136 nota
320 2115 351 2143 4.
372 2114 405 2141 p.
428 2113 497 2142 374·
521 2106 594 2134 nota
615 2114 645 2142 7.

178 2161 235 2198 (5)
253 2162 430 2198 Principum
453 2162 595 2198 nomina,
620 2163 672 2198 qui
698 2165 768 2191 huic
792 2173 880 2200 pacto
906 2174 1115 2204 accesserunt,
1139 2177 1260 2199 enume-

142 2226 186 2249 nt
209 2221 250 2248 cl.
272 2228 344 2248 van
372 2220 517 2250 Voorst
534 2222 632 2255 ,1.1.
656 2223 728 2249 nota
752 2230 798 2258 ¹3·
