1564 2750
328 167 374 203 34
555 138 1213 187 COMMENTATIO

328 265 450 300 detur.
506 259 631 301 Haec,
661 268 704 294 ex
730 255 981 293 urbeMileto
1020 255 1200 300 oriunda,
1239 252 1437 302 populares

336 341 425 369 suos
462 339 582 366 coram
617 327 754 365 Pericle
789 324 998 363 defendisse
1035 324 1252 370 dicebatur,
1297 323 1443 371 expedi·

335 400 548 444 tionemque
590 405 718 433 contra
764 395 908 432 Samios
945 395 1023 444 ejus
1069 393 1241 441 precibus
1279 393 1442 432 effectam

334 480 443 514 esse,
479 467 594 513 vulgo
635 464 815 502 creditum
853 473 924 503 est.
978 465 1172 513 Negarunt
1203 473 1323 502 autem
1349 463 1454 502 illud'

333 537 513 586 plurimi,
542 536 640 572 inter
666 546 762 581 quos
785 535 953 572 Assenus
971 562 983 581 ,
1006 535 1057 574 V.
1085 535 1135 573 C.
1165 534 1263 584 (1);
1291 545 1446 582 eamque

337 619 413 644 rem
438 605 527 643 alibi
553 605 707 642 ulterius
733 616 1027 653 persequemur3
1057 616 1155 643 nunc
1185 616 1273 642 vero
1308 605 1446 642 bellum

335 677 464 724 ipsum
496 674 791 713 consideremus.
1119 676 1123 682 ‘

391 744 666 783 Recusantibus
711 743 826 792 igitur
879 743 1010 782 Samiis
1047 755 1068 782 a
1101 743 1200 782 bello
1241 744 1449 795 desistere,

344 814 592 852 Athenienses
644 811 749 852 sexto
791 822 880 862 post
928 814 1000 863 icta
1047 813 1196 852 foedera
1241 815 1452 854 tricennalia

341 895 461 930 ann0,
495 883 667 920 Periclem
706 882 744 919 in
780 883 873 920 hanc
904 882 1062 920 insulam
1091 883 1303 933 miserunt3
1357 882 1453 932 qui,

343 965 458 1000 quum
485 964 529 988 eo
550 952 740 999 venisset,
769 952 1026 990 democratiam
1053 953 1238 1001 restituit,
1268 954 1453 1002 quinqua-

344 1024 444 1070 ginta
463 1033 600 1070 pueros
625 1022 855 1069 totidemque
883 1022 988 1062 viros
1011 1021 1163 1060 obsides
1187 1022 1342 1062 abduxit
1357 1051 1372 1071 ‚
1399 1033 1454 1063 at·

343 1103 418 1139 que
445 1090 484 1128 in
511 1091 631 1130 insula
662 1091 807 1129 Lemno
841 1092 1044 1140 deposuit,
1072 1093 1243 1131 custodia
1272 1092 1326 1131 ibi
1351 1094 1456 1132 relic·

344 1172 405 1207 ια’,
463 1160 601 1208 quibus
648 1161 755 1199 factis
799 1162 874 1199 cito
918 1162 1068 1199 domum
1117 1162 1241 1201 rediit.
1313 1163 1455 1202 Interea

345 1230 514 1267 nonnulli
556 1241 576 1266 e
618 1229 774 1277 Samiis,
829 1230 895 1277 qui
932 1241 979 1269 ex
1023 1231 1145 1270 insula
1182 1232 1454 1284 discesserant,

347 1309 431 1334 cum
467 1297 744 1345 potentioribus
779 1298 832 1335 ibi
867 1299 986 1336 adhuc
1011 1300 1255 1349 degentibus,
1293 1314 1335 1341 ac
1375 1304 1456 1344 Pis-

347 1368 486 1405 Suthne
516 1367 635 1414 Regio
651 1367 864 1414 Praefecto,
893 1368 1105 1407 societatem
1135 1370 1297 1409 inierunt
1309 1373 1355 1412 ad
1373 1385 1456 1412 mu·

350 1423 494 1473 tandam
521 1437 559 1473 in
595 1438 703 1474 Samo
738 1438 925 1486 regiminis
962 1438 1132 1482 formam.
1170 1440 1344 1489 Deinde,
1372 1454 1459 1492 sep·

351 1506 510 1554 tingenti
540 1518 693 1544 numero
719 1507 757 1544 in
784 1507 941 1545 insulam
971 1509 1140 1558 trajecti,
1176 1510 1466 1563 democraticamr

352 1574 549 1613 factionem
586 1576 837 1625 subegerunt,
864 1577 1137 1627 obsidibusque
1161 1591 1182 1616 e
1208 1580 1354 1620 Lemno
1379 1593 1463 1620 sur-

350 1645 497 1692 reptis,
540 1647 656 1693 palam
687 1647 732 1684 ab
768 1648 1059 1687 Atheniensibus
1096 1649 1338 1698 defecerunt,
1375 1662 1462 1691 cus-

353 1713 505 1750 todibus
544 1714 894 1763 magistratibusque
937 1728 1035 1765 quos
1086 1719 1332 1759 Athenienses
1375 1722 1460 1759 reli-

356 1793 532 1828 querant,
574 1785 761 1822 Pissuthni
789 1785 957 1834 traditis;
999 1796 1035 1825 et
1067 1789 1177 1826 simul
1207 1790 1251 1827 ad
1284 1790 1460 1830 Miletum

355 1853 637 1900 oppugnandam
687 1866 767 1891 sese
806 1868 934 1903 parare
985 1868 1217 1905 coeperunt,
1271 1860 1461 1909 Byzantiis

359 1922 463 1959 etiam
489 1925 746 1970 persuadentes
763 1954 774 1972 ,
802 1935 843 1963 ut
871 1938 996 1964 seeum
1017 1939 1087 1966 una
1107 1928 1316 1968 deficerent.
1347 1930 1462 1981 Quod

361 2001 401 2028 ut
449 1994 694 2032 Athenienses
731 1996 982 2043 resciverunt,
1035 1999 1154 2041 statim
1186 1999 1360 2038 Periclem
1395 2001 1464 2039 ite-

1379 2083 1397 2108 1·
1400 2083 1463 2109 um

396 2156 445 2193 (ι)
471 2159 503 2186 ln
522 2159 628 2187 libello
649 2154 841 2189 (nstitutum
875 2163 1011 2192 Perikles
1040 2171 1095 2190 van
1125 2165 1262 2199 Athene,
1282 2165 1355 2200 Bag·
1377 2168 1465 2196 com.

363 2215 442 2248 1819.
475 2222 507 2248 p,
534 2225 580 2251 34.
