1502 2767
363 165 958 207 THEOLOGICA.
1168 165 1215 201 75

121 279 222 322 tibus
256 277 506 325 accesserint,
554 287 600 315 ex
626 275 746 315 animo
782 275 1006 314 confidentes
1034 282 1115 310 sese
1141 272 1213 311 Dei

120 351 306 390 voluntati
335 348 616 396 adversaturos,
661 348 694 385 si
721 347 862 385 :bellum
901 355 1089 395 gererent:
1140 359 1220 386 om-

119 431 214 469 nes,
241 419 307 470 qui
334 430 433 457 arma
464 417 638 468 capiant,
664 427 742 456 non
774 428 886 467 posse
919 427 996 455 non
1033 418 1114 456 Deo
1142 417 1217 455 dis-

120 490 273 540 plicere.
1162 486 1164 489 ’

170 559 300 600 Nobis
325 560 399 610 J’am
428 558 637 606 incumbit,
668 567 711 596 ut
739 557 901 596 veritatis
931 557 1056 596 studio
1092 558 1221 606 ducti,

124 629 306 671 historico
331 652 349 659 -
374 628 642 678 grammaticam
689 627 1050 676 interpretationem,
1114 639 1224 676 quam

127 710 238 738 unam
271 710 391 738 veram
417 709 499 738 esse
522 698 684 736 unanimi
707 708 891 736 consensu
925 709 1054 736 omnes
1085 699 1229 747 sapien-

129 777 187 807 tes
223 777 432 816 testantur,
483 776 705 816 sequentes,
745 769 935 817 diligenter
978 769 1229 816 inquiramus,

129 846 254 875 utrum
280 837 567 876 adversariorum
595 847 806 886 argumenta
839 841 1009 885 valeant,
1045 849 1112 877 nec
1141 851 1202 878 ne.

179 909 388 956 Antequam
426 919 514 946 vero
538 919 581 945 eo
605 917 855 954 transeamus,
884 909 1095 946 historicam
1127 910 1230 948 lubet

129 977 322 1016 instituere
358 976 665 1025 inquisitionem,
715 978 810 1014 unde
850 976 1019 1015 homines
1056 979 1101 1016 ad
1136 979 1228 1016 hanc

130 1047 343 1096 opinionem
369 1048 415 1085 de
435 1047 534 1084 bello
547 1075 559 1094 ,
584 1046 800 1086 Christiano
821 1047 963 1085 homini
985 1048 1080 1085 haud
1101 1049 1202 1086 licito
1217 1077 1230 1096 ,

130 1116 390 1167 pervenerint,
433 1125 469 1155 et
506 1117 663 1164 deinde,
690 1125 733 1155 ut
759 1117 932 1155 brevitati
965 1119 1229 1165 consulamus,

131 1186 221 1225 duas
251 1185 485 1235 praemittere
511 1186 701 1225 universas
729 1186 1020 1227 observationes.

629 1327 664 1377 ἓ.
704 1345 740 1372 2.

249 1461 444 1511 Inquisitio
477 1461 654 1499 historica
670 1489 684 1508 ,
712 1461 882 1511 quomodo
908 1462 1064 1502 hominos
1092 1463 1145 1501 ad

320 1532 520 1580 opinionem
545 1530 589 1568 de
614 1530 729 1578 bello,
770 1531 982 1571 Christiano
1008 1535 1068 1571 ho-

375 1601 466 1638 mini
490 1600 592 1638 haud
615 1601 714 1639 licito
727 1628 739 1649 ,
764 1605 1013 1652 pervenerint.

189 1748 249 1786 Ex
283 1747 357 1795 iis,
384 1760 477 1796 quae
514 1751 626 1788 modo
663 1753 926 1803 exhibuimus,
953 1768 1130 1808 apparet,
1157 1772 1243 1800 sen-

141 1817 298 1864 tentias,
326 1829 418 1866 quas
451 1818 587 1869 singuli
619 1821 791 1871 deInceps
827 1825 975 1865 diverso
1011 1836 1177 1877 tempore
1202 1830 1240 1868 in
1282 1854 1283 1857 =

134 1887 299 1931 *medium
342 1890 600 1938 protulerunt,
630 1892 702 1930 huc
731 1894 876 1942 redire,
905 1896 1102 1937 nimirum:

194 1968 228 1996 1.
258 1958 297 1996 in
327 1969 440 2006 regno
478 1960 702 2009 Messiano,
743 1976 812 2011 pro
843 1965 1027 2014 spirituali
1068 1970 1148 2018 eJ'us
1182 1969 1245 2007 in-

141 2027 250 2076 dole,
279 2029 397 2075 gladio
422 2029 479 2067 uti
503 2041 580 2069 non
610 2033 758 2082 decere3
790 2035 877 2083 quia

189 2110 227 2135 2.
256 2099 470 2137 Christiano
500 2101 575 2139 vim
601 2105 775 2151 repellere
801 2105 898 2145 haud
927 2108 1037 2158 licet3
1068 2122 1183 2158 quum

195 2178 230 2214 3.
251 2167 361 2215 Jesus
399 2181 554 2219 omnes,
592 2171 761 2213 inimicos
800 2189 974 2227 quoque,
1013 2192 1135 2220 amore
1165 2195 1241 2221 am·

144 2236 254 2284 plecti
278 2238 430 2287 iusserit-
465 2242 725 2292 integerrim03
756 2246 845 2293 quin

1136 2338 1173 2372 4.
1201 2326 1243 2363 In
