1523 2745
347 210 421 246 204
498 196 753 237 COMM.
808 196 1314 243 LITERARIA.

343 307 396 345 ita
416 315 458 345 ut
476 307 720 346 Athenienses
740 307 900 346 Anaeam
922 308 1085 356 aggressi
1107 308 1258 353 fuerint.
1296 310 1444 361 Quodsi
1492 293 1498 301 ¹

343 377 442 416 enim
466 388 672 427 anonymus
699 377 900 427 Sophoclis
925 378 1020 417 vitae
1045 379 1205 427 scriptor
1240 380 1445 421 Samiorum

341 448 630 487 Aristocraticos
643 448 801 486 indicare
814 447 1019 495 voluisset,
1035 449 1099 496 qui
1125 449 1283 497 primum
1299 461 1318 488 e
1333 451 1443 494 Samo

341 519 504 557 Anaeam
529 517 707 567 profugi,
736 518 866 559 deinde
898 519 935 556 in
949 519 1103 566 patriam
1135 519 1288 567 reversi,
1314 528 1442 558 contra

340 588 587 627 Athenienses
614 589 751 626 bellum
773 588 967 636 gerebant:
996 600 1086 627 usus
1113 589 1282 638 profecto
1306 588 1444 628 fuisset

339 657 468 696 iisdem
495 658 617 696 verbis
631 685 644 704 ‚
673 658 811 706 quibus
834 658 1076 708 Thucydides
1092 660 1159 708 (ι)
1183 659 1222 698 in
1240 660 1351 699 simili
1374 671 1441 709 τες

336 736 582 775 vocassetque
605 739 668 765 eos
699 731 779 773 τοὺς
812 730 969 778 Σαμίους
989 731 1030 777 ἐξ
1053 728 1201 770 Ἀναίων
1224 729 1442 779 (Thucydi-

335 798 399 836 des
425 797 521 835 enim
552 797 669 835 utitur
704 799 838 846 plurali
852 807 984 836 neutro
1011 798 1079 847 (9.)
1107 798 1170 837 ubi
1204 800 1316 838 ceteri
1349 800 1442 839 scri-

333 867 430 906 bunt
449 870 512 914 τὴν
531 866 716 916 Ἀναίων).
750 867 793 906 In
823 867 1065 915 sequentibus
1089 879 1178 907 vero
1207 880 1227 907 a
1250 868 1440 908 Boeckhio

333 938 574 977 recedendum
587 948 667 985 est,
684 945 720 975 et
734 937 950 986 recipiemus
974 949 1046 976 nos
1067 938 1200 978 iterum
1223 938 1272 978 ad
1284 939 1441 978 Suever-

335 1007 462 1057 nium;
491 1008 584 1055 qui,
613 1008 700 1045 licet
722 1018 799 1046 non
829 1017 902 1046 tam
924 1008 1060 1047 diserte
1101 1008 1256 1047 Seidleri
1293 1010 1442 1058 conjec-

334 1086 450 1115 turam
467 1105 479 1124 ‚
494 1080 577 1127 πρὸς
601 1080 680 1123 τοὺς
702 1080 860 1127 Σαμίους
874 1106 887 1126 ,
903 1090 971 1126 pro
994 1081 1077 1128 πρὸς
1095 1079 1242 1121 Ἀναίαν
1263 1081 1322 1117 vel
1333 1083 1440 1121 Ἀναι-

336 1146 670 1195 νίους,ἰῑηρι·οὶ)εῑ,
695 1156 818 1186 tamen
846 1159 922 1185 eam
946 1148 1066 1186 minus
1094 1159 1179 1187 esse
1198 1149 1436 1188 necessariam

336 1216 514 1255 ostendit.
589 1216 705 1255 Prior
750 1228 838 1254 vero
878 1225 1008 1255 contra
1055 1218 1198 1256 Samios
1251 1218 1437 1267 expeditio

333 1287 456 1325 minus
490 1294 575 1336 apte
601 1287 756 1334 πόλεμος
783 1289 866 1334 πρὸς
898 1288 1044 1327 Ἀναίαν
1073 1286 1147 1323 dici
1184 1295 1331 1335 potest:
1372 1289 1440 1328 mi-

331 1356 435 1395 noris
474 1358 569 1393 enim
597 1355 772 1393 momenti
804 1355 973 1393 videntur
1001 1365 1239 1404 argumenta,
1256 1380 1259 1382 v
1276 1368 1370 1405 quae
1391 1359 1438 1397 ad

331 1427 419 1465 haec
445 1425 633 1474 probanda
664 1436 683 1462 a
700 1424 888 1462 Boeckhio
917 1426 1023 1463 allata
1053 1433 1156 1464 sunt.
1211 1425 1338 1476 Quum
1357 1427 1433 1477 lis,

330 1496 481 1544 inquit,
519 1503 617 1533 esset
645 1495 690 1532 de
724 1494 881 1541 Priene,
923 1495 1070 1533 Anaeae
1101 1496 1226 1534 vicino
1263 1497 1431 1546 oppido,

332 1567 423 1616 quid
447 1565 551 1615 prius
575 1564 736 1602 fecerint
765 1565 1010 1608 Athenienses
1028 1593 1040 1612 ‚
1065 1565 1227 1604 Milesiis
1253 1568 1433 1606 auxilian-

331 1645 387 1674 tes
400 1663 412 1682 ,
432 1646 539 1683 quam
556 1643 596 1672 ut
612 1634 793 1682 regionem
819 1634 935 1681 ipsam
949 1661 962 1681 ,
974 1634 1018 1671 de
1030 1646 1102 1682 qua
1116 1644 1298 1676 certamen
1311 1647 1409 1676 esset
1422 1666 1436 1686 ‚

330 1704 505 1746 hostibus
525 1704 682 1752 >eripere
717 1703 970 1742 conarentur?
1005 1704 1112 1754 Quae
1150 1705 1318 1755 speciosa
1349 1718 1437 1745 sane

330 1773 597 1823 argumentatio
624 1771 808 1810 refutatur
841 1773 1057 1812 testimonio
1086 1774 1295 1824 Plutarchi,
1326 1777 1437 1815 Thu·

330 1844 471 1894 cydidis
495 1852 530 1881 et
567 1842 749 1889 Diodori,
778 1843 873 1890 qui,
911 1855 1132 1891 quamquam
1174 1846 1211 1883 in
1247 1847 1435 1894 posterio-

329 1915 380 1953 ris
427 1910 672 1962 expeditionis
708 1911 942 1959 expositione
990 1913 1214 1953 mentionem
1256 1914 1433 1955 facientes

328 1984 495 2031 itineris,
537 1982 638 2029 quod
673 1981 834 2019 Pericles
866 1981 905 2020 in
935 1983 1080 2024 Cariam
1122 1996 1163 2022 ac
1204 1986 1288 2024 dein
1313 1988 1432 2026 Phoe·

329 2053 474 2093 nicibus
491 2051 636 2090 obviam
649 2050 737 2089 fecit
751 2077 764 2098 ,
786 2062 913 2090 omnes
926 2061 1046 2092 tamen
1059 2053 1171 2093 altum
1186 2055 1374 2095 silentium
1386 2059 1432 2097 de

1335 2127 1437 2176 prio-

369 2226 421 2262 (ι)
441 2224 512 2254 Lib.
534 2224 585 2253 111.
603 2219 670 2258 cap'.
693 2229 742 2258 32.

372 2280 424 2318 (ε)
444 2280 535 2309 conf.
557 2280 691 2316 interpp.
713 2279 748 2307 ad
767 2279 789 2308 1.
800 2280 821 2308 l.
843 2286 871 2307 et
893 2280 942 2311 111.
966 2287 1012 2316 19.
