<?xml version="1.0" encoding="UTF-8"?>
<!DOCTYPE html PUBLIC "-//W3C//DTD XHTML 1.0 Transitional//EN"
    "http://www.w3.org/TR/xhtml1/DTD/xhtml1-transitional.dtd">
<html xmlns="http://www.w3.org/1999/xhtml" xml:lang="en" lang="en">
 <head>
  <title>
</title>
<meta http-equiv="Content-Type" content="text/html;charset=utf-8" />
  <meta name='ocr-system' content='tesseract 3.04.00' />
  <meta name='ocr-capabilities' content='ocr_page ocr_carea ocr_par ocr_line ocrx_word'/>
</head>
<body>
  <div class='ocr_page' id='page_1' title='image "annalesacademiae33rhen_0425.png"; bbox 0 0 1502 2767; ppageno 0'>
   <div class='ocr_carea' id='block_1_1' title="bbox 377 170 1212 258">
    <p class='ocr_par' dir='ltr' id='par_1_1' title="bbox 377 170 1212 258">
     <span class='ocr_line' id='line_1_1' title="bbox 377 170 1212 258; baseline 0.043 -45"><span class='ocrx_word' id='word_1_1' title='bbox 377 170 970 233; x_wconf 53' lang='lat' dir='ltr'>THEOLOGICA</span> <span class='ocrx_word' id='word_1_2' title='bbox 1147 220 1212 258; x_wconf 66' lang='grc' dir='ltr'>ιμ</span> 
     </span>
    </p>
   </div>
   <div class='ocr_carea' id='block_1_2' title="bbox 106 279 1216 569">
    <p class='ocr_par' dir='ltr' id='par_1_2' title="bbox 106 279 1216 569">
     <span class='ocr_line' id='line_1_2' title="bbox 168 279 1215 362; baseline 0.037 -45"><span class='ocrx_word' id='word_1_3' title='bbox 168 279 228 318; x_wconf 87' lang='lat' dir='ltr'>An</span> <span class='ocrx_word' id='word_1_4' title='bbox 251 280 348 320; x_wconf 86' lang='lat' dir='ltr'>aliud</span> <span class='ocrx_word' id='word_1_5' title='bbox 369 285 456 333; x_wconf 88' lang='lat' dir='ltr'>quid</span> <span class='ocrx_word' id='word_1_6' title='bbox 471 289 638 329; x_wconf 82' lang='lat' dir='ltr'>educatio</span> <span class='ocrx_word' id='word_1_7' title='bbox 662 294 902 343; x_wconf 73' lang='lat' dir='ltr'><strong>intendebat?</strong></span> <span class='ocrx_word' id='word_1_8' title='bbox 931 308 969 346; x_wconf 91' lang='lat' dir='ltr'>Si</span> <span class='ocrx_word' id='word_1_9' title='bbox 997 312 1100 357; x_wconf 86' lang='lat' dir='ltr'>pueri</span> <span class='ocrx_word' id='word_1_10' title='bbox 1123 343 1136 362; x_wconf 88' lang='lat'>,</span> <span class='ocrx_word' id='word_1_11' title='bbox 1159 329 1215 355; x_wconf 86' lang='lat' dir='ltr'>re-</span> 
     </span>
     <span class='ocr_line' id='line_1_3' title="bbox 116 351 1216 427; baseline 0.038 -43"><span class='ocrx_word' id='word_1_12' title='bbox 116 358 202 386; x_wconf 82' lang='lat' dir='ltr'>cens</span> <span class='ocrx_word' id='word_1_13' title='bbox 229 351 332 398; x_wconf 88' lang='lat' dir='ltr'>nati,</span> <span class='ocrx_word' id='word_1_14' title='bbox 357 354 406 393; x_wconf 89' lang='lat' dir='ltr'>ita</span> <span class='ocrx_word' id='word_1_15' title='bbox 433 356 582 398; x_wconf 83' lang='lat' dir='ltr'>formati</span> <span class='ocrx_word' id='word_1_16' title='bbox 605 363 824 408; x_wconf 81' lang='lat' dir='ltr'>videbantur</span> <span class='ocrx_word' id='word_1_17' title='bbox 840 399 853 418; x_wconf 89' lang='lat'><strong>‚</strong></span> <span class='ocrx_word' id='word_1_18' title='bbox 880 385 921 413; x_wconf 91' lang='lat' dir='ltr'>ut</span> <span class='ocrx_word' id='word_1_19' title='bbox 942 379 1137 427; x_wconf 87' lang='lat' dir='ltr'>aliquando</span> <span class='ocrx_word' id='word_1_20' title='bbox 1152 398 1216 424; x_wconf 80' lang='lat' dir='ltr'>va-</span> 
     </span>
     <span class='ocr_line' id='line_1_4' title="bbox 109 414 1207 502; baseline 0.04 -51"><span class='ocrx_word' id='word_1_21' title='bbox 109 414 172 453; x_wconf 84' lang='lat' dir='ltr'>lidi</span> <span class='ocrx_word' id='word_1_22' title='bbox 197 418 329 459; x_wconf 85' lang='lat' dir='ltr'><strong>milites</strong></span> <span class='ocrx_word' id='word_1_23' title='bbox 356 425 573 475; x_wconf 81' lang='lat' dir='ltr'>evaderent,</span> <span class='ocrx_word' id='word_1_24' title='bbox 602 434 882 491; x_wconf 80' lang='lat' dir='ltr'>educabantur3</span> <span class='ocrx_word' id='word_1_25' title='bbox 909 446 968 484; x_wconf 91' lang='lat' dir='ltr'>sin</span> <span class='ocrx_word' id='word_1_26' title='bbox 993 450 1112 491; x_wconf 89' lang='lat' dir='ltr'>minus</span> <span class='ocrx_word' id='word_1_27' title='bbox 1130 482 1142 502; x_wconf 83' lang='lat'>,</span> <span class='ocrx_word' id='word_1_28' title='bbox 1169 456 1207 494; x_wconf 85' lang='lat' dir='ltr'>in</span> 
     </span>
     <span class='ocr_line' id='line_1_5' title="bbox 106 488 1210 569; baseline 0.039 -47"><span class='ocrx_word' id='word_1_29' title='bbox 106 488 641 550; x_wconf 64' lang='lat' dir='ltr'>apothetengconficiebantur,</span> <span class='ocrx_word' id='word_1_30' title='bbox 679 508 735 545; x_wconf 88' lang='lat' dir='ltr'>vel</span> <span class='ocrx_word' id='word_1_31' title='bbox 762 515 1063 569; x_wconf 80' lang='lat' dir='ltr'>exponebantur3</span> <span class='ocrx_word' id='word_1_32' title='bbox 1101 523 1210 565; x_wconf 82' lang='lat' dir='ltr'>femi-</span> 
     </span>
    </p>
   </div>
   <div class='ocr_carea' id='block_1_3' title="bbox 103 553 1210 715">
    <p class='ocr_par' dir='ltr' id='par_1_3' title="bbox 103 553 1210 715">
     <span class='ocr_line' id='line_1_6' title="bbox 105 553 1210 646; baseline 0.042 -56"><span class='ocrx_word' id='word_1_33' title='bbox 105 553 162 592; x_wconf 87' lang='lat' dir='ltr'>nis</span> <span class='ocrx_word' id='word_1_34' title='bbox 188 559 354 599; x_wconf 88' lang='lat' dir='ltr'>educatio</span> <span class='ocrx_word' id='word_1_35' title='bbox 390 567 490 604; x_wconf 83' lang='lat' dir='ltr'>nulla</span> <span class='ocrx_word' id='word_1_36' title='bbox 523 580 625 618; x_wconf 83' lang='lat' dir='ltr'>erat,</span> <span class='ocrx_word' id='word_1_37' title='bbox 653 584 689 612; x_wconf 92' lang='lat' dir='ltr'>et</span> <span class='ocrx_word' id='word_1_38' title='bbox 717 589 809 624; x_wconf 86' lang='lat' dir='ltr'>quae</span> <span class='ocrx_word' id='word_1_39' title='bbox 835 585 996 626; x_wconf 83' lang='lat' dir='ltr'>maribus</span> <span class='ocrx_word' id='word_1_40' title='bbox 1026 593 1210 646; x_wconf 85' lang='lat' dir='ltr'>dabatur,</span> 
     </span>
     <span class='ocr_line' id='line_1_7' title="bbox 103 622 1202 715; baseline 0.042 -55"><span class='ocrx_word' id='word_1_41' title='bbox 103 622 139 662; x_wconf 90' lang='lat' dir='ltr'>id</span> <span class='ocrx_word' id='word_1_42' title='bbox 161 628 314 667; x_wconf 86' lang='lat' dir='ltr'>maxime</span> <span class='ocrx_word' id='word_1_43' title='bbox 343 633 498 682; x_wconf 85' lang='lat' dir='ltr'>agebat,</span> <span class='ocrx_word' id='word_1_44' title='bbox 527 647 569 676; x_wconf 88' lang='lat' dir='ltr'>ut</span> <span class='ocrx_word' id='word_1_45' title='bbox 598 641 667 680; x_wconf 88' lang='lat' dir='ltr'>viri</span> <span class='ocrx_word' id='word_1_46' title='bbox 686 683 689 685; x_wconf 15' lang='grc' dir='ltr'><strong>Α</strong></span> <span class='ocrx_word' id='word_1_47' title='bbox 708 647 836 689; x_wconf 80' lang='lat' dir='ltr'>fierent</span> <span class='ocrx_word' id='word_1_48' title='bbox 862 657 1034 707; x_wconf 86' lang='lat' dir='ltr'>robusti,</span> <span class='ocrx_word' id='word_1_49' title='bbox 1062 665 1202 715; x_wconf 81' lang='lat' dir='ltr'>validi,</span> 
     </span>
    </p>
   </div>
   <div class='ocr_carea' id='block_1_4' title="bbox 100 695 871 760">
    <p class='ocr_par' dir='ltr' id='par_1_4' title="bbox 100 695 871 760">
     <span class='ocr_line' id='line_1_8' title="bbox 100 695 871 760; baseline 0.036 -28"><span class='ocrx_word' id='word_1_50' title='bbox 100 695 145 732; x_wconf 82' lang='lat' dir='ltr'>ad</span> <span class='ocrx_word' id='word_1_51' title='bbox 174 706 354 738; x_wconf 85' lang='lat' dir='ltr'>certamen</span> <span class='ocrx_word' id='word_1_52' title='bbox 388 712 425 741; x_wconf 87' lang='lat' dir='ltr'>et</span> <span class='ocrx_word' id='word_1_53' title='bbox 451 709 630 753; x_wconf 85' lang='lat' dir='ltr'>proelium</span> <span class='ocrx_word' id='word_1_54' title='bbox 671 719 871 760; x_wconf 80' lang='lat' dir='ltr'>exercitati.</span> 
     </span>
    </p>
   </div>
   <div class='ocr_carea' id='block_1_5' title="bbox 101 727 1202 817">
    <p class='ocr_par' dir='ltr' id='par_1_5' title="bbox 101 727 1202 817">
     <span class='ocr_line' id='line_1_9' title="bbox 926 727 1202 774; baseline 0.043 -11"><span class='ocrx_word' id='word_1_55' title='bbox 926 727 1107 770; x_wconf 87' lang='lat' dir='ltr'>Educatio</span> <span class='ocrx_word' id='word_1_56' title='bbox 1135 736 1202 774; x_wconf 91' lang='lat' dir='ltr'>do·</span> 
     </span>
     <span class='ocr_line' id='line_1_10' title="bbox 101 765 390 817; baseline 0.038 -17"><span class='ocrx_word' id='word_1_57' title='bbox 101 765 248 805; x_wconf 85' lang='lat' dir='ltr'>mestica</span> <span class='ocrx_word' id='word_1_58' title='bbox 258 796 271 815; x_wconf 89' lang='lat'>,</span> <span class='ocrx_word' id='word_1_59' title='bbox 299 782 390 817; x_wconf 89' lang='lat' dir='ltr'>quae</span> 
     </span>
    </p>
   </div>
   <div class='ocr_carea' id='block_1_6' title="bbox 96 776 1199 906">
    <p class='ocr_par' dir='ltr' id='par_1_6' title="bbox 96 776 1199 906">
     <span class='ocr_line' id='line_1_11' title="bbox 404 776 1199 845; baseline 0.044 -35"><span class='ocrx_word' id='word_1_60' title='bbox 404 801 416 818; x_wconf 94' lang='lat'>,</span> <span class='ocrx_word' id='word_1_61' title='bbox 442 776 473 813; x_wconf 90' lang='lat' dir='ltr'>si</span> <span class='ocrx_word' id='word_1_62' title='bbox 496 776 588 818; x_wconf 87' lang='lat' dir='ltr'>b&#39;ene</span> <span class='ocrx_word' id='word_1_63' title='bbox 611 784 853 838; x_wconf 82' lang='lat' dir='ltr'>adhibeatur,</span> <span class='ocrx_word' id='word_1_64' title='bbox 869 802 1006 837; x_wconf 87' lang='lat' dir='ltr'>tantum</span> <span class='ocrx_word' id='word_1_65' title='bbox 1036 803 1133 842; x_wconf 81' lang='lat' dir='ltr'>valet</span> <span class='ocrx_word' id='word_1_66' title='bbox 1155 808 1199 845; x_wconf 84' lang='lat' dir='ltr'>ad</span> 
     </span>
     <span class='ocr_line' id='line_1_12' title="bbox 96 834 1014 906; baseline 0.038 -36"><span class='ocrx_word' id='word_1_67' title='bbox 96 834 263 876; x_wconf 90' lang='lat' dir='ltr'>homines</span> <span class='ocrx_word' id='word_1_68' title='bbox 301 841 464 882; x_wconf 85' lang='lat' dir='ltr'>mitiores</span> <span class='ocrx_word' id='word_1_69' title='bbox 496 850 725 901; x_wconf 86' lang='lat' dir='ltr'>reddendos,</span> <span class='ocrx_word' id='word_1_70' title='bbox 762 857 888 906; x_wconf 86' lang='lat' dir='ltr'>ignota</span> <span class='ocrx_word' id='word_1_71' title='bbox 925 875 1014 905; x_wconf 85' lang='lat' dir='ltr'>erat.</span> 
     </span>
    </p>
   </div>
   <div class='ocr_carea' id='block_1_7' title="bbox 17 907 1194 1615">
    <p class='ocr_par' dir='ltr' id='par_1_7' title="bbox 25 907 1194 1232">
     <span class='ocr_line' id='line_1_13' title="bbox 94 907 1194 993; baseline 0.04 -53"><span class='ocrx_word' id='word_1_72' title='bbox 94 910 242 953; x_wconf 85' lang='lat' dir='ltr'>tempus</span> <span class='ocrx_word' id='word_1_73' title='bbox 277 907 315 946; x_wconf 92' lang='lat' dir='ltr'>in</span> <span class='ocrx_word' id='word_1_74' title='bbox 356 920 434 951; x_wconf 86' lang='lat' dir='ltr'>arte</span> <span class='ocrx_word' id='word_1_75' title='bbox 459 915 605 956; x_wconf 89' lang='lat' dir='ltr'>militari</span> <span class='ocrx_word' id='word_1_76' title='bbox 647 931 683 960; x_wconf 88' lang='lat' dir='ltr'>et</span> <span class='ocrx_word' id='word_1_77' title='bbox 705 927 856 971; x_wconf 85' lang='lat' dir='ltr'>politica</span> <span class='ocrx_word' id='word_1_78' title='bbox 883 941 1194 993; x_wconf 83' lang='lat' dir='ltr'>consumebatur,</span> 
     </span>
     <span class='ocr_line' id='line_1_14' title="bbox 91 971 1192 1054; baseline 0.041 -45"><span class='ocrx_word' id='word_1_79' title='bbox 91 971 129 1010; x_wconf 87' lang='lat' dir='ltr'>in</span> <span class='ocrx_word' id='word_1_80' title='bbox 178 976 314 1023; x_wconf 88' lang='lat' dir='ltr'>quibus</span> <span class='ocrx_word' id='word_1_81' title='bbox 353 981 425 1019; x_wconf 83' lang='lat' dir='ltr'>nisi</span> <span class='ocrx_word' id='word_1_82' title='bbox 463 990 632 1035; x_wconf 88' lang='lat' dir='ltr'>occupati</span> <span class='ocrx_word' id='word_1_83' title='bbox 670 1003 819 1044; x_wconf 84' lang='lat' dir='ltr'>essent,</span> <span class='ocrx_word' id='word_1_84' title='bbox 870 1005 1093 1052; x_wconf 80' lang='lat' dir='ltr'>turpissimis</span> <span class='ocrx_word' id='word_1_85' title='bbox 1137 1015 1192 1054; x_wconf 91' lang='lat' dir='ltr'>vi-</span> 
     </span>
     <span class='ocr_line' id='line_1_15' title="bbox 89 1042 1191 1123; baseline 0.042 -45"><span class='ocrx_word' id='word_1_86' title='bbox 89 1042 152 1081; x_wconf 90' lang='lat' dir='ltr'>tiis</span> <span class='ocrx_word' id='word_1_87' title='bbox 200 1057 240 1083; x_wconf 92' lang='lat' dir='ltr'>se</span> <span class='ocrx_word' id='word_1_88' title='bbox 274 1047 422 1089; x_wconf 88' lang='lat' dir='ltr'>dabant.</span> <span class='ocrx_word' id='word_1_89' title='bbox 487 1054 555 1093; x_wconf 90' lang='lat' dir='ltr'>Uti</span> <span class='ocrx_word' id='word_1_90' title='bbox 583 1057 748 1113; x_wconf 87' lang='lat' dir='ltr'>Lycurgi</span> <span class='ocrx_word' id='word_1_91' title='bbox 780 1069 961 1117; x_wconf 82' lang='lat' dir='ltr'>legislatio</span> <span class='ocrx_word' id='word_1_92' title='bbox 1002 1078 1073 1118; x_wconf 87' lang='lat' dir='ltr'>hoc</span> <span class='ocrx_word' id='word_1_93' title='bbox 1120 1094 1191 1123; x_wconf 88' lang='lat' dir='ltr'>no-</span> 
     </span>
     <span class='ocr_line' id='line_1_16' title="bbox 25 1111 1188 1191; baseline 0.042 -47"><span class='ocrx_word' id='word_1_94' title='bbox 25 1142 28 1143; x_wconf 19' lang='lat'><em>⁷</em></span> <span class='ocrx_word' id='word_1_95' title='bbox 85 1111 182 1150; x_wconf 88' lang='lat' dir='ltr'>mine</span> <span class='ocrx_word' id='word_1_96' title='bbox 195 1112 341 1155; x_wconf 84' lang='lat' dir='ltr'>infamis</span> <span class='ocrx_word' id='word_1_97' title='bbox 369 1129 425 1158; x_wconf 89' lang='lat' dir='ltr'>est</span> <span class='ocrx_word' id='word_1_98' title='bbox 443 1148 456 1168; x_wconf 89' lang='lat'>,</span> <span class='ocrx_word' id='word_1_99' title='bbox 485 1122 536 1162; x_wconf 83' lang='lat' dir='ltr'>ita</span> <span class='ocrx_word' id='word_1_100' title='bbox 561 1126 718 1170; x_wconf 88' lang='lat' dir='ltr'>Athenis</span> <span class='ocrx_word' id='word_1_101' title='bbox 742 1142 776 1172; x_wconf 93' lang='lat' dir='ltr'>et</span> <span class='ocrx_word' id='word_1_102' title='bbox 803 1136 944 1180; x_wconf 88' lang='lat' dir='ltr'>Romae</span> <span class='ocrx_word' id='word_1_103' title='bbox 968 1143 1064 1186; x_wconf 84' lang='lat' dir='ltr'>idern</span> <span class='ocrx_word' id='word_1_104' title='bbox 1091 1154 1188 1191; x_wconf 88' lang='lat' dir='ltr'>vale·</span> 
     </span>
     <span class='ocr_line' id='line_1_17' title="bbox 86 1179 259 1232; baseline 0.035 -15"><span class='ocrx_word' id='word_1_105' title='bbox 86 1179 147 1219; x_wconf 91' lang='lat' dir='ltr'>bat</span> <span class='ocrx_word' id='word_1_106' title='bbox 173 1182 259 1232; x_wconf 83' lang='lat'><em>(1).</em></span> 
     </span>
    </p>

    <p class='ocr_par' dir='ltr' id='par_1_8' title="bbox 17 1251 1184 1615">
     <span class='ocr_line' id='line_1_18' title="bbox 129 1251 1184 1333; baseline 0.044 -46"><span class='ocrx_word' id='word_1_107' title='bbox 129 1251 231 1301; x_wconf 90' lang='lat' dir='ltr'>Quid</span> <span class='ocrx_word' id='word_1_108' title='bbox 270 1255 401 1304; x_wconf 83' lang='lat' dir='ltr'>loquar</span> <span class='ocrx_word' id='word_1_109' title='bbox 440 1261 485 1300; x_wconf 90' lang='lat' dir='ltr'>de</span> <span class='ocrx_word' id='word_1_110' title='bbox 525 1266 746 1313; x_wconf 75' lang='lat' dir='ltr'>institutis?</span> <span class='ocrx_word' id='word_1_111' title='bbox 792 1277 852 1316; x_wconf 90' lang='lat' dir='ltr'>De</span> <span class='ocrx_word' id='word_1_112' title='bbox 895 1286 1005 1324; x_wconf 90' lang='lat' dir='ltr'>caede</span> <span class='ocrx_word' id='word_1_113' title='bbox 1047 1290 1184 1333; x_wconf 87' lang='lat' dir='ltr'>libero-</span> 
     </span>
     <span class='ocr_line' id='line_1_19' title="bbox 78 1324 968 1392; baseline 0.04 -36"><span class='ocrx_word' id='word_1_114' title='bbox 78 1331 158 1359; x_wconf 90' lang='lat' dir='ltr'>rum</span> <span class='ocrx_word' id='word_1_115' title='bbox 175 1350 188 1369; x_wconf 94' lang='lat'>,</span> <span class='ocrx_word' id='word_1_116' title='bbox 215 1324 501 1380; x_wconf 21' lang='lat' dir='ltr'>decori-ditione</span> <span class='ocrx_word' id='word_1_117' title='bbox 542 1348 761 1392; x_wconf 84' lang='lat' dir='ltr'>servorum,</span> <span class='ocrx_word' id='word_1_118' title='bbox 789 1348 834 1386; x_wconf 94' lang='lat' dir='ltr'>de</span> <span class='ocrx_word' id='word_1_119' title='bbox 869 1352 968 1392; x_wconf 89' lang='lat' dir='ltr'>ludis</span> 
     </span>
     <span class='ocr_line' id='line_1_20' title="bbox 17 1378 930 1465; baseline 0.041 -41"><span class='ocrx_word' id='word_1_120' title='bbox 17 1378 20 1382; x_wconf 65' lang='grc'><strong>’</strong></span> <span class='ocrx_word' id='word_1_121' title='bbox 77 1398 119 1427; x_wconf 90' lang='lat' dir='ltr'>ut</span> <span class='ocrx_word' id='word_1_122' title='bbox 147 1403 229 1431; x_wconf 88' lang='lat' dir='ltr'>cum</span> <span class='ocrx_word' id='word_1_123' title='bbox 270 1396 458 1440; x_wconf 86' lang='lat' dir='ltr'>Seneca</span> <span class='ocrx_word' id='word_1_124' title='bbox 479 1404 636 1457; x_wconf 82' lang='lat' dir='ltr'>loquar,</span> <span class='ocrx_word' id='word_1_125' title='bbox 664 1413 786 1463; x_wconf 86' lang='lat' dir='ltr'>bomo,</span> <span class='ocrx_word' id='word_1_126' title='bbox 817 1432 930 1465; x_wconf 77' lang='lat' dir='ltr'>sacra</span> 
     </span>
     <span class='ocr_line' id='line_1_21' title="bbox 71 1461 1176 1545; baseline 0.043 -51"><span class='ocrx_word' id='word_1_127' title='bbox 71 1467 139 1506; x_wconf 83' lang='lat' dir='ltr'>per</span> <span class='ocrx_word' id='word_1_128' title='bbox 170 1461 289 1501; x_wconf 80' lang='lat' dir='ltr'>lusum</span> <span class='ocrx_word' id='word_1_129' title='bbox 313 1475 349 1503; x_wconf 82' lang='lat' dir='ltr'>ct</span> <span class='ocrx_word' id='word_1_130' title='bbox 364 1468 495 1514; x_wconf 80' lang='lat' dir='ltr'>jocum</span> <span class='ocrx_word' id='word_1_131' title='bbox 520 1476 700 1517; x_wconf 77' lang='lat' dir='ltr'>occiditur</span> <span class='ocrx_word' id='word_1_132' title='bbox 710 1497 728 1531; x_wconf 86' lang='lat'>,·</span> <span class='ocrx_word' id='word_1_133' title='bbox 766 1486 810 1524; x_wconf 91' lang='lat' dir='ltr'>de</span> <span class='ocrx_word' id='word_1_134' title='bbox 837 1493 972 1540; x_wconf 83' lang='lat' dir='ltr'>pugnis</span> <span class='ocrx_word' id='word_1_135' title='bbox 999 1498 1176 1545; x_wconf 83' lang='lat' dir='ltr'>gladiato-</span> 
     </span>
     <span class='ocr_line' id='line_1_22' title="bbox 70 1526 1174 1615; baseline 0.044 -52"><span class='ocrx_word' id='word_1_136' title='bbox 70 1526 134 1565; x_wconf 87' lang='lat' dir='ltr'>riis</span> <span class='ocrx_word' id='word_1_137' title='bbox 162 1529 257 1579; x_wconf 81' lang='lat'>(2),</span> <span class='ocrx_word' id='word_1_138' title='bbox 284 1534 330 1572; x_wconf 90' lang='lat' dir='ltr'>de</span> <span class='ocrx_word' id='word_1_139' title='bbox 351 1541 584 1582; x_wconf 80' lang='lat' dir='ltr'>secutoribus</span> <span class='ocrx_word' id='word_1_140' title='bbox 616 1557 651 1586; x_wconf 91' lang='lat' dir='ltr'>et</span> <span class='ocrx_word' id='word_1_141' title='bbox 678 1553 832 1594; x_wconf 81' lang='lat' dir='ltr'>retiariis</span> <span class='ocrx_word' id='word_1_142' title='bbox 849 1586 862 1605; x_wconf 86' lang='lat'>,</span> <span class='ocrx_word' id='word_1_143' title='bbox 891 1561 935 1600; x_wconf 91' lang='lat' dir='ltr'>de</span> <span class='ocrx_word' id='word_1_144' title='bbox 961 1566 1174 1615; x_wconf 80' lang='lat' dir='ltr'>Myrmillo·</span> 
     </span>
    </p>
   </div>
   <div class='ocr_carea' id='block_1_8' title="bbox 70 1596 1041 1711">
    <p class='ocr_par' dir='ltr' id='par_1_9' title="bbox 70 1596 1041 1711">
     <span class='ocr_line' id='line_1_23' title="bbox 70 1596 1041 1677; baseline 0.043 -44"><span class='ocrx_word' id='word_1_145' title='bbox 70 1596 180 1637; x_wconf 86' lang='lat' dir='ltr'>nibus</span> <span class='ocrx_word' id='word_1_146' title='bbox 196 1627 209 1647; x_wconf 92' lang='lat'>,</span> <span class='ocrx_word' id='word_1_147' title='bbox 247 1602 293 1640; x_wconf 91' lang='lat' dir='ltr'>de</span> <span class='ocrx_word' id='word_1_148' title='bbox 321 1604 559 1651; x_wconf 87' lang='lat' dir='ltr'>Naumachiis</span> <span class='ocrx_word' id='word_1_149' title='bbox 580 1614 618 1653; x_wconf 82' lang='lat' dir='ltr'>in</span> <span class='ocrx_word' id='word_1_150' title='bbox 644 1619 724 1659; x_wconf 89' lang='lat' dir='ltr'>lacu</span> <span class='ocrx_word' id='word_1_151' title='bbox 755 1624 883 1667; x_wconf 88' lang='lat' dir='ltr'>Ficino</span> <span class='ocrx_word' id='word_1_152' title='bbox 900 1658 913 1677; x_wconf 85' lang='lat'>,</span> <span class='ocrx_word' id='word_1_153' title='bbox 939 1635 1041 1676; x_wconf 76' lang='lat' dir='ltr'>aliis!</span> 
     </span>
     <span class='ocr_line' id='line_1_24' title="bbox 118 1667 346 1711; baseline 0.035 -7"><span class='ocrx_word' id='word_1_154' title='bbox 118 1667 261 1708; x_wconf 90' lang='lat' dir='ltr'>Notum</span> <span class='ocrx_word' id='word_1_155' title='bbox 290 1684 346 1711; x_wconf 89' lang='lat' dir='ltr'>est</span> 
     </span>
    </p>
   </div>
   <div class='ocr_carea' id='block_1_9' title="bbox 961 1362 1179 1476">
    <p class='ocr_par' dir='ltr' id='par_1_10' title="bbox 961 1362 1179 1476">
     <span class='ocr_line' id='line_1_25' title="bbox 983 1362 1179 1413; baseline 0.051 -19"><span class='ocrx_word' id='word_1_156' title='bbox 983 1384 995 1403; x_wconf 92' lang='lat'>,</span> <span class='ocrx_word' id='word_1_157' title='bbox 1022 1362 1179 1413; x_wconf 83' lang='lat' dir='ltr'>quibus,</span> 
     </span>
     <span class='ocr_line' id='line_1_26' title="bbox 961 1432 1178 1476; baseline 0.055 -13"><span class='ocrx_word' id='word_1_158' title='bbox 961 1439 1045 1476; x_wconf 80' lang='lat' dir='ltr'>res,</span> <span class='ocrx_word' id='word_1_159' title='bbox 1075 1432 1178 1474; x_wconf 82' lang='lat' dir='ltr'>homo</span> 
     </span>
    </p>
   </div>
   <div class='ocr_carea' id='block_1_10' title="bbox 360 1678 1168 1753">
    <p class='ocr_par' dir='ltr' id='par_1_11' title="bbox 360 1678 1168 1753">
     <span class='ocr_line' id='line_1_27' title="bbox 360 1678 1168 1753; baseline 0.053 -42"><span class='ocrx_word' id='word_1_160' title='bbox 360 1703 372 1722; x_wconf 94' lang='lat'>,</span> <span class='ocrx_word' id='word_1_161' title='bbox 392 1678 650 1733; x_wconf 85' lang='lat' dir='ltr'>plerarumque</span> <span class='ocrx_word' id='word_1_162' title='bbox 677 1690 868 1737; x_wconf 88' lang='lat' dir='ltr'>civitatum</span> <span class='ocrx_word' id='word_1_163' title='bbox 883 1728 894 1747; x_wconf 84' lang='lat'>,</span> <span class='ocrx_word' id='word_1_164' title='bbox 911 1702 1168 1753; x_wconf 82' lang='lat' dir='ltr'>Romanorum</span> 
     </span>
    </p>
   </div>
   <div class='ocr_carea' id='block_1_11' title="bbox 65 1738 1169 1823">
    <p class='ocr_par' dir='ltr' id='par_1_12' title="bbox 65 1738 1169 1823">
     <span class='ocr_line' id='line_1_28' title="bbox 65 1738 1169 1823; baseline 0.047 -51"><span class='ocrx_word' id='word_1_165' title='bbox 65 1738 242 1788; x_wconf 86' lang='lat' dir='ltr'>maxime,</span> <span class='ocrx_word' id='word_1_166' title='bbox 269 1753 346 1783; x_wconf 88' lang='lat' dir='ltr'>eam</span> <span class='ocrx_word' id='word_1_167' title='bbox 385 1746 503 1789; x_wconf 86' lang='lat' dir='ltr'>fuisse</span> <span class='ocrx_word' id='word_1_168' title='bbox 524 1752 685 1797; x_wconf 85' lang='lat' dir='ltr'>indolem</span> <span class='ocrx_word' id='word_1_169' title='bbox 707 1771 744 1800; x_wconf 91' lang='lat' dir='ltr'>et</span> <span class='ocrx_word' id='word_1_170' title='bbox 771 1775 935 1810; x_wconf 83' lang='lat' dir='ltr'>naturam</span> <span class='ocrx_word' id='word_1_171' title='bbox 953 1802 966 1822; x_wconf 92' lang='lat'>,</span> <span class='ocrx_word' id='word_1_172' title='bbox 992 1787 1034 1816; x_wconf 88' lang='lat' dir='ltr'>ut</span> <span class='ocrx_word' id='word_1_173' title='bbox 1070 1790 1169 1823; x_wconf 86' lang='lat' dir='ltr'>stare</span> 
     </span>
    </p>
   </div>
   <div class='ocr_carea' id='block_1_12' title="bbox 61 1862 1168 2013">
    <p class='ocr_par' dir='ltr' id='par_1_13' title="bbox 61 1862 1168 2013">
     <span class='ocr_line' id='line_1_29' title="bbox 1090 1862 1168 1893; baseline 0.064 -4"><span class='ocrx_word' id='word_1_174' title='bbox 1090 1862 1168 1893; x_wconf 79' lang='lat' dir='ltr'>non</span> 
     </span>
     <span class='ocr_line' id='line_1_30' title="bbox 97 1898 1157 1973; baseline 0.045 -49"><span class='ocrx_word' id='word_1_175' title='bbox 97 1898 148 1937; x_wconf 82' lang='lat'>(1)</span> <span class='ocrx_word' id='word_1_176' title='bbox 168 1899 230 1931; x_wconf 87' lang='lat' dir='ltr'>Cfr.</span> <span class='ocrx_word' id='word_1_177' title='bbox 252 1904 290 1932; x_wconf 89' lang='lat' dir='ltr'>N.</span> <span class='ocrx_word' id='word_1_178' title='bbox 312 1906 349 1935; x_wconf 90' lang='lat' dir='ltr'>G.</span> <span class='ocrx_word' id='word_1_179' title='bbox 375 1915 448 1938; x_wconf 82' lang='lat' dir='ltr'>van</span> <span class='ocrx_word' id='word_1_180' title='bbox 479 1912 755 1955; x_wconf 81' lang='lat' dir='ltr'>Kampen‚1.1.</span> <span class='ocrx_word' id='word_1_181' title='bbox 784 1934 849 1963; x_wconf 75' lang='lat' dir='ltr'>pag.</span> <span class='ocrx_word' id='word_1_182' title='bbox 879 1939 942 1969; x_wconf 85' lang='lat'>¹47·</span> <span class='ocrx_word' id='word_1_183' title='bbox 967 1942 1034 1973; x_wconf 86' lang='lat' dir='ltr'>sqq.</span> <span class='ocrx_word' id='word_1_184' title='bbox 1065 1940 1157 1970; x_wconf 84' lang='lat' dir='ltr'>Nie-</span> 
     </span>
     <span class='ocr_line' id='line_1_31' title="bbox 61 1960 788 2013; baseline 0.039 -31"><span class='ocrx_word' id='word_1_185' title='bbox 61 1962 191 1991; x_wconf 78' lang='lat' dir='ltr'>meyer</span> <span class='ocrx_word' id='word_1_186' title='bbox 219 1960 477 1996; x_wconf 74' lang='lat' dir='ltr'>Karakterkundae</span> <span class='ocrx_word' id='word_1_187' title='bbox 507 1971 557 1999; x_wconf 77' lang='lat' dir='ltr'>des</span> <span class='ocrx_word' id='word_1_188' title='bbox 578 1975 718 2013; x_wconf 79' lang='lat' dir='ltr'>Bijbels,</span> <span class='ocrx_word' id='word_1_189' title='bbox 743 1982 788 2010; x_wconf 95' lang='lat' dir='ltr'>To</span> 
     </span>
    </p>
   </div>
   <div class='ocr_carea' id='block_1_13' title="bbox 60 2012 623 2062">
    <p class='ocr_par' dir='ltr' id='par_1_14' title="bbox 60 2012 623 2062">
     <span class='ocr_line' id='line_1_32' title="bbox 60 2012 623 2062; baseline 0.036 -22"><span class='ocrx_word' id='word_1_190' title='bbox 60 2012 247 2047; x_wconf 76' lang='lat' dir='ltr'>dignissimus</span> <span class='ocrx_word' id='word_1_191' title='bbox 268 2026 332 2055; x_wconf 84' lang='lat' dir='ltr'>est,</span> <span class='ocrx_word' id='word_1_192' title='bbox 356 2023 407 2057; x_wconf 90' lang='lat' dir='ltr'>qui</span> <span class='ocrx_word' id='word_1_193' title='bbox 429 2025 478 2054; x_wconf 76' lang='lat' dir='ltr'>hic</span> <span class='ocrx_word' id='word_1_194' title='bbox 497 2029 623 2062; x_wconf 85' lang='lat' dir='ltr'>legatur.</span> 
     </span>
    </p>
   </div>
   <div class='ocr_carea' id='block_1_14' title="bbox 56 2068 1157 2200">
    <p class='ocr_par' dir='ltr' id='par_1_15' title="bbox 56 2068 1157 2200">
     <span class='ocr_line' id='line_1_33' title="bbox 95 2068 1157 2145; baseline 0.044 -49"><span class='ocrx_word' id='word_1_195' title='bbox 95 2068 144 2107; x_wconf 62' lang='grc' dir='ltr'>ξε)</span> <span class='ocrx_word' id='word_1_196' title='bbox 163 2073 250 2103; x_wconf 80' lang='lat' dir='ltr'>Tales</span> <span class='ocrx_word' id='word_1_197' title='bbox 280 2084 394 2112; x_wconf 80' lang='lat' dir='ltr'>pugnae</span> <span class='ocrx_word' id='word_1_198' title='bbox 420 2081 534 2113; x_wconf 82' lang='lat' dir='ltr'>animos</span> <span class='ocrx_word' id='word_1_199' title='bbox 559 2089 723 2122; x_wconf 84' lang='lat' dir='ltr'>reddebant</span> <span class='ocrx_word' id='word_1_200' title='bbox 744 2103 830 2130; x_wconf 83' lang='lat' dir='ltr'>quam</span> <span class='ocrx_word' id='word_1_201' title='bbox 869 2103 997 2133; x_wconf 73' lang='lat' dir='ltr'>maxime</span> <span class='ocrx_word' id='word_1_202' title='bbox 1023 2109 1157 2145; x_wconf 72' lang='lat' dir='ltr'>feroces.</span> 
     </span>
     <span class='ocr_line' id='line_1_34' title="bbox 56 2125 1154 2200; baseline 0.043 -48"><span class='ocrx_word' id='word_1_203' title='bbox 56 2125 133 2154; x_wconf 84' lang='lat' dir='ltr'>Vide</span> <span class='ocrx_word' id='word_1_204' title='bbox 149 2135 221 2162; x_wconf 82' lang='lat' dir='ltr'>quae</span> <span class='ocrx_word' id='word_1_205' title='bbox 239 2131 357 2168; x_wconf 83' lang='lat' dir='ltr'>scripsit</span> <span class='ocrx_word' id='word_1_206' title='bbox 375 2136 488 2167; x_wconf 89' lang='lat' dir='ltr'>Stolb</span> <span class='ocrx_word' id='word_1_207' title='bbox 499 2147 584 2178; x_wconf 84' lang='lat' dir='ltr'>erg,</span> <span class='ocrx_word' id='word_1_208' title='bbox 597 2145 695 2175; x_wconf 73' lang='lat' dir='ltr'>Reize</span> <span class='ocrx_word' id='word_1_209' title='bbox 714 2150 786 2179; x_wconf 79' lang='lat' dir='ltr'>door</span> <span class='ocrx_word' id='word_1_210' title='bbox 802 2154 1014 2191; x_wconf 76' lang='lat' dir='ltr'>Duteschland</span> <span class='ocrx_word' id='word_1_211' title='bbox 1027 2185 1036 2200; x_wconf 94' lang='lat'><em>‚</em></span> <span class='ocrx_word' id='word_1_212' title='bbox 1055 2169 1154 2199; x_wconf 71' lang='lat' dir='ltr'>Zwit-</span> 
     </span>
    </p>
   </div>
   <div class='ocr_carea' id='block_1_15' title="bbox 53 2184 1150 2309">
    <p class='ocr_par' dir='ltr' id='par_1_16' title="bbox 53 2184 1150 2309">
     <span class='ocr_line' id='line_1_35' title="bbox 53 2184 1150 2257; baseline 0.046 -50"><span class='ocrx_word' id='word_1_213' title='bbox 53 2184 194 2218; x_wconf 78' lang='lat' dir='ltr'>urland,</span> <span class='ocrx_word' id='word_1_214' title='bbox 212 2187 328 2217; x_wconf 65' lang='lat' dir='ltr'>Italian</span> <span class='ocrx_word' id='word_1_215' title='bbox 345 2200 381 2219; x_wconf 76' lang='lat' dir='ltr'>en</span> <span class='ocrx_word' id='word_1_216' title='bbox 403 2195 532 2225; x_wconf 75' lang='lat' dir='ltr'>Sicilten</span> <span class='ocrx_word' id='word_1_217' title='bbox 547 2218 557 2234; x_wconf 93' lang='lat'>,</span> <span class='ocrx_word' id='word_1_218' title='bbox 572 2200 660 2232; x_wconf 87' lang='lat' dir='ltr'>Tom.</span> <span class='ocrx_word' id='word_1_219' title='bbox 679 2206 794 2244; x_wconf 29' lang='lat' dir='ltr'>Ilipag.</span> <span class='ocrx_word' id='word_1_220' title='bbox 816 2216 880 2243; x_wconf 80' lang='lat'><em>128.</em></span> <span class='ocrx_word' id='word_1_221' title='bbox 901 2222 968 2253; x_wconf 86' lang='lat' dir='ltr'>sqq.</span> <span class='ocrx_word' id='word_1_222' title='bbox 990 2221 1054 2253; x_wconf 83' lang='lat' dir='ltr'>Cfr.</span> <span class='ocrx_word' id='word_1_223' title='bbox 1076 2225 1150 2257; x_wconf 81' lang='lat' dir='ltr'>item</span> 
     </span>
     <span class='ocr_line' id='line_1_36' title="bbox 55 2239 899 2309; baseline 0.041 -44"><span class='ocrx_word' id='word_1_224' title='bbox 55 2239 240 2271; x_wconf 75' lang='lat' dir='ltr'>valerius</span> <span class='ocrx_word' id='word_1_225' title='bbox 263 2246 476 2293; x_wconf 67' lang='lat' dir='ltr'>Maximus,</span> <span class='ocrx_word' id='word_1_226' title='bbox 498 2253 566 2286; x_wconf 88' lang='lat' dir='ltr'>Lib.</span> <span class='ocrx_word' id='word_1_227' title='bbox 583 2258 623 2289; x_wconf 87' lang='lat'>11.</span> <span class='ocrx_word' id='word_1_228' title='bbox 645 2252 845 2309; x_wconf 57' lang='lat' dir='ltr'>Cap.‘1v.§.</span> <span class='ocrx_word' id='word_1_229' title='bbox 868 2278 899 2306; x_wconf 85' lang='lat'>7.</span> 
     </span>
    </p>
   </div>
   <div class='ocr_carea' id='block_1_16' title="bbox 791 1987 1158 2035">
    <p class='ocr_par' dir='ltr' id='par_1_17' title="bbox 791 1987 1158 2035">
     <span class='ocr_line' id='line_1_37' title="bbox 791 1987 1158 2035; baseline 0.046 -23"><span class='ocrx_word' id='word_1_230' title='bbox 791 1991 831 2014; x_wconf 85' lang='lat' dir='ltr'>m.</span> <span class='ocrx_word' id='word_1_231' title='bbox 853 1987 890 2018; x_wconf 87' lang='lat'>11.</span> <span class='ocrx_word' id='word_1_232' title='bbox 916 1998 982 2026; x_wconf 82' lang='lat' dir='ltr'>pag.</span> <span class='ocrx_word' id='word_1_233' title='bbox 1008 2003 1078 2033; x_wconf 87' lang='lat'><strong>429.</strong></span> <span class='ocrx_word' id='word_1_234' title='bbox 1103 2001 1158 2035; x_wconf 83' lang='lat' dir='ltr'>qui</span> 
     </span>
    </p>
   </div>
  </div>
 </body>
</html>
