1502 2767
411 157 1006 212 THEOLOJGICA.
1195 177 1265 215 105

161 279 351 330 possimus
397 277 483 328 (1).
550 275 751 315 Felicitatis
792 285 968 322 sensum,
1020 285 1128 322 quem
1163 275 1267 313 Deus

162 361 247 399 erga
276 359 347 388 nos
389 346 521 395 fovet,
573 346 762 394 nobisque
807 345 944 383 amoris
973 355 1141 384 normam
1187 355 1273 394 erga

165 419 261 464 alios
303 418 483 468 proponit
506 446 520 466 ‚
575 417 769 455 foveamus
825 427 909 464 erga
963 423 1111 453 nosmet
1167 415 1273 464 ipsos

162 489 319 530 maxime
361 489 480 528 decet.
557 489 618 526 Ex
653 488 721 525 hac
768 486 937 525 doctrina
974 486 1136 535 pretium
1175 486 1275 524 vitae

167 569 318 599 nostrae
351 559 545 603 aestimare
573 557 780 606 debemus,
807 565 850 595 ut
877 568 982 604 non,
1010 557 1120 595 armis
1158 565 1274 595 teme-

164 635 222 668 re‘
246 628 396 678 captis,
444 629 482 667 in
506 627 603 666 vitae
638 627 833 666 discrimen
865 639 907 666 ac
950 627 1150 675 perniciem
1194 640 1277 666 rua-

165 711 277 744 mus;
314 707 357 736 ut
392 698 489 737 vitae
534 697 717 736 terrestris
769 697 964 736 commoda
1007 697 1196 745 acquirere
1238 706 1276 736 et

163 781 297 819 augere
334 770 577 816 studeamus,
625 767 738 805 modo
780 769 882 817 J‘usta
914 767 1084 815 ratione,
1126 768 1276 806 minime

164 839 269 879 furto
318 851 359 878 ac
405 839 598 878 hominum
646 838 757 876 caede
796 839 896 888 (223
946 847 988 876 ut
1033 850 1103 877 nos
1143 839 1274 877 sedulo

163 910 210 949 ab
256 909 432 948 omnibus
476 908 601 958 pravis
636 907 909 956 cupiditatibus
947 907 1123 946 fovendis
1162 908 1278 946 absti-

165 990 318 1018 neamus
334 1007 348 1027 ,
364 988 401 1017 et
423 978 552 1028 potius
578 978 753 1017 coelestia
772 1007 785 1026 ,
813 990 924 1027 quam
958 978 1174 1035 terrestria,
1211 990 1279 1026 pe-

164 1058 282 1089 tamus
325 1048 410 1099 (3).
728 1040 733 1043 ’

167 1134 169 1137 ’
214 1121 413 1162 &maurim
433 1120 608 1158 tamenin
619 1119 750 1158 vitium
767 1119 886 1167 illud,
901 1131 979 1168 quo
1003 1119 1097 1158 alios
1123 1131 1200 1158 non
1215 1121 1284 1158 ali-

165 1198 222 1228 ter
240 1218 255 1238 ‚
282 1190 355 1229 nisi
380 1199 529 1229 nostrae
557 1191 746 1229 felicitatis
774 1190 1020 1229 instrumenta
1037 1219 1052 1239 ‚
1083 1190 1280 1239 diligamus

165 1260 335 1299 converti
371 1272 391 1298 e
417 1260 652 1310 praescriptis
687 1270 836 1298 nostrae
880 1259 1093 1309 religionis,
1132 1260 1282 1299 minime

162 1330 267 1370 licet.
301 1331 447 1370 Contra
465 1330 554 1369 vero
578 1331 785 1370 Christiani
800 1333 1033 1378 ,θεοδίδακτοί
1050 1334 1099 1376 εὶς
1114 1334 1155 1373 τὸ
1181 1335 1280 1381 0291ae-

163 1406 239 1451 πᾷν
253 1403 458 1448 ἀλλήλους,
475 1402 623 1440 eosdem
636 1428 649 1448 ,
666 1413 763 1450 quos
783 1402 888 1440 Deus
915 1402 1170 1451 Christusque
1184 1430 1198 1449 ,
1224 1403 1284 1440 lu-

164 1469 295 1508 benter
323 1482 364 1509 ac
388 1471 528 1509 sincere
553 1479 689 1509 amant.
742 1471 919 1511 Gaudent
941 1472 982 1510 hi
1017 1474 1108 1524 νόμῳ
1133 1476 1280 1522 βασιλι-

165 1542 228 1591 κῷ·
241 1543 448 1588 ἀγαπήσεις
470 1544 530 1583 τὸν
551 1544 699 1588 πλησίον
714 1558 775 1584 σου
796 1546 840 1588 ὥς
860 1530 1034 1591 emur-b),
1050 1551 1249 1592 praecepto
1265 1573 1279 1592 ,

168 1611 273 1657 quod
321 1611 477 1653 maxime
513 1610 720 1648 illustratur
755 1612 1018 1660 praescripto:
1048 1614 1171 1654 πάντα
1196 1613 1282 1660 οὖν,

163 1679 232 1721 ὅσοι
257 1681 302 1721 ἂν
333 1682 485 1728 θέλητε,
516 1682 572 1722 ἵνα
613 1687 752 1723 ποιῶσιν
788 1685 869 1732 ὑμῖν
900 1686 930 1723 οἱ
959 1684 1152 1732 ἄνθρωποι,
1190 1684 1279 1725 οὕτω

163 1751 224 1791 καὶ
252 1751 373 1802 χὑμεῖς
417 1758 549 1793 ποιεῖτε
585 1759 706 1798 αυτοῖς
754 1752 840 1803 (4).
916 1752 1091 1791 Profecto
1138 1765 1283 1792 summa

1149 1825 1282 1864 Chris-

203 1923 256 1960 (ι)
277 1921 346 1960 (Ps.
377 1925 480 1960 VIII.)
499 1926 606 1955 Matth.
633 1927 692 1955 VI.
720 1933 770 1964 45.
797 1925 891 1956 XXII.
923 1936 972 1964 39.
1005 1929 1096 1958 Rom.
1122 1930 1201 1963 νΠῑ.
1228 1938 1276 1966 29.

164 1981 258 2011 Hebr.
273 1981 344 2010 XII.
365 1985 414 2012 28.
438 1991 456 2011 2
476 1983 560 2012 Petr.
582 1986 607 2012 1.
625 1993 655 2021 4.

198 2040 252 2077 (2)
273 2041 375 2075 (Gen.
393 2040 447 2069 111.
468 2040 531 2078 19.)
548 2043 658 2071 Matrh.
686 2031 737 2072 VI.
754 2050 803 2073 11.
824 2043 901 2072 Luc.
922 2043 995 2079 XII,
1016 2051 1066 2078 15.
1089 2045 1202 2081 Ephes.
1222 2047 1279 2077 1v.

165 2100 213 2127 28,
235 2106 248 2127 1
271 2096 383 2127 Thess.
402 2098 455 2126 111.
474 2106 517 2128 12.
536 2098 589 2127 lv.
610 2107 657 2129 11.

203 2153 255 2192 (3)
275 2155 343 2183 Gal.
363 2156 403 2184 V.
424 2164 473 2193 24.
495 2164 507 2184 1
530 2157 611 2184 Petr.
629 2156 670 2186 11.
689 2163 703 2185 1
716 2165 740 2186 1.

202 2211 257 2250 (4)
275 2220 287 2241 1
307 2213 416 2242 Thess.
443 2214 498 2243 IV.
528 2223 558 2250 9.
584 2215 690 2243 Matth.
721 2214 818 2244 XXII.
841 2222 895 2251 29.
920 2216 1015 2246 Marc.
1034 2217 1135 2254 xxv.
1161 2229 1186 2249 2.
1213 2221 1282 2258 Jac.

162 2263 204 2297 ΙΙ.
226 2272 256 2299 8.
277 2269 385 2300 Matth.
403 2271 472 2301 VII.
489 2278 540 2302 η.
564 2272 640 2301 Luc.
659 2272 716 2301 VI.
735 2279 776 2306 ει.
1015 2285 1019 2289 -
