<?xml version="1.0" encoding="UTF-8"?>
<!DOCTYPE html PUBLIC "-//W3C//DTD XHTML 1.0 Transitional//EN"
    "http://www.w3.org/TR/xhtml1/DTD/xhtml1-transitional.dtd">
<html xmlns="http://www.w3.org/1999/xhtml" xml:lang="en" lang="en">
 <head>
  <title>
</title>
<meta http-equiv="Content-Type" content="text/html;charset=utf-8" />
  <meta name='ocr-system' content='tesseract 3.04.00' />
  <meta name='ocr-capabilities' content='ocr_page ocr_carea ocr_par ocr_line ocrx_word'/>
</head>
<body>
  <div class='ocr_page' id='page_1' title='image "annalesacademiae33rhen_0886.png"; bbox 0 0 1523 2745; ppageno 0'>
   <div class='ocr_carea' id='block_1_1' title="bbox 287 185 1276 236">
    <p class='ocr_par' dir='ltr' id='par_1_1' title="bbox 287 185 1276 236">
     <span class='ocr_line' id='line_1_1' title="bbox 287 185 1276 236; baseline 0.011 -12"><span class='ocrx_word' id='word_1_1' title='bbox 287 188 359 230; x_wconf 77' lang='lat'><strong>218</strong></span> <span class='ocrx_word' id='word_1_2' title='bbox 439 185 691 225; x_wconf 82' lang='lat' dir='ltr'><strong>COMM.</strong></span> <span class='ocrx_word' id='word_1_3' title='bbox 747 187 1276 236; x_wconf 61' lang='lat' dir='ltr'>LITERARIA„</span> 
     </span>
    </p>
   </div>
   <div class='ocr_carea' id='block_1_2' title="bbox 274 295 1401 767">
    <p class='ocr_par' dir='ltr' id='par_1_2' title="bbox 274 295 1401 767">
     <span class='ocr_line' id='line_1_2' title="bbox 286 295 1400 349; baseline 0.008 -17"><span class='ocrx_word' id='word_1_4' title='bbox 286 302 486 344; x_wconf 83' lang='lat' dir='ltr'><strong>perpetuae</strong></span> <span class='ocrx_word' id='word_1_5' title='bbox 528 296 702 343; x_wconf 83' lang='lat' dir='ltr'><strong>quaedam</strong></span> <span class='ocrx_word' id='word_1_6' title='bbox 739 295 950 335; x_wconf 83' lang='lat' dir='ltr'><strong>inimicitiae</strong></span> <span class='ocrx_word' id='word_1_7' title='bbox 984 298 1079 336; x_wconf 88' lang='lat' dir='ltr'><strong>inter</strong></span> <span class='ocrx_word' id='word_1_8' title='bbox 1106 308 1300 349; x_wconf 84' lang='lat' dir='ltr'><strong>utramque</strong></span> <span class='ocrx_word' id='word_1_9' title='bbox 1343 300 1400 341; x_wconf 85' lang='lat' dir='ltr'><strong>fa·</strong></span> 
     </span>
     <span class='ocr_line' id='line_1_3' title="bbox 284 365 1399 416; baseline 0.007 -13"><span class='ocrx_word' id='word_1_10' title='bbox 284 365 419 403; x_wconf 84' lang='lat' dir='ltr'><strong>miliam</strong></span> <span class='ocrx_word' id='word_1_11' title='bbox 460 365 672 408; x_wconf 70' lang='lat' dir='ltr'><strong>exstitisse,</strong></span> <span class='ocrx_word' id='word_1_12' title='bbox 706 378 799 413; x_wconf 87' lang='lat' dir='ltr'><strong>quae</strong></span> <span class='ocrx_word' id='word_1_13' title='bbox 834 378 854 403; x_wconf 90' lang='lat' dir='ltr'><strong>a</strong></span> <span class='ocrx_word' id='word_1_14' title='bbox 886 376 987 416; x_wconf 86' lang='lat' dir='ltr'><strong>patre</strong></span> <span class='ocrx_word' id='word_1_15' title='bbox 1018 369 1063 406; x_wconf 89' lang='lat' dir='ltr'><strong>ad</strong></span> <span class='ocrx_word' id='word_1_16' title='bbox 1098 369 1215 408; x_wconf 90' lang='lat' dir='ltr'><strong>filium</strong></span> <span class='ocrx_word' id='word_1_17' title='bbox 1246 371 1399 410; x_wconf 80' lang='lat' dir='ltr'><strong>transie-</strong></span> 
     </span>
     <span class='ocr_line' id='line_1_4' title="bbox 282 435 1394 490; baseline 0.007 -18"><span class='ocrx_word' id='word_1_18' title='bbox 282 435 373 474; x_wconf 81' lang='lat' dir='ltr'><strong>rint.</strong></span> <span class='ocrx_word' id='word_1_19' title='bbox 447 436 508 474; x_wconf 83' lang='lat' dir='ltr'><strong>Sic</strong></span> <span class='ocrx_word' id='word_1_20' title='bbox 555 437 740 473; x_wconf 81' lang='lat' dir='ltr'><strong>accusavit</strong></span> <span class='ocrx_word' id='word_1_21' title='bbox 785 437 1022 485; x_wconf 77' lang='lat' dir='ltr'><strong>Xanthippus</strong></span> <span class='ocrx_word' id='word_1_22' title='bbox 1056 439 1260 478; x_wconf 86' lang='lat' dir='ltr'><strong>Miltiadem</strong></span> <span class='ocrx_word' id='word_1_23' title='bbox 1296 441 1394 490; x_wconf 84' lang='lat'>(1),</span> 
     </span>
     <span class='ocr_line' id='line_1_5' title="bbox 283 505 1397 556; baseline 0.004 -12"><span class='ocrx_word' id='word_1_24' title='bbox 283 505 441 544; x_wconf 87' lang='lat' dir='ltr'><strong>Pericles</strong></span> <span class='ocrx_word' id='word_1_25' title='bbox 465 507 615 544; x_wconf 86' lang='lat' dir='ltr'><strong>Cimoni</strong></span> <span class='ocrx_word' id='word_1_26' title='bbox 635 516 778 554; x_wconf 84' lang='lat' dir='ltr'><strong>semper</strong></span> <span class='ocrx_word' id='word_1_27' title='bbox 800 517 881 544; x_wconf 88' lang='lat' dir='ltr'><strong>sese</strong></span> <span class='ocrx_word' id='word_1_28' title='bbox 905 509 1111 556; x_wconf 87' lang='lat' dir='ltr'><strong>opposuit,</strong></span> <span class='ocrx_word' id='word_1_29' title='bbox 1142 520 1241 548; x_wconf 90' lang='lat' dir='ltr'><strong>nunc</strong></span> <span class='ocrx_word' id='word_1_30' title='bbox 1267 522 1397 550; x_wconf 83' lang='lat' dir='ltr'><strong>rursus</strong></span> 
     </span>
     <span class='ocr_line' id='line_1_6' title="bbox 279 575 1394 630; baseline 0.006 -16"><span class='ocrx_word' id='word_1_31' title='bbox 279 575 398 615; x_wconf 87' lang='lat' dir='ltr'><strong>filium</strong></span> <span class='ocrx_word' id='word_1_32' title='bbox 433 577 638 624; x_wconf 84' lang='lat' dir='ltr'><strong>opprimere</strong></span> <span class='ocrx_word' id='word_1_33' title='bbox 675 585 830 614; x_wconf 87' lang='lat' dir='ltr'><strong>conatus</strong></span> <span class='ocrx_word' id='word_1_34' title='bbox 869 585 950 624; x_wconf 89' lang='lat' dir='ltr'><strong>est,</strong></span> <span class='ocrx_word' id='word_1_35' title='bbox 977 579 1085 627; x_wconf 87' lang='lat' dir='ltr'><strong>cujus</strong></span> <span class='ocrx_word' id='word_1_36' title='bbox 1107 590 1244 619; x_wconf 89' lang='lat' dir='ltr'><strong>nomen</strong></span> <span class='ocrx_word' id='word_1_37' title='bbox 1271 581 1394 630; x_wconf 85' lang='lat' dir='ltr'><strong>ipsum</strong></span> 
     </span>
     <span class='ocr_line' id='line_1_7' title="bbox 280 646 1401 694; baseline 0.004 -10"><span class='ocrx_word' id='word_1_38' title='bbox 280 655 392 693; x_wconf 90' lang='lat' dir='ltr'><strong>atque</strong></span> <span class='ocrx_word' id='word_1_39' title='bbox 419 658 437 683; x_wconf 94' lang='lat' dir='ltr'><strong>e</strong></span> <span class='ocrx_word' id='word_1_40' title='bbox 467 646 657 694; x_wconf 88' lang='lat' dir='ltr'><strong>peregrina</strong></span> <span class='ocrx_word' id='word_1_41' title='bbox 682 646 833 683; x_wconf 87' lang='lat' dir='ltr'><strong>muliere</strong></span> <span class='ocrx_word' id='word_1_42' title='bbox 871 654 977 684; x_wconf 88' lang='lat' dir='ltr'><strong>ortus</strong></span> <span class='ocrx_word' id='word_1_43' title='bbox 995 675 1007 692; x_wconf 80' lang='grc'><em>,</em></span> <span class='ocrx_word' id='word_1_44' title='bbox 1042 650 1240 688; x_wconf 86' lang='lat' dir='ltr'><strong>multarum</strong></span> <span class='ocrx_word' id='word_1_45' title='bbox 1272 651 1401 689; x_wconf 86' lang='lat' dir='ltr'><strong>crimi-</strong></span> 
     </span>
     <span class='ocr_line' id='line_1_8' title="bbox 274 717 1052 767; baseline 0.001 -13"><span class='ocrx_word' id='word_1_46' title='bbox 274 717 466 754; x_wconf 78' lang='lat' dir='ltr'><strong>nationum</strong></span> <span class='ocrx_word' id='word_1_47' title='bbox 494 719 724 754; x_wconf 83' lang='lat' dir='ltr'><strong>occasionem</strong></span> <span class='ocrx_word' id='word_1_48' title='bbox 747 717 944 764; x_wconf 82' lang='lat' dir='ltr'><strong>praebebat</strong></span> <span class='ocrx_word' id='word_1_49' title='bbox 968 718 1052 767; x_wconf 88' lang='lat'><em>(2).</em></span> 
     </span>
    </p>
   </div>
   <div class='ocr_carea' id='block_1_3' title="bbox 275 823 1397 1436">
    <p class='ocr_par' dir='ltr' id='par_1_3' title="bbox 275 823 1397 1436">
     <span class='ocr_line' id='line_1_9' title="bbox 327 823 1391 865; baseline 0.002 -2"><span class='ocrx_word' id='word_1_50' title='bbox 327 825 414 863; x_wconf 84' lang='lat' dir='ltr'><em>Obs.</em></span> <span class='ocrx_word' id='word_1_51' title='bbox 455 824 630 863; x_wconf 79' lang='lat' dir='ltr'>XXXIIL</span> <span class='ocrx_word' id='word_1_52' title='bbox 675 823 755 862; x_wconf 92' lang='lat' dir='ltr'><strong>Hae</strong></span> <span class='ocrx_word' id='word_1_53' title='bbox 787 824 982 862; x_wconf 89' lang='lat' dir='ltr'><strong>occasione</strong></span> <span class='ocrx_word' id='word_1_54' title='bbox 1018 825 1154 864; x_wconf 85' lang='lat' dir='ltr'><strong>Oratio</strong></span> <span class='ocrx_word' id='word_1_55' title='bbox 1194 838 1216 864; x_wconf 89' lang='lat' dir='ltr'><strong>a</strong></span> <span class='ocrx_word' id='word_1_56' title='bbox 1250 824 1391 865; x_wconf 88' lang='lat' dir='ltr'><strong>Pericle</strong></span> 
     </span>
     <span class='ocr_line' id='line_1_10' title="bbox 277 894 1393 946; baseline 0.001 -13"><span class='ocrx_word' id='word_1_57' title='bbox 277 895 402 933; x_wconf 85' lang='lat' dir='ltr'><strong>habita</strong></span> <span class='ocrx_word' id='word_1_58' title='bbox 435 894 609 941; x_wconf 85' lang='lat' dir='ltr'><strong>videtur,</strong></span> <span class='ocrx_word' id='word_1_59' title='bbox 664 906 735 941; x_wconf 86' lang='lat' dir='ltr'><strong>qua</strong></span> <span class='ocrx_word' id='word_1_60' title='bbox 773 894 1019 932; x_wconf 87' lang='lat' dir='ltr'><strong>Athenienses</strong></span> <span class='ocrx_word' id='word_1_61' title='bbox 1061 894 1279 934; x_wconf 90' lang='lat' dir='ltr'><strong>adhortatus</strong></span> <span class='ocrx_word' id='word_1_62' title='bbox 1306 904 1393 946; x_wconf 87' lang='lat' dir='ltr'><strong>est,</strong></span> 
     </span>
     <span class='ocr_line' id='line_1_11' title="bbox 278 963 1397 1013; baseline 0.002 -10"><span class='ocrx_word' id='word_1_63' title='bbox 278 974 321 1003; x_wconf 90' lang='lat' dir='ltr'><strong>ut</strong></span> <span class='ocrx_word' id='word_1_64' title='bbox 355 965 476 1013; x_wconf 88' lang='lat' dir='ltr'><strong>ipsum</strong></span> <span class='ocrx_word' id='word_1_65' title='bbox 509 965 679 1002; x_wconf 85' lang='lat' dir='ltr'><strong>dederent</strong></span> <span class='ocrx_word' id='word_1_66' title='bbox 716 963 1018 1002; x_wconf 79' lang='lat' dir='ltr'><strong>Lacedaemoniis</strong></span> <span class='ocrx_word' id='word_1_67' title='bbox 1039 991 1052 1011; x_wconf 89' lang='lat'>,</span> <span class='ocrx_word' id='word_1_68' title='bbox 1090 975 1182 1003; x_wconf 90' lang='lat' dir='ltr'><strong>usus</strong></span> <span class='ocrx_word' id='word_1_69' title='bbox 1210 965 1397 1006; x_wconf 90' lang='lat' dir='ltr'><strong>orationis</strong></span> 
     </span>
     <span class='ocr_line' id='line_1_12' title="bbox 275 1034 1395 1084; baseline 0 -11"><span class='ocrx_word' id='word_1_70' title='bbox 275 1035 419 1084; x_wconf 81' lang='lat' dir='ltr'><strong>figura,</strong></span> <span class='ocrx_word' id='word_1_71' title='bbox 472 1046 544 1082; x_wconf 84' lang='lat' dir='ltr'><strong>qua</strong></span> <span class='ocrx_word' id='word_1_72' title='bbox 582 1034 682 1072; x_wconf 89' lang='lat' dir='ltr'><strong>cives</strong></span> <span class='ocrx_word' id='word_1_73' title='bbox 722 1043 895 1081; x_wconf 87' lang='lat' dir='ltr'><strong>tanquam</strong></span> <span class='ocrx_word' id='word_1_74' title='bbox 941 1035 1146 1081; x_wconf 80' lang='lat' dir='ltr'><strong>lacessens,</strong></span> <span class='ocrx_word' id='word_1_75' title='bbox 1190 1044 1236 1072; x_wconf 88' lang='lat' dir='ltr'><strong>eo</strong></span> <span class='ocrx_word' id='word_1_76' title='bbox 1278 1035 1395 1084; x_wconf 86' lang='lat' dir='ltr'><strong>magis</strong></span> 
     </span>
     <span class='ocr_line' id='line_1_13' title="bbox 277 1103 1389 1143; baseline 0 0"><span class='ocrx_word' id='word_1_77' title='bbox 277 1114 398 1143; x_wconf 88' lang='lat' dir='ltr'><strong>tamen</strong></span> <span class='ocrx_word' id='word_1_78' title='bbox 437 1105 508 1142; x_wconf 84' lang='lat' dir='ltr'><strong>sibi</strong></span> <span class='ocrx_word' id='word_1_79' title='bbox 548 1103 763 1141; x_wconf 86' lang='lat' dir='ltr'><strong>devinciret.</strong></span> <span class='ocrx_word' id='word_1_80' title='bbox 831 1104 917 1141; x_wconf 86' lang='lat' dir='ltr'><strong>Fuit</strong></span> <span class='ocrx_word' id='word_1_81' title='bbox 948 1114 1046 1141; x_wconf 90' lang='lat' dir='ltr'><strong>certe</strong></span> <span class='ocrx_word' id='word_1_82' title='bbox 1082 1106 1171 1142; x_wconf 88' lang='lat' dir='ltr'><strong>haec</strong></span> <span class='ocrx_word' id='word_1_83' title='bbox 1206 1105 1389 1143; x_wconf 87' lang='lat' dir='ltr'><strong>sententia</strong></span> 
     </span>
     <span class='ocr_line' id='line_1_14' title="bbox 277 1174 1393 1225; baseline 0.002 -11"><span class='ocrx_word' id='word_1_84' title='bbox 277 1175 524 1223; x_wconf 83' lang='lat' dir='ltr'><strong>Hermogenis</strong></span> <span class='ocrx_word' id='word_1_85' title='bbox 555 1176 649 1224; x_wconf 79' lang='lat'>(3),</span> <span class='ocrx_word' id='word_1_86' title='bbox 693 1174 756 1211; x_wconf 90' lang='lat' dir='ltr'><strong>ubi</strong></span> <span class='ocrx_word' id='word_1_87' title='bbox 796 1174 908 1211; x_wconf 85' lang='lat' dir='ltr'><strong>dicit:</strong></span> <span class='ocrx_word' id='word_1_88' title='bbox 951 1177 1239 1223; x_wconf 70' lang='grc' dir='ltr'><em>ὁμολογουμένως</em></span> <span class='ocrx_word' id='word_1_89' title='bbox 1271 1178 1343 1225; x_wconf 66' lang='grc' dir='ltr'><strong>γὰρ</strong></span> <span class='ocrx_word' id='word_1_90' title='bbox 1375 1177 1393 1216; x_wconf 79' lang='grc' dir='ltr'>ὅ</span> 
     </span>
     <span class='ocr_line' id='line_1_15' title="bbox 283 1244 1393 1296; baseline -0.002 -8"><span class='ocrx_word' id='word_1_91' title='bbox 283 1252 457 1296; x_wconf 73' lang='grc' dir='ltr'><strong>Περικλῆς</strong></span> <span class='ocrx_word' id='word_1_92' title='bbox 483 1249 512 1286; x_wconf 83' lang='grc' dir='ltr'><strong>εἱ</strong></span> <span class='ocrx_word' id='word_1_93' title='bbox 538 1247 597 1285; x_wconf 67' lang='grc' dir='ltr'><strong>καὶ</strong></span> <span class='ocrx_word' id='word_1_94' title='bbox 629 1247 744 1292; x_wconf 74' lang='grc' dir='ltr'><em>λέγει·</em></span> <span class='ocrx_word' id='word_1_95' title='bbox 774 1244 948 1293; x_wconf 66' lang='grc' dir='ltr'>πέμψατέ</span> <span class='ocrx_word' id='word_1_96' title='bbox 981 1260 1058 1292; x_wconf 79' lang='grc' dir='ltr'><strong>με,</strong></span> <span class='ocrx_word' id='word_1_97' title='bbox 1086 1247 1254 1293; x_wconf 64' lang='grc' dir='ltr'><em>σχήματι</em></span> <span class='ocrx_word' id='word_1_98' title='bbox 1290 1246 1393 1293; x_wconf 79' lang='grc' dir='ltr'><em>μόνον</em></span> 
     </span>
     <span class='ocr_line' id='line_1_16' title="bbox 278 1312 1391 1364; baseline -0.003 -6"><span class='ocrx_word' id='word_1_99' title='bbox 278 1318 388 1364; x_wconf 74' lang='grc' dir='ltr'><em>λόγου</em></span> <span class='ocrx_word' id='word_1_100' title='bbox 415 1318 539 1363; x_wconf 64' lang='grc' dir='ltr'><em>λέγεις</em></span> <span class='ocrx_word' id='word_1_101' title='bbox 583 1324 695 1360; x_wconf 86' lang='lat' dir='ltr'><strong>atque</strong></span> <span class='ocrx_word' id='word_1_102' title='bbox 733 1313 804 1349; x_wconf 83' lang='lat' dir='ltr'><strong>alio</strong></span> <span class='ocrx_word' id='word_1_103' title='bbox 841 1314 924 1348; x_wconf 89' lang='lat' dir='ltr'><strong>loco</strong></span> <span class='ocrx_word' id='word_1_104' title='bbox 952 1313 1045 1361; x_wconf 81' lang='lat'><strong>(4),</strong></span> <span class='ocrx_word' id='word_1_105' title='bbox 1085 1312 1150 1353; x_wconf 81' lang='grc' dir='ltr'><em>οἷον</em></span> <span class='ocrx_word' id='word_1_106' title='bbox 1176 1315 1192 1352; x_wconf 79' lang='grc' dir='ltr'><em>ὃ</em></span> <span class='ocrx_word' id='word_1_107' title='bbox 1218 1319 1391 1364; x_wconf 75' lang='grc' dir='ltr'><em>Περικλῆς</em></span> 
     </span>
     <span class='ocr_line' id='line_1_17' title="bbox 279 1384 1244 1436; baseline -0.006 -9"><span class='ocrx_word' id='word_1_108' title='bbox 279 1389 315 1427; x_wconf 76' lang='grc' dir='ltr'><strong>ἐν</strong></span> <span class='ocrx_word' id='word_1_109' title='bbox 341 1388 389 1436; x_wconf 79' lang='grc' dir='ltr'><strong>τῷ</strong></span> <span class='ocrx_word' id='word_1_110' title='bbox 414 1387 536 1426; x_wconf 65' lang='grc' dir='ltr'>ἑαυτὸν</span> <span class='ocrx_word' id='word_1_111' title='bbox 563 1385 680 1432; x_wconf 66' lang='grc' dir='ltr'><em>ἀξιοῦν</em></span> <span class='ocrx_word' id='word_1_112' title='bbox 705 1384 870 1423; x_wconf 73' lang='grc' dir='ltr'><em>ἀπέλθειν</em></span> <span class='ocrx_word' id='word_1_113' title='bbox 895 1385 944 1427; x_wconf 76' lang='grc' dir='ltr'><strong>εἰς</strong></span> <span class='ocrx_word' id='word_1_114' title='bbox 969 1384 1244 1431; x_wconf 78' lang='grc' dir='ltr'><strong>Λοικεδοιίμονοι.</strong></span> 
     </span>
    </p>
   </div>
   <div class='ocr_carea' id='block_1_4' title="bbox 273 1488 1391 2032">
    <p class='ocr_par' dir='ltr' id='par_1_4' title="bbox 273 1488 1391 1891">
     <span class='ocr_line' id='line_1_18' title="bbox 329 1488 1391 1543; baseline -0.006 -9"><span class='ocrx_word' id='word_1_115' title='bbox 329 1495 416 1534; x_wconf 88' lang='lat' dir='ltr'><strong>Obs.</strong></span> <span class='ocrx_word' id='word_1_116' title='bbox 458 1490 635 1531; x_wconf 88' lang='lat' dir='ltr'>XXXIV.</span> <span class='ocrx_word' id='word_1_117' title='bbox 674 1490 782 1543; x_wconf 28' lang='lat' dir='ltr'><strong>Inter.</strong></span> <span class='ocrx_word' id='word_1_118' title='bbox 811 1490 871 1527; x_wconf 81' lang='lat' dir='ltr'><strong>hos</strong></span> <span class='ocrx_word' id='word_1_119' title='bbox 905 1490 1041 1538; x_wconf 76' lang='lat' dir='ltr'><strong>legatos</strong></span> <span class='ocrx_word' id='word_1_120' title='bbox 1077 1488 1172 1535; x_wconf 77' lang='lat' dir='ltr'><strong>fuit,</strong></span> <span class='ocrx_word' id='word_1_121' title='bbox 1224 1490 1283 1527; x_wconf 89' lang='lat' dir='ltr'><strong>cui</strong></span> <span class='ocrx_word' id='word_1_122' title='bbox 1322 1501 1391 1528; x_wconf 91' lang='lat' dir='ltr'><strong>no-</strong></span> 
     </span>
     <span class='ocr_line' id='line_1_19' title="bbox 277 1559 1390 1608; baseline -0.005 -5"><span class='ocrx_word' id='word_1_123' title='bbox 277 1576 362 1604; x_wconf 88' lang='lat' dir='ltr'><strong>men</strong></span> <span class='ocrx_word' id='word_1_124' title='bbox 401 1571 475 1601; x_wconf 85' lang='lat' dir='ltr'><strong>erat</strong></span> <span class='ocrx_word' id='word_1_125' title='bbox 514 1562 735 1608; x_wconf 86' lang='lat' dir='ltr'><strong>Polyarces‚</strong></span> <span class='ocrx_word' id='word_1_126' title='bbox 764 1560 807 1597; x_wconf 87' lang='lat' dir='ltr'><strong>de</strong></span> <span class='ocrx_word' id='word_1_127' title='bbox 833 1570 912 1607; x_wconf 78' lang='lat' dir='ltr'><strong>quo</strong></span> <span class='ocrx_word' id='word_1_128' title='bbox 945 1559 1160 1598; x_wconf 80' lang='lat' dir='ltr'><strong>Plutarchus</strong></span> <span class='ocrx_word' id='word_1_129' title='bbox 1198 1560 1267 1607; x_wconf 78' lang='lat'><strong>(5)</strong></span> <span class='ocrx_word' id='word_1_130' title='bbox 1304 1560 1390 1598; x_wconf 84' lang='lat' dir='ltr'><strong>haec</strong></span> 
     </span>
     <span class='ocr_line' id='line_1_20' title="bbox 273 1628 1387 1677; baseline -0.004 -5"><span class='ocrx_word' id='word_1_131' title='bbox 273 1642 476 1673; x_wconf 84' lang='lat' dir='ltr'><strong>memorat:</strong></span> <span class='ocrx_word' id='word_1_132' title='bbox 506 1638 745 1668; x_wconf 82' lang='lat' dir='ltr'><strong>excusaverat</strong></span> <span class='ocrx_word' id='word_1_133' title='bbox 785 1628 1017 1676; x_wconf 83' lang='lat' dir='ltr'><strong>pertinaciam</strong></span> <span class='ocrx_word' id='word_1_134' title='bbox 1059 1639 1163 1666; x_wconf 86' lang='lat' dir='ltr'><strong>suam</strong></span> <span class='ocrx_word' id='word_1_135' title='bbox 1203 1629 1387 1677; x_wconf 84' lang='lat' dir='ltr'><strong>Pericles,</strong></span> 
     </span>
     <span class='ocr_line' id='line_1_21' title="bbox 276 1698 1390 1748; baseline -0.004 -6"><span class='ocrx_word' id='word_1_136' title='bbox 276 1705 402 1742; x_wconf 91' lang='lat' dir='ltr'><strong>dicens</strong></span> <span class='ocrx_word' id='word_1_137' title='bbox 438 1703 518 1748; x_wconf 78' lang='lat' dir='ltr'><strong>lege</strong></span> <span class='ocrx_word' id='word_1_138' title='bbox 547 1711 587 1738; x_wconf 88' lang='lat' dir='ltr'><strong>se</strong></span> <span class='ocrx_word' id='word_1_139' title='bbox 613 1698 835 1747; x_wconf 81' lang='lat' dir='ltr'><strong>prohiberi,</strong></span> <span class='ocrx_word' id='word_1_140' title='bbox 880 1698 1091 1745; x_wconf 84' lang='lat' dir='ltr'><strong>quominus</strong></span> <span class='ocrx_word' id='word_1_141' title='bbox 1140 1698 1325 1748; x_wconf 77' lang='lat' dir='ltr'><strong>tabulam,</strong></span> <span class='ocrx_word' id='word_1_142' title='bbox 1352 1701 1390 1738; x_wconf 84' lang='lat' dir='ltr'><strong>in</strong></span> 
     </span>
     <span class='ocr_line' id='line_1_22' title="bbox 280 1767 1388 1821; baseline -0.005 -9"><span class='ocrx_word' id='word_1_143' title='bbox 280 1784 353 1821; x_wconf 86' lang='lat' dir='ltr'><strong>qua</strong></span> <span class='ocrx_word' id='word_1_144' title='bbox 401 1771 613 1821; x_wconf 85' lang='lat' dir='ltr'><strong>psephisma</strong></span> <span class='ocrx_word' id='word_1_145' title='bbox 663 1770 838 1806; x_wconf 85' lang='lat' dir='ltr'><strong>adversus</strong></span> <span class='ocrx_word' id='word_1_146' title='bbox 899 1767 1137 1814; x_wconf 84' lang='lat' dir='ltr'><strong>Megarenses</strong></span> <span class='ocrx_word' id='word_1_147' title='bbox 1207 1769 1388 1818; x_wconf 88' lang='lat' dir='ltr'><strong>scriptum</strong></span> 
     </span>
     <span class='ocr_line' id='line_1_23' title="bbox 280 1837 1389 1891; baseline -0.004 -10"><span class='ocrx_word' id='word_1_148' title='bbox 280 1853 381 1891; x_wconf 86' lang='lat' dir='ltr'><strong>erat,</strong></span> <span class='ocrx_word' id='word_1_149' title='bbox 412 1843 604 1888; x_wconf 80' lang='lat' dir='ltr'><strong>avelleret3</strong></span> <span class='ocrx_word' id='word_1_150' title='bbox 644 1839 783 1888; x_wconf 87' lang='lat' dir='ltr'><strong>quibus</strong></span> <span class='ocrx_word' id='word_1_151' title='bbox 814 1837 977 1884; x_wconf 82' lang='lat' dir='ltr'><strong>auditis,</strong></span> <span class='ocrx_word' id='word_1_152' title='bbox 1004 1837 1214 1885; x_wconf 81' lang='lat' dir='ltr'><strong>Polyarces&#39;</strong></span> <span class='ocrx_word' id='word_1_153' title='bbox 1233 1850 1389 1888; x_wconf 89' lang='lat' dir='ltr'><strong>respon-</strong></span> 
     </span>
    </p>

    <p class='ocr_par' dir='ltr' id='par_1_5' title="bbox 1307 1910 1385 1948">
     <span class='ocr_line' id='line_1_24' title="bbox 1307 1910 1385 1948; baseline 0.013 -1"><span class='ocrx_word' id='word_1_154' title='bbox 1307 1910 1385 1948; x_wconf 73' lang='lat' dir='ltr'><strong>ditt</strong></span> 
     </span>
    </p>

    <p class='ocr_par' dir='ltr' id='par_1_6' title="bbox 317 1992 647 2032">
     <span class='ocr_line' id='line_1_25' title="bbox 317 1992 647 2032; baseline -0.009 -9"><span class='ocrx_word' id='word_1_155' title='bbox 317 1993 368 2032; x_wconf 85' lang='grc' dir='ltr'><strong>(ι)</strong></span> <span class='ocrx_word' id='word_1_156' title='bbox 389 1994 481 2023; x_wconf 86' lang='lat' dir='ltr'><strong>Conf.</strong></span> <span class='ocrx_word' id='word_1_157' title='bbox 504 1995 575 2021; x_wconf 80' lang='lat' dir='ltr'><em>Ohs.</em></span> <span class='ocrx_word' id='word_1_158' title='bbox 601 1992 647 2021; x_wconf 84' lang='lat' dir='ltr'><strong>II.</strong></span> 
     </span>
    </p>
   </div>
   <div class='ocr_carea' id='block_1_5' title="bbox 319 2048 1386 2147">
    <p class='ocr_par' dir='ltr' id='par_1_7' title="bbox 319 2048 1386 2147">
     <span class='ocr_line' id='line_1_26' title="bbox 319 2048 1079 2090; baseline -0.005 -10"><span class='ocrx_word' id='word_1_159' title='bbox 319 2055 374 2090; x_wconf 80' lang='lat'><strong>(2)</strong></span> <span class='ocrx_word' id='word_1_160' title='bbox 396 2053 477 2080; x_wconf 86' lang='lat' dir='ltr'><strong>Plut.</strong></span> <span class='ocrx_word' id='word_1_161' title='bbox 500 2053 523 2080; x_wconf 90' lang='lat'><strong>1.</strong></span> <span class='ocrx_word' id='word_1_162' title='bbox 544 2053 565 2078; x_wconf 86' lang='lat'><strong>1.</strong></span> <span class='ocrx_word' id='word_1_163' title='bbox 588 2070 630 2076; x_wconf 64' lang='lat'><strong>—-</strong></span> <span class='ocrx_word' id='word_1_164' title='bbox 647 2049 726 2079; x_wconf 87' lang='lat' dir='ltr'><strong>Cim.</strong></span> <span class='ocrx_word' id='word_1_165' title='bbox 747 2057 814 2084; x_wconf 83' lang='lat' dir='ltr'><strong>cap.</strong></span> <span class='ocrx_word' id='word_1_166' title='bbox 839 2050 882 2078; x_wconf 82' lang='lat'><strong>16.</strong></span> <span class='ocrx_word' id='word_1_167' title='bbox 902 2058 933 2083; x_wconf 85' lang='lat' dir='ltr'><strong>p.</strong></span> <span class='ocrx_word' id='word_1_168' title='bbox 949 2052 1019 2086; x_wconf 75' lang='lat'><strong>488.</strong></span> <span class='ocrx_word' id='word_1_169' title='bbox 1042 2048 1079 2076; x_wconf 77' lang='lat' dir='ltr'><strong>E.</strong></span> 
     </span>
     <span class='ocr_line' id='line_1_27' title="bbox 320 2106 1386 2147; baseline -0.012 0"><span class='ocrx_word' id='word_1_170' title='bbox 320 2112 371 2147; x_wconf 82' lang='grc'><strong>(3)</strong></span> <span class='ocrx_word' id='word_1_171' title='bbox 391 2113 437 2141; x_wconf 82' lang='lat' dir='ltr'><strong>De</strong></span> <span class='ocrx_word' id='word_1_172' title='bbox 469 2111 588 2138; x_wconf 88' lang='lat' dir='ltr'><strong>Invent.</strong></span> <span class='ocrx_word' id='word_1_173' title='bbox 620 2107 685 2135; x_wconf 83' lang='lat' dir='ltr'><strong>Lib.</strong></span> <span class='ocrx_word' id='word_1_174' title='bbox 706 2108 758 2135; x_wconf 84' lang='lat' dir='ltr'><strong>IV.</strong></span> <span class='ocrx_word' id='word_1_175' title='bbox 778 2114 843 2141; x_wconf 81' lang='lat' dir='ltr'><strong>cap.</strong></span> <span class='ocrx_word' id='word_1_176' title='bbox 867 2107 903 2134; x_wconf 87' lang='lat' dir='ltr'><strong>dc</strong></span> <span class='ocrx_word' id='word_1_177' title='bbox 930 2106 997 2141; x_wconf 80' lang='lat' dir='ltr'>figg.</span> <span class='ocrx_word' id='word_1_178' title='bbox 1020 2108 1142 2143; x_wconf 86' lang='lat' dir='ltr'><strong>Quaest.</strong></span> <span class='ocrx_word' id='word_1_179' title='bbox 1163 2113 1194 2141; x_wconf 85' lang='lat' dir='ltr'><strong>p.</strong></span> <span class='ocrx_word' id='word_1_180' title='bbox 1217 2109 1281 2136; x_wconf 82' lang='lat'>218.</span> <span class='ocrx_word' id='word_1_181' title='bbox 1302 2106 1386 2134; x_wconf 86' lang='lat' dir='ltr'><strong>Stur-</strong></span> 
     </span>
    </p>
   </div>
   <div class='ocr_carea' id='block_1_6' title="bbox 283 2179 970 2323">
    <p class='ocr_par' dir='ltr' id='par_1_8' title="bbox 283 2179 970 2323">
     <span class='ocr_line' id='line_1_28' title="bbox 283 2179 349 2200; baseline -0.03 0"><span class='ocrx_word' id='word_1_182' title='bbox 283 2179 349 2200; x_wconf 73' lang='lat' dir='ltr'><strong>mlh</strong></span> 
     </span>
     <span class='ocr_line' id='line_1_29' title="bbox 321 2224 707 2266; baseline -0.01 -12"><span class='ocrx_word' id='word_1_183' title='bbox 321 2228 374 2266; x_wconf 71' lang='lat'><strong>(4)</strong></span> <span class='ocrx_word' id='word_1_184' title='bbox 396 2226 462 2255; x_wconf 84' lang='lat' dir='ltr'><strong>Lib.</strong></span> <span class='ocrx_word' id='word_1_185' title='bbox 480 2224 562 2252; x_wconf 84' lang='lat' dir='ltr'><strong>laud.</strong></span> <span class='ocrx_word' id='word_1_186' title='bbox 584 2231 615 2257; x_wconf 84' lang='lat' dir='ltr'><strong>p.</strong></span> <span class='ocrx_word' id='word_1_187' title='bbox 640 2231 707 2251; x_wconf 64' lang='grc' dir='ltr'><strong>πο.</strong></span> 
     </span>
     <span class='ocr_line' id='line_1_30' title="bbox 320 2277 970 2323; baseline -0.014 -9"><span class='ocrx_word' id='word_1_188' title='bbox 320 2286 469 2323; x_wconf 83' lang='lat' dir='ltr'><strong>(5)P1ut.</strong></span> <span class='ocrx_word' id='word_1_189' title='bbox 492 2282 522 2310; x_wconf 88' lang='lat' dir='ltr'><strong>in</strong></span> <span class='ocrx_word' id='word_1_190' title='bbox 540 2284 604 2311; x_wconf 84' lang='lat' dir='ltr'><strong>Per.</strong></span> <span class='ocrx_word' id='word_1_191' title='bbox 628 2287 692 2315; x_wconf 86' lang='lat' dir='ltr'><strong>cap.</strong></span> <span class='ocrx_word' id='word_1_192' title='bbox 715 2287 761 2313; x_wconf 80' lang='lat'><strong>30=</strong></span> <span class='ocrx_word' id='word_1_193' title='bbox 789 2285 818 2313; x_wconf 43' lang='lat' dir='ltr'><strong>p*</strong></span> <span class='ocrx_word' id='word_1_194' title='bbox 843 2280 907 2307; x_wconf 70' lang='lat'>168.</span> <span class='ocrx_word' id='word_1_195' title='bbox 931 2277 970 2305; x_wconf 85' lang='lat' dir='ltr'><strong>D.</strong></span> 
     </span>
    </p>
   </div>
  </div>
 </body>
</html>
