<?xml version="1.0" encoding="UTF-8"?>
<!DOCTYPE html PUBLIC "-//W3C//DTD XHTML 1.0 Transitional//EN"
    "http://www.w3.org/TR/xhtml1/DTD/xhtml1-transitional.dtd">
<html xmlns="http://www.w3.org/1999/xhtml" xml:lang="en" lang="en">
 <head>
  <title>
</title>
<meta http-equiv="Content-Type" content="text/html;charset=utf-8" />
  <meta name='ocr-system' content='tesseract 3.04.00' />
  <meta name='ocr-capabilities' content='ocr_page ocr_carea ocr_par ocr_line ocrx_word'/>
</head>
<body>
  <div class='ocr_page' id='page_1' title='image "annalesacademiae33rhen_0344.png"; bbox 0 0 1502 2767; ppageno 0'>
   <div class='ocr_carea' id='block_1_1' title="bbox 230 149 1118 196">
    <p class='ocr_par' dir='ltr' id='par_1_1' title="bbox 230 149 1118 196">
     <span class='ocr_line' id='line_1_1' title="bbox 230 149 1118 196; baseline -0.008 -1"><span class='ocrx_word' id='word_1_1' title='bbox 230 159 277 195; x_wconf 88' lang='lat'>60</span> <span class='ocrx_word' id='word_1_2' title='bbox 454 149 1118 196; x_wconf 84' lang='lat' dir='ltr'><strong>COMMENTATIO</strong></span> 
     </span>
    </p>
   </div>
   <div class='ocr_carea' id='block_1_2' title="bbox 155 259 1347 1571">
    <p class='ocr_par' dir='ltr' id='par_1_2' title="bbox 229 259 1347 876">
     <span class='ocr_line' id='line_1_2' title="bbox 280 259 1338 316; baseline -0.005 -13"><span class='ocrx_word' id='word_1_3' title='bbox 280 266 427 316; x_wconf 83' lang='lat' dir='ltr'><strong>Quodsi</strong></span> <span class='ocrx_word' id='word_1_4' title='bbox 469 264 679 314; x_wconf 79' lang='lat' dir='ltr'>singulatIm</span> <span class='ocrx_word' id='word_1_5' title='bbox 717 263 809 302; x_wconf 88' lang='lat' dir='ltr'>civis</span> <span class='ocrx_word' id='word_1_6' title='bbox 857 260 1061 302; x_wconf 86' lang='lat' dir='ltr'>Christiani</span> <span class='ocrx_word' id='word_1_7' title='bbox 1097 259 1215 299; x_wconf 83' lang='lat' dir='ltr'>officia</span> <span class='ocrx_word' id='word_1_8' title='bbox 1246 271 1338 298; x_wconf 90' lang='lat' dir='ltr'>con·</span> 
     </span>
     <span class='ocr_line' id='line_1_3' title="bbox 229 334 1341 383; baseline -0.007 -8"><span class='ocrx_word' id='word_1_9' title='bbox 229 337 366 375; x_wconf 74' lang='lat' dir='ltr'>sidetes</span> <span class='ocrx_word' id='word_1_10' title='bbox 389 364 402 383; x_wconf 91' lang='lat'>,</span> <span class='ocrx_word' id='word_1_11' title='bbox 461 334 646 373; x_wconf 78' lang='lat' dir='ltr'>constabit</span> <span class='ocrx_word' id='word_1_12' title='bbox 667 360 681 380; x_wconf 89' lang='lat'>,</span> <span class='ocrx_word' id='word_1_13' title='bbox 743 344 825 371; x_wconf 89' lang='lat' dir='ltr'>eum</span> <span class='ocrx_word' id='word_1_14' title='bbox 851 361 864 380; x_wconf 95' lang='lat'>,</span> <span class='ocrx_word' id='word_1_15' title='bbox 933 341 1160 380; x_wconf 87' lang='lat' dir='ltr'>quocunque</span> <span class='ocrx_word' id='word_1_16' title='bbox 1211 340 1341 368; x_wconf 89' lang='lat' dir='ltr'>mune·</span> 
     </span>
     <span class='ocr_line' id='line_1_4' title="bbox 232 399 1335 452; baseline -0.008 -7"><span class='ocrx_word' id='word_1_17' title='bbox 232 419 272 445; x_wconf 91' lang='lat' dir='ltr'>re</span> <span class='ocrx_word' id='word_1_18' title='bbox 326 407 426 444; x_wconf 89' lang='lat' dir='ltr'>civili</span> <span class='ocrx_word' id='word_1_19' title='bbox 480 405 680 452; x_wconf 87' lang='lat' dir='ltr'>fungatur,</span> <span class='ocrx_word' id='word_1_20' title='bbox 733 402 770 440; x_wconf 91' lang='lat' dir='ltr'>id</span> <span class='ocrx_word' id='word_1_21' title='bbox 812 410 1010 448; x_wconf 88' lang='lat' dir='ltr'>acturum,</span> <span class='ocrx_word' id='word_1_22' title='bbox 1061 408 1105 438; x_wconf 87' lang='lat' dir='ltr'>ut</span> <span class='ocrx_word' id='word_1_23' title='bbox 1146 399 1335 446; x_wconf 79' lang='lat' dir='ltr'>alacriter,</span> 
     </span>
     <span class='ocr_line' id='line_1_5' title="bbox 230 469 1342 523; baseline -0.008 -8"><span class='ocrx_word' id='word_1_24' title='bbox 230 489 278 515; x_wconf 91' lang='lat' dir='ltr'>ne</span> <span class='ocrx_word' id='word_1_25' title='bbox 316 476 424 515; x_wconf 86' lang='lat' dir='ltr'>alicui</span> <span class='ocrx_word' id='word_1_26' title='bbox 450 475 590 523; x_wconf 85' lang='lat' dir='ltr'>aliquid</span> <span class='ocrx_word' id='word_1_27' title='bbox 611 472 764 519; x_wconf 88' lang='lat' dir='ltr'>debeat,</span> <span class='ocrx_word' id='word_1_28' title='bbox 793 472 929 521; x_wconf 88' lang='lat' dir='ltr'>(Rom.</span> <span class='ocrx_word' id='word_1_29' title='bbox 956 471 1061 510; x_wconf 86' lang='grc' dir='ltr'><strong>ΧΠΙ.</strong></span> <span class='ocrx_word' id='word_1_30' title='bbox 1090 482 1127 518; x_wconf 89' lang='lat'>7.</span> <span class='ocrx_word' id='word_1_31' title='bbox 1158 469 1220 518; x_wconf 89' lang='lat'>8.)</span> <span class='ocrx_word' id='word_1_32' title='bbox 1245 480 1342 507; x_wconf 89' lang='lat' dir='ltr'>nun·</span> 
     </span>
     <span class='ocr_line' id='line_1_6' title="bbox 232 541 1342 595; baseline -0.007 -10"><span class='ocrx_word' id='word_1_33' title='bbox 232 559 340 595; x_wconf 88' lang='lat' dir='ltr'>quam</span> <span class='ocrx_word' id='word_1_34' title='bbox 370 545 509 584; x_wconf 66' lang='lat' dir='ltr'>invidia</span> <span class='ocrx_word' id='word_1_35' title='bbox 547 552 666 582; x_wconf 89' lang='lat' dir='ltr'>tactus</span> <span class='ocrx_word' id='word_1_36' title='bbox 704 542 1002 592; x_wconf 85' lang='lat' dir='ltr'>imprudenterve</span> <span class='ocrx_word' id='word_1_37' title='bbox 1028 552 1168 590; x_wconf 82' lang='lat' dir='ltr'>agens,</span> <span class='ocrx_word' id='word_1_38' title='bbox 1196 541 1342 589; x_wconf 84' lang='lat' dir='ltr'>sapien-</span> 
     </span>
     <span class='ocr_line' id='line_1_7' title="bbox 232 611 1338 666; baseline -0.007 -11"><span class='ocrx_word' id='word_1_39' title='bbox 232 627 312 664; x_wconf 86' lang='lat' dir='ltr'>ter,</span> <span class='ocrx_word' id='word_1_40' title='bbox 335 618 438 666; x_wconf 75' lang='lat' dir='ltr'>Juste</span> <span class='ocrx_word' id='word_1_41' title='bbox 472 624 509 652; x_wconf 90' lang='lat' dir='ltr'>et</span> <span class='ocrx_word' id='word_1_42' title='bbox 533 615 687 652; x_wconf 84' lang='lat' dir='ltr'>honeste</span> <span class='ocrx_word' id='word_1_43' title='bbox 712 614 838 660; x_wconf 88' lang='lat' dir='ltr'>leges,</span> <span class='ocrx_word' id='word_1_44' title='bbox 874 611 966 658; x_wconf 84' lang='lat' dir='ltr'>quid</span> <span class='ocrx_word' id='word_1_45' title='bbox 1000 611 1119 649; x_wconf 86' lang='lat' dir='ltr'>cuivis</span> <span class='ocrx_word' id='word_1_46' title='bbox 1155 611 1338 659; x_wconf 85' lang='lat' dir='ltr'>agendum</span> 
     </span>
     <span class='ocr_line' id='line_1_8' title="bbox 229 680 1340 728; baseline -0.008 -3"><span class='ocrx_word' id='word_1_47' title='bbox 229 689 288 726; x_wconf 89' lang='lat' dir='ltr'>vel</span> <span class='ocrx_word' id='word_1_48' title='bbox 319 685 563 724; x_wconf 82' lang='lat' dir='ltr'>omittendum</span> <span class='ocrx_word' id='word_1_49' title='bbox 592 684 642 722; x_wconf 89' lang='lat' dir='ltr'>sit</span> <span class='ocrx_word' id='word_1_50' title='bbox 669 682 910 728; x_wconf 84' lang='lat' dir='ltr'>definientes,</span> <span class='ocrx_word' id='word_1_51' title='bbox 937 680 1114 718; x_wconf 86' lang='lat' dir='ltr'>vindicari</span> <span class='ocrx_word' id='word_1_52' title='bbox 1136 688 1266 726; x_wconf 80' lang='lat' dir='ltr'>curet3</span> <span class='ocrx_word' id='word_1_53' title='bbox 1295 687 1340 716; x_wconf 88' lang='lat' dir='ltr'>ut</span> 
     </span>
     <span class='ocr_line' id='line_1_9' title="bbox 229 749 1347 802; baseline -0.009 -6"><span class='ocrx_word' id='word_1_54' title='bbox 229 768 358 796; x_wconf 85' lang='lat' dir='ltr'>omnes</span> <span class='ocrx_word' id='word_1_55' title='bbox 389 755 503 794; x_wconf 88' lang='lat' dir='ltr'>libere</span> <span class='ocrx_word' id='word_1_56' title='bbox 542 763 579 792; x_wconf 89' lang='lat' dir='ltr'>et</span> <span class='ocrx_word' id='word_1_57' title='bbox 608 762 690 791; x_wconf 89' lang='lat' dir='ltr'>tute</span> <span class='ocrx_word' id='word_1_58' title='bbox 718 752 865 802; x_wconf 87' lang='lat' dir='ltr'>J&#39;uribus</span> <span class='ocrx_word' id='word_1_59' title='bbox 897 750 1069 788; x_wconf 88' lang='lat' dir='ltr'>fruantur</span> <span class='ocrx_word' id='word_1_60' title='bbox 1094 749 1191 799; x_wconf 84' lang='lat'>(1),</span> <span class='ocrx_word' id='word_1_61' title='bbox 1231 759 1347 797; x_wconf 83' lang='lat' dir='ltr'>quae·</span> 
     </span>
     <span class='ocr_line' id='line_1_10' title="bbox 233 823 945 876; baseline -0.01 -11"><span class='ocrx_word' id='word_1_62' title='bbox 233 840 305 876; x_wconf 90' lang='lat' dir='ltr'>que</span> <span class='ocrx_word' id='word_1_63' title='bbox 341 826 386 864; x_wconf 86' lang='lat' dir='ltr'>iis</span> <span class='ocrx_word' id='word_1_64' title='bbox 415 832 654 873; x_wconf 80' lang='lat' dir='ltr'>competant,</span> <span class='ocrx_word' id='word_1_65' title='bbox 682 823 945 870; x_wconf 81' lang='lat' dir='ltr'>adipiscantur.</span> 
     </span>
    </p>

    <p class='ocr_par' dir='ltr' id='par_1_3' title="bbox 229 890 1344 1155">
     <span class='ocr_line' id='line_1_11' title="bbox 283 890 1344 942; baseline -0.008 -8"><span class='ocrx_word' id='word_1_66' title='bbox 283 898 504 935; x_wconf 84' lang='lat' dir='ltr'>Persuasum</span> <span class='ocrx_word' id='word_1_67' title='bbox 537 894 591 932; x_wconf 88' lang='lat' dir='ltr'>illi</span> <span class='ocrx_word' id='word_1_68' title='bbox 617 903 673 931; x_wconf 89' lang='lat' dir='ltr'>est</span> <span class='ocrx_word' id='word_1_69' title='bbox 700 893 889 930; x_wconf 79' lang='lat' dir='ltr'>civitatem</span> <span class='ocrx_word' id='word_1_70' title='bbox 905 919 919 939; x_wconf 87' lang='lat'>,</span> <span class='ocrx_word' id='word_1_71' title='bbox 949 903 1056 940; x_wconf 90' lang='lat' dir='ltr'>quam</span> <span class='ocrx_word' id='word_1_72' title='bbox 1083 890 1255 942; x_wconf 66' lang='lat' dir='ltr'>homines</span> <span class='ocrx_word' id='word_1_73' title='bbox 1286 899 1344 927; x_wconf 86' lang='lat' dir='ltr'>sa·</span> 
     </span>
     <span class='ocr_line' id='line_1_12' title="bbox 229 962 1340 1016; baseline -0.006 -11"><span class='ocrx_word' id='word_1_74' title='bbox 229 965 472 1016; x_wconf 63' lang='lat' dir='ltr'>Eientissimis</span> <span class='ocrx_word' id='word_1_75' title='bbox 494 965 539 1002; x_wconf 90' lang='lat' dir='ltr'>de</span> <span class='ocrx_word' id='word_1_76' title='bbox 562 963 683 1002; x_wconf 83' lang='lat' dir='ltr'>causis</span> <span class='ocrx_word' id='word_1_77' title='bbox 707 962 892 1008; x_wconf 88' lang='lat' dir='ltr'>inierunt,</span> <span class='ocrx_word' id='word_1_78' title='bbox 917 971 1087 1000; x_wconf 83' lang='lat' dir='ltr'>constare</span> <span class='ocrx_word' id='word_1_79' title='bbox 1101 971 1179 999; x_wconf 90' lang='lat' dir='ltr'>non</span> <span class='ocrx_word' id='word_1_80' title='bbox 1202 971 1340 1009; x_wconf 87' lang='lat' dir='ltr'>posse,</span> 
     </span>
     <span class='ocr_line' id='line_1_13' title="bbox 233 1030 1344 1081; baseline -0.007 -6"><span class='ocrx_word' id='word_1_81' title='bbox 233 1037 306 1075; x_wconf 85' lang='lat' dir='ltr'>nisi</span> <span class='ocrx_word' id='word_1_82' title='bbox 324 1039 472 1075; x_wconf 80' lang='lat' dir='ltr'>interne</span> <span class='ocrx_word' id='word_1_83' title='bbox 493 1036 615 1072; x_wconf 88' lang='lat' dir='ltr'>omnia</span> <span class='ocrx_word' id='word_1_84' title='bbox 641 1032 716 1070; x_wconf 88' lang='lat' dir='ltr'>sint</span> <span class='ocrx_word' id='word_1_85' title='bbox 739 1032 834 1081; x_wconf 85' lang='lat' dir='ltr'>bene</span> <span class='ocrx_word' id='word_1_86' title='bbox 857 1032 1021 1070; x_wconf 81' lang='lat' dir='ltr'>ordinata</span> <span class='ocrx_word' id='word_1_87' title='bbox 1037 1058 1049 1079; x_wconf 88' lang='lat'>,</span> <span class='ocrx_word' id='word_1_88' title='bbox 1076 1031 1255 1078; x_wconf 87' lang='lat' dir='ltr'>floreant,</span> <span class='ocrx_word' id='word_1_89' title='bbox 1283 1030 1344 1068; x_wconf 87' lang='lat' dir='ltr'>vi-</span> 
     </span>
     <span class='ocr_line' id='line_1_14' title="bbox 232 1100 1342 1155; baseline -0.008 -11"><span class='ocrx_word' id='word_1_90' title='bbox 232 1114 367 1155; x_wconf 89' lang='lat' dir='ltr'>geant,</span> <span class='ocrx_word' id='word_1_91' title='bbox 395 1103 576 1143; x_wconf 80' lang='lat' dir='ltr'>unanimis</span> <span class='ocrx_word' id='word_1_92' title='bbox 601 1100 766 1140; x_wconf 89' lang='lat' dir='ltr'>omnium</span> <span class='ocrx_word' id='word_1_93' title='bbox 794 1100 843 1139; x_wconf 88' lang='lat' dir='ltr'>sit</span> <span class='ocrx_word' id='word_1_94' title='bbox 874 1101 1078 1146; x_wconf 84' lang='lat' dir='ltr'>voluntas,</span> <span class='ocrx_word' id='word_1_95' title='bbox 1119 1108 1156 1136; x_wconf 91' lang='lat' dir='ltr'>et</span> <span class='ocrx_word' id='word_1_96' title='bbox 1190 1108 1342 1138; x_wconf 72' lang='lat' dir='ltr'>externe</span> 
     </span>
    </p>

    <p class='ocr_par' dir='ltr' id='par_1_4' title="bbox 155 1155 1346 1571">
     <span class='ocr_line' id='line_1_15' title="bbox 155 1155 1341 1222; baseline -0.008 -8"><span class='ocrx_word' id='word_1_97' title='bbox 155 1184 311 1215; x_wconf 46' lang='lat' dir='ltr'>&amp;tuta</span> <span class='ocrx_word' id='word_1_98' title='bbox 349 1175 425 1222; x_wconf 77' lang='lat' dir='ltr'>sit3</span> <span class='ocrx_word' id='word_1_99' title='bbox 481 1185 552 1211; x_wconf 88' lang='lat' dir='ltr'>una</span> <span class='ocrx_word' id='word_1_100' title='bbox 595 1184 679 1209; x_wconf 81' lang='lat' dir='ltr'>curn</span> <span class='ocrx_word' id='word_1_101' title='bbox 717 1171 914 1219; x_wconf 83' lang='lat' dir='ltr'>Principe,</span> <span class='ocrx_word' id='word_1_102' title='bbox 958 1182 1035 1217; x_wconf 90' lang='lat' dir='ltr'>quo</span> <span class='ocrx_word' id='word_1_103' title='bbox 1069 1169 1227 1207; x_wconf 82' lang='lat' dir='ltr'>existere</span> <span class='ocrx_word' id='word_1_104' title='bbox 1257 1155 1341 1216; x_wconf 54' lang='lat' dir='ltr'>perss</span> 
     </span>
     <span class='ocr_line' id='line_1_16' title="bbox 233 1239 1346 1295; baseline -0.008 -11"><span class='ocrx_word' id='word_1_105' title='bbox 233 1256 315 1295; x_wconf 88' lang='lat' dir='ltr'>gat,</span> <span class='ocrx_word' id='word_1_106' title='bbox 342 1244 539 1290; x_wconf 83' lang='lat' dir='ltr'>omniaque</span> <span class='ocrx_word' id='word_1_107' title='bbox 555 1270 568 1289; x_wconf 90' lang='lat'>,</span> <span class='ocrx_word' id='word_1_108' title='bbox 597 1253 690 1288; x_wconf 89' lang='lat' dir='ltr'>quae</span> <span class='ocrx_word' id='word_1_109' title='bbox 716 1241 788 1278; x_wconf 90' lang='lat' dir='ltr'>huc</span> <span class='ocrx_word' id='word_1_110' title='bbox 815 1239 957 1277; x_wconf 82' lang='lat' dir='ltr'>faciunt</span> <span class='ocrx_word' id='word_1_111' title='bbox 973 1267 986 1286; x_wconf 90' lang='lat'>,</span> <span class='ocrx_word' id='word_1_112' title='bbox 1012 1239 1239 1285; x_wconf 79' lang='lat' dir='ltr'>efficiantur,</span> <span class='ocrx_word' id='word_1_113' title='bbox 1267 1250 1346 1276; x_wconf 88' lang='lat' dir='ltr'>me-</span> 
     </span>
     <span class='ocr_line' id='line_1_17' title="bbox 233 1308 1344 1360; baseline -0.006 -7"><span class='ocrx_word' id='word_1_114' title='bbox 233 1315 437 1360; x_wconf 84' lang='lat' dir='ltr'>ditabitur,</span> <span class='ocrx_word' id='word_1_115' title='bbox 489 1314 587 1350; x_wconf 88' lang='lat' dir='ltr'>vires</span> <span class='ocrx_word' id='word_1_116' title='bbox 637 1311 829 1355; x_wconf 76' lang='lat' dir='ltr'>intendet,</span> <span class='ocrx_word' id='word_1_117' title='bbox 881 1308 1134 1356; x_wconf 80' lang='lat' dir='ltr'>auxiliumque</span> <span class='ocrx_word' id='word_1_118' title='bbox 1181 1316 1344 1356; x_wconf 86' lang='lat' dir='ltr'>praesta·</span> 
     </span>
     <span class='ocr_line' id='line_1_18' title="bbox 232 1379 1345 1427; baseline -0.006 -4"><span class='ocrx_word' id='word_1_119' title='bbox 232 1385 299 1427; x_wconf 83' lang='lat' dir='ltr'>bit.</span> <span class='ocrx_word' id='word_1_120' title='bbox 340 1405 394 1413; x_wconf 94' lang='lat'>—-</span> <span class='ocrx_word' id='word_1_121' title='bbox 432 1384 485 1421; x_wconf 87' lang='lat' dir='ltr'>Ita</span> <span class='ocrx_word' id='word_1_122' title='bbox 524 1382 732 1425; x_wconf 79' lang='lat' dir='ltr'>animatus,</span> <span class='ocrx_word' id='word_1_123' title='bbox 777 1379 939 1426; x_wconf 89' lang='lat' dir='ltr'>tributa,</span> <span class='ocrx_word' id='word_1_124' title='bbox 982 1379 1120 1426; x_wconf 85' lang='lat' dir='ltr'>quibus</span> <span class='ocrx_word' id='word_1_125' title='bbox 1165 1379 1345 1427; x_wconf 75' lang='lat' dir='ltr'>Princeps·</span> 
     </span>
     <span class='ocr_line' id='line_1_19' title="bbox 232 1442 1343 1494; baseline -0.009 -1"><span class='ocrx_word' id='word_1_126' title='bbox 232 1455 444 1493; x_wconf 83' lang='lat' dir='ltr'>societatem</span> <span class='ocrx_word' id='word_1_127' title='bbox 472 1451 621 1488; x_wconf 81' lang='lat' dir='ltr'>civilem</span> <span class='ocrx_word' id='word_1_128' title='bbox 653 1449 808 1487; x_wconf 74' lang='lat' dir='ltr'>existere</span> <span class='ocrx_word' id='word_1_129' title='bbox 826 1442 958 1494; x_wconf 81' lang='lat' dir='ltr'>faciat,</span> <span class='ocrx_word' id='word_1_130' title='bbox 986 1446 1245 1485; x_wconf 85' lang='lat' dir='ltr'>lubentissime</span> <span class='ocrx_word' id='word_1_131' title='bbox 1265 1447 1343 1485; x_wconf 86' lang='lat' dir='ltr'>sol-</span> 
     </span>
     <span class='ocr_line' id='line_1_20' title="bbox 232 1516 1340 1571; baseline -0.008 -10"><span class='ocrx_word' id='word_1_132' title='bbox 232 1533 321 1571; x_wconf 86' lang='lat' dir='ltr'>vet,</span> <span class='ocrx_word' id='word_1_133' title='bbox 348 1522 459 1560; x_wconf 86' lang='lat' dir='ltr'>vitam</span> <span class='ocrx_word' id='word_1_134' title='bbox 498 1519 568 1558; x_wconf 89' lang='lat' dir='ltr'>etsi</span> <span class='ocrx_word' id='word_1_135' title='bbox 591 1519 739 1567; x_wconf 87' lang='lat' dir='ltr'>plurimi</span> <span class='ocrx_word' id='word_1_136' title='bbox 774 1518 939 1563; x_wconf 83' lang='lat' dir='ltr'>ducens,</span> <span class='ocrx_word' id='word_1_137' title='bbox 966 1525 1086 1554; x_wconf 87' lang='lat' dir='ltr'>tamen</span> <span class='ocrx_word' id='word_1_138' title='bbox 1110 1516 1182 1554; x_wconf 86' lang='lat' dir='ltr'>Dei</span> <span class='ocrx_word' id='word_1_139' title='bbox 1211 1524 1340 1555; x_wconf 83' lang='lat' dir='ltr'>vocem</span> 
     </span>
    </p>
   </div>
   <div class='ocr_carea' id='block_1_3' title="bbox 230 1586 1381 1638">
    <p class='ocr_par' dir='ltr' id='par_1_5' title="bbox 230 1586 1381 1638">
     <span class='ocr_line' id='line_1_21' title="bbox 230 1586 1381 1638; baseline -0.009 -7"><span class='ocrx_word' id='word_1_140' title='bbox 230 1591 504 1638; x_wconf 84' lang='lat' dir='ltr'>considerabit,</span> <span class='ocrx_word' id='word_1_141' title='bbox 531 1590 638 1628; x_wconf 88' lang='lat' dir='ltr'>dulce</span> <span class='ocrx_word' id='word_1_142' title='bbox 676 1597 712 1626; x_wconf 84' lang='lat' dir='ltr'>et</span> <span class='ocrx_word' id='word_1_143' title='bbox 747 1589 919 1626; x_wconf 88' lang='lat' dir='ltr'>decorum</span> <span class='ocrx_word' id='word_1_144' title='bbox 953 1598 1022 1635; x_wconf 89' lang='lat' dir='ltr'>pro</span> <span class='ocrx_word' id='word_1_145' title='bbox 1051 1586 1188 1623; x_wconf 85' lang='lat' dir='ltr'>civium</span> <span class='ocrx_word' id='word_1_146' title='bbox 1221 1587 1341 1627; x_wconf 86' lang='lat' dir='ltr'>salute</span> <span class='ocrx_word' id='word_1_147' title='bbox 1379 1597 1381 1599; x_wconf 55' lang='lat'><strong><em>¹</em></strong></span> 
     </span>
    </p>
   </div>
   <div class='ocr_carea' id='block_1_4' title="bbox 222 1656 1346 2316">
    <p class='ocr_par' dir='ltr' id='par_1_6' title="bbox 222 1656 1344 1793">
     <span class='ocr_line' id='line_1_22' title="bbox 222 1656 1340 1714; baseline -0.008 -13"><span class='ocrx_word' id='word_1_148' title='bbox 222 1663 325 1714; x_wconf 18' lang='lat' dir='ltr'>*mori</span> <span class='ocrx_word' id='word_1_149' title='bbox 353 1661 500 1710; x_wconf 89' lang='lat' dir='ltr'>putabit</span> <span class='ocrx_word' id='word_1_150' title='bbox 528 1660 620 1708; x_wconf 65' lang='grc' dir='ltr'>(τι),</span> <span class='ocrx_word' id='word_1_151' title='bbox 658 1657 723 1696; x_wconf 89' lang='lat' dir='ltr'>ubi</span> <span class='ocrx_word' id='word_1_152' title='bbox 755 1657 929 1704; x_wconf 85' lang='lat' dir='ltr'>Princeps</span> <span class='ocrx_word' id='word_1_153' title='bbox 962 1656 1062 1694; x_wconf 89' lang='lat' dir='ltr'>cives</span> <span class='ocrx_word' id='word_1_154' title='bbox 1097 1664 1256 1702; x_wconf 86' lang='lat' dir='ltr'>evocat,</span> <span class='ocrx_word' id='word_1_155' title='bbox 1299 1664 1340 1692; x_wconf 89' lang='lat' dir='ltr'>ut</span> 
     </span>
     <span class='ocr_line' id='line_1_23' title="bbox 1262 1723 1344 1761; baseline -0.024 0"><span class='ocrx_word' id='word_1_156' title='bbox 1262 1723 1344 1761; x_wconf 92' lang='lat' dir='ltr'>vio·</span> 
     </span>
     <span class='ocr_line' id='line_1_24' title="bbox 1063 1776 1084 1793; baseline 0 0"><span class='ocrx_word' id='word_1_157' title='bbox 1063 1776 1084 1793; x_wconf 70' lang='lat'><em>0</em></span> 
     </span>
    </p>

    <p class='ocr_par' dir='ltr' id='par_1_7' title="bbox 227 1825 1344 2099">
     <span class='ocr_line' id='line_1_25' title="bbox 271 1825 1341 1874; baseline -0.011 -9"><span class='ocrx_word' id='word_1_158' title='bbox 271 1835 321 1874; x_wconf 80' lang='grc' dir='ltr'>(ι)</span> <span class='ocrx_word' id='word_1_159' title='bbox 343 1836 452 1863; x_wconf 87' lang='lat' dir='ltr'>Nonne</span> <span class='ocrx_word' id='word_1_160' title='bbox 480 1831 705 1867; x_wconf 76' lang='lat' dir='ltr'>antiquissimae</span> <span class='ocrx_word' id='word_1_161' title='bbox 734 1832 815 1865; x_wconf 80' lang='lat' dir='ltr'>leges</span> <span class='ocrx_word' id='word_1_162' title='bbox 842 1829 989 1863; x_wconf 82' lang='lat' dir='ltr'>fuissent,</span> <span class='ocrx_word' id='word_1_163' title='bbox 1019 1828 1127 1863; x_wconf 82' lang='lat' dir='ltr'>quibus</span> <span class='ocrx_word' id='word_1_164' title='bbox 1155 1825 1341 1860; x_wconf 86' lang='lat' dir='ltr'>singulorum</span> 
     </span>
     <span class='ocr_line' id='line_1_26' title="bbox 227 1882 1342 1931; baseline -0.012 -8"><span class='ocrx_word' id='word_1_165' title='bbox 227 1893 437 1931; x_wconf 80' lang='lat' dir='ltr'>possessiones</span> <span class='ocrx_word' id='word_1_166' title='bbox 454 1898 530 1919; x_wconf 80' lang='lat' dir='ltr'>tutas</span> <span class='ocrx_word' id='word_1_167' title='bbox 549 1897 614 1917; x_wconf 87' lang='lat' dir='ltr'>esse</span> <span class='ocrx_word' id='word_1_168' title='bbox 632 1888 813 1916; x_wconf 72' lang='lat' dir='ltr'>cavebatur?</span> <span class='ocrx_word' id='word_1_169' title='bbox 835 1886 983 1914; x_wconf 86' lang='lat' dir='ltr'>Cicero</span> <span class='ocrx_word' id='word_1_170' title='bbox 1014 1892 1095 1912; x_wconf 90' lang='lat' dir='ltr'>certe</span> <span class='ocrx_word' id='word_1_171' title='bbox 1123 1885 1177 1912; x_wconf 82' lang='lat' dir='ltr'>hac</span> <span class='ocrx_word' id='word_1_172' title='bbox 1195 1882 1342 1918; x_wconf 82' lang='lat' dir='ltr'>opinione</span> 
     </span>
     <span class='ocr_line' id='line_1_27' title="bbox 231 1942 1344 1982; baseline -0.013 -1"><span class='ocrx_word' id='word_1_173' title='bbox 231 1952 350 1981; x_wconf 80' lang='lat' dir='ltr'>stetisse</span> <span class='ocrx_word' id='word_1_174' title='bbox 365 1949 506 1982; x_wconf 87' lang='lat' dir='ltr'>videtur,</span> <span class='ocrx_word' id='word_1_175' title='bbox 518 1946 569 1975; x_wconf 90' lang='lat' dir='ltr'>ubi</span> <span class='ocrx_word' id='word_1_176' title='bbox 587 1946 645 1974; x_wconf 84' lang='lat' dir='ltr'>ait:</span> <span class='ocrx_word' id='word_1_177' title='bbox 669 1965 692 1981; x_wconf 86' lang='lat'>,‚</span> <span class='ocrx_word' id='word_1_178' title='bbox 712 1946 763 1971; x_wconf 82' lang='lat' dir='ltr'>hoc</span> <span class='ocrx_word' id='word_1_179' title='bbox 780 1945 859 1972; x_wconf 77' lang='lat' dir='ltr'>enirn</span> <span class='ocrx_word' id='word_1_180' title='bbox 877 1949 1016 1979; x_wconf 83' lang='lat' dir='ltr'>spectant</span> <span class='ocrx_word' id='word_1_181' title='bbox 1036 1942 1198 1978; x_wconf 57' lang='lat' dir='ltr'>legesamc</span> <span class='ocrx_word' id='word_1_182' title='bbox 1213 1943 1344 1976; x_wconf 74' lang='lat' dir='ltr'>volunt,</span> 
     </span>
     <span class='ocr_line' id='line_1_28' title="bbox 232 1997 1341 2037; baseline -0.013 -1"><span class='ocrx_word' id='word_1_183' title='bbox 232 2010 410 2036; x_wconf 77' lang='lat' dir='ltr'>incolumem</span> <span class='ocrx_word' id='word_1_184' title='bbox 441 2014 501 2033; x_wconf 77' lang='lat' dir='ltr'>esse</span> <span class='ocrx_word' id='word_1_185' title='bbox 534 2004 650 2032; x_wconf 74' lang='lat' dir='ltr'>civium</span> <span class='ocrx_word' id='word_1_186' title='bbox 682 1999 968 2037; x_wconf 77' lang='lat' dir='ltr'>conjunctionem.”</span> <span class='ocrx_word' id='word_1_187' title='bbox 1002 2000 1049 2028; x_wconf 78' lang='lat' dir='ltr'>De</span> <span class='ocrx_word' id='word_1_188' title='bbox 1077 1999 1160 2034; x_wconf 67' lang='lat' dir='ltr'>Off„</span> <span class='ocrx_word' id='word_1_189' title='bbox 1188 1997 1259 2027; x_wconf 89' lang='lat' dir='ltr'>Lib.</span> <span class='ocrx_word' id='word_1_190' title='bbox 1287 1997 1341 2027; x_wconf 79' lang='grc' dir='ltr'><strong>ΙΙΙ.</strong></span> 
     </span>
     <span class='ocr_line' id='line_1_29' title="bbox 233 2066 318 2099; baseline 0 -5"><span class='ocrx_word' id='word_1_191' title='bbox 233 2066 269 2096; x_wconf 91' lang='lat' dir='ltr'>C.</span> <span class='ocrx_word' id='word_1_192' title='bbox 291 2074 318 2099; x_wconf 86' lang='grc'>5.</span> 
     </span>
    </p>

    <p class='ocr_par' dir='ltr' id='par_1_8' title="bbox 232 2113 1346 2266">
     <span class='ocr_line' id='line_1_30' title="bbox 275 2113 1342 2159; baseline -0.01 -8"><span class='ocrx_word' id='word_1_193' title='bbox 275 2123 324 2159; x_wconf 75' lang='lat'>(2)</span> <span class='ocrx_word' id='word_1_194' title='bbox 345 2121 410 2149; x_wconf 74' lang='lat' dir='ltr'>(fr.</span> <span class='ocrx_word' id='word_1_195' title='bbox 432 2119 522 2152; x_wconf 87' lang='lat' dir='ltr'>Abt,</span> <span class='ocrx_word' id='word_1_196' title='bbox 546 2127 609 2146; x_wconf 71' lang='lat' dir='ltr'>vom</span> <span class='ocrx_word' id='word_1_197' title='bbox 634 2116 708 2143; x_wconf 77' lang='lat' dir='ltr'>Tode</span> <span class='ocrx_word' id='word_1_198' title='bbox 731 2116 806 2150; x_wconf 65' lang='lat' dir='ltr'>fiir:</span> <span class='ocrx_word' id='word_1_199' title='bbox 829 2114 1012 2142; x_wconf 79' lang='lat' dir='ltr'>Vaterlaml.</span> <span class='ocrx_word' id='word_1_200' title='bbox 1056 2114 1151 2149; x_wconf 87' lang='lat' dir='ltr'>Quam</span> <span class='ocrx_word' id='word_1_201' title='bbox 1176 2113 1284 2141; x_wconf 86' lang='lat' dir='ltr'>misera</span> <span class='ocrx_word' id='word_1_202' title='bbox 1311 2120 1342 2140; x_wconf 88' lang='lat' dir='ltr'>et</span> 
     </span>
     <span class='ocr_line' id='line_1_31' title="bbox 232 2169 1346 2215; baseline -0.01 -7"><span class='ocrx_word' id='word_1_203' title='bbox 232 2179 424 2215; x_wconf 75' lang='lat' dir='ltr'>explodenda</span> <span class='ocrx_word' id='word_1_204' title='bbox 437 2177 476 2205; x_wconf 87' lang='lat' dir='ltr'>sit</span> <span class='ocrx_word' id='word_1_205' title='bbox 493 2174 641 2203; x_wconf 82' lang='lat' dir='ltr'>sententia</span> <span class='ocrx_word' id='word_1_206' title='bbox 658 2174 712 2201; x_wconf 79' lang='lat' dir='ltr'>Th</span> <span class='ocrx_word' id='word_1_207' title='bbox 724 2173 797 2201; x_wconf 81' lang='lat' dir='ltr'>eod</span> <span class='ocrx_word' id='word_1_208' title='bbox 808 2181 825 2200; x_wconf 94' lang='lat' dir='ltr'>o</span> <span class='ocrx_word' id='word_1_209' title='bbox 836 2171 887 2207; x_wconf 88' lang='lat' dir='ltr'>ri,</span> <span class='ocrx_word' id='word_1_210' title='bbox 909 2170 1065 2199; x_wconf 80' lang='lat' dir='ltr'>Atheistae</span> <span class='ocrx_word' id='word_1_211' title='bbox 1078 2170 1279 2205; x_wconf 85' lang='lat' dir='ltr'>cognomine,</span> <span class='ocrx_word' id='word_1_212' title='bbox 1291 2169 1346 2205; x_wconf 89' lang='lat' dir='ltr'>qui</span> 
     </span>
     <span class='ocr_line' id='line_1_32' title="bbox 233 2228 1342 2266; baseline -0.011 0"><span class='ocrx_word' id='word_1_213' title='bbox 233 2239 348 2266; x_wconf 85' lang='lat' dir='ltr'>nullum</span> <span class='ocrx_word' id='word_1_214' title='bbox 373 2236 484 2265; x_wconf 84' lang='lat' dir='ltr'>bonum</span> <span class='ocrx_word' id='word_1_215' title='bbox 512 2232 590 2261; x_wconf 85' lang='lat' dir='ltr'>inter</span> <span class='ocrx_word' id='word_1_216' title='bbox 618 2238 647 2259; x_wconf 87' lang='lat' dir='ltr'>et</span> <span class='ocrx_word' id='word_1_217' title='bbox 672 2232 780 2262; x_wconf 83' lang='lat' dir='ltr'>malum</span> <span class='ocrx_word' id='word_1_218' title='bbox 799 2228 959 2258; x_wconf 82' lang='lat' dir='ltr'>discrimen</span> <span class='ocrx_word' id='word_1_219' title='bbox 988 2234 1119 2256; x_wconf 85' lang='lat' dir='ltr'>statuens</span> <span class='ocrx_word' id='word_1_220' title='bbox 1139 2234 1268 2255; x_wconf 86' lang='lat' dir='ltr'>mortem</span> <span class='ocrx_word' id='word_1_221' title='bbox 1285 2234 1342 2261; x_wconf 86' lang='lat' dir='ltr'>pro</span> 
     </span>
    </p>

    <p class='ocr_par' dir='ltr' id='par_1_9' title="bbox 1291 2290 1342 2316">
     <span class='ocr_line' id='line_1_33' title="bbox 1291 2290 1342 2316; baseline 0 0"><span class='ocrx_word' id='word_1_222' title='bbox 1291 2290 1342 2316; x_wconf 72' lang='grc' dir='ltr'>ΡΙ·</span> 
     </span>
    </p>
   </div>
   <div class='ocr_carea' id='block_1_5' title="bbox 1480 0 1502 1459">
    <p class='ocr_par' dir='ltr' id='par_1_10' title="bbox 1480 0 1502 1459">
     <span class='ocr_line' id='line_1_34' title="bbox 1480 0 1502 1459; baseline 0 0"><span class='ocrx_word' id='word_1_223' title='bbox 1480 0 1502 1459; x_wconf 95' lang='lat' dir='ltr'> </span> 
     </span>
    </p>
   </div>
  </div>
 </body>
</html>
