1507 2876
457 249 970 292 PRAEFATro.
1257 263 1280 300 ς

148 361 479 411 indulgentiaque,
507 374 600 409 oro,
628 373 776 410 precor.
814 384 864 392 —
899 362 1007 412 Quae
1029 361 1075 400 si·
1092 362 1273 400 Facultati

146 432 304 472 maxime
337 433 563 471 venerandae
599 442 676 469 non
710 433 818 479 plane
854 430 1078 479 displiceat,
1114 432 1270 476 laetissi-

147 512 211 542 mo
239 513 302 541 ero
323 503 471 550 animo,
500 511 577 540 tum
607 502 656 539 ob
684 501 872 549 fructum,
900 513 1010 549 quem
1035 513 1093 539 res
1115 510 1268 540 tractata

143 571 236 611 mihi
268 573 400 622 largita
422 573 519 620 fuit,
550 584 636 610 cum
667 572 716 610 ob
742 573 921 610 honorem
948 584 1158 618 summum,
1187 584 1264 619 quo

140 645 264 681 vestra
295 643 553 691 comprobatio
588 655 645 681 me
677 644 847 681 afficeret.

457 827 931 855 ψ

584 864 602 887 st

186 983 408 1032 Priusquam
432 994 554 1024 autem
580 999 727 1037 pergam
743 1017 756 1036 ,
775 991 882 1030 liceat
902 993 992 1031 mihi
1021 1007 1136 1043 pauca
1159 999 1257 1037 dice·

137 1052 245 1089 rede
266 1055 523 1102 responsionis
557 1069 793 1114 argu-mento.
822 1083 876 1092 —
903 1063 1121 1113 Responsio
1149 1067 1256 1107 facile

134 1121 376 1163 distribuitur
413 1126 453 1163 in
485 1128 576 1165 duas
605 1138 729 1177 partes
756 1143 825 1179 pro
851 1133 996 1172 duabus
1022 1138 1253 1182 quaestionis

132 1193 319 1240 partibus.
346 1196 408 1234 Ad
423 1196 575 1245 primam
597 1209 761 1246 partem:
795 1202 1103 1252 ,.,Disquiratur‚
1121 1217 1251 1246 utrum

127 1274 151 1300 e
184 1262 357 1303 doctrina
391 1266 546 1305 Ethices
579 1269 816 1309 Christianae
853 1272 993 1311 homini
1030 1286 1066 1313 et
1091 1277 1252 1327 Principi

130 1332 349 1372 Christiano
373 1336 504 1383 liceat,
533 1338 670 1377 bellum
695 1351 846 1389 gerere,
874 1354 943 1381 nec
974 1345 1048 1383 ne?
1066 1347 1092 1364 ’²
1119 1360 1157 1386 re
1183 1360 1251 1396 pro

127 1402 271 1441 viribus
292 1405 523 1444 considerata
537 1435 550 1454 ‚
564 1407 778 1446 affirmative
794 1412 898 1458 quod
920 1413 1056 1451 dicitur
1071 1444 1082 1460 ,
1098 1426 1252 1465 respon-

127 1472 287 1512 dendum
320 1475 526 1514 aestimavi.
581 1477 635 1515 Ut
670 1478 763 1516 aiios
799 1469 929 1519 autem
959 1493 995 1521 et
1037 1497 1137 1523 meae
1168 1498 1252 1525 sen-

123 1542 263 1581 tentiae
302 1544 547 1584 assentientes
588 1547 786 1597 haberem,
829 1561 867 1589 et
890 1554 1123 1595 adversantes
1158 1570 1250 1597 con-

121 1612 334 1661 vincerem,
364 1615 513 1654 minime
553 1629 827 1665 supervacuum
861 1622 1000 1672 habui,
1045 1637 1245 1676 postquam

121 1694 239 1722 meam
269 1685 521 1728 enunciasseiu
546 1689 765 1728 sententiam
782 1719 795 1738 ,
811 1690 848 1729 in
871 1693 964 1730 alios
981 1722 993 1741 ,
1022 1698 1179 1736 maxime
1206 1700 1243 1737 in

119 1764 215 1801 eos‚
269 1755 335 1802 qui
371 1755 508 1794 bellum
540 1770 584 1795 ex
622 1760 814 1808 religionis
862 1763 1100 1804 Christianae
1138 1781 1244 1815 prae-

115 1824 238 1872 ceptis
275 1835 316 1861 ac
354 1824 479 1864 indole
506 1827 676 1866 illicitum
718 1819 904 1880 habeant,
958 1847 1073 1874 meam
1113 1838 1256 1878 defen-v

117 1893 230 1941 dere,
255 1903 367 1942 atque
392 1898 587 1936 ostendere
604 1927 615 1946 ‚
647 1912 774 1939 eorum
802 1905 1004 1943 sententias
1034 1907 1138 1947 falsis
1169 1912 1238 1949 niti

111 1965 357 2012 argumentis.
410 1966 532 2017 Quam
570 1968 830 2011 refutationem
859 1986 879 2012 a
902 1976 1103 2017 Facultatis
1138 1992 1238 2018 sum·

113 2044 173 2070 me
199 2037 423 2074 venerandae
455 2038 615 2076 consilio
648 2041 800 2080 minime
830 2044 982 2084 alienam
1014 2059 1121 2096 esse,
1161 2054 1240 2089 col-

111 2103 185 2141 lexi
220 2115 241 2143 e
268 2106 436 2155 ratione,
471 2119 542 2154 qua
580 2111 748 2157 quaestio
780 2124 864 2152 sese
901 2116 1035 2164 habet,
1064 2130 1133 2166 ut,
1161 2122 1235 2160 dis-

113 2176 310 2222 quisitione
343 2176 541 2225 instituta,
570 2190 647 2217 non
677 2191 836 2221 exstaret
866 2186 1035 2227 dubium.

165 2245 293 2294 Quum
321 2248 432 2286 altera
460 2251 692 2297 quaestionis
707 2243 808 2301 parte
824 2258 1038 2302 quaeritur:
1072 2262 1237 2310 „Quod-

112 2314 142 2352 si
167 2316 306 2355 licitum
333 2319 577 2368 existimetur,
609 2321 841 2372 inquiratur,
872 2338 1055 2376 quatenus
1085 2332 1130 2368 de
1157 2333 1233 2371 bel-

1198 2406 1234 2441 ln
