<?xml version="1.0" encoding="UTF-8"?>
<!DOCTYPE html PUBLIC "-//W3C//DTD XHTML 1.0 Transitional//EN"
    "http://www.w3.org/TR/xhtml1/DTD/xhtml1-transitional.dtd">
<html xmlns="http://www.w3.org/1999/xhtml" xml:lang="en" lang="en">
 <head>
  <title>
</title>
<meta http-equiv="Content-Type" content="text/html;charset=utf-8" />
  <meta name='ocr-system' content='tesseract 3.04.00' />
  <meta name='ocr-capabilities' content='ocr_page ocr_carea ocr_par ocr_line ocrx_word'/>
</head>
<body>
  <div class='ocr_page' id='page_1' title='image "annalesacademiae33rhen_0185.png"; bbox 0 0 1502 2767; ppageno 0'>
   <div class='ocr_carea' id='block_1_1' title="bbox 393 130 1258 185">
    <p class='ocr_par' dir='ltr' id='par_1_1' title="bbox 393 130 1258 185">
     <span class='ocr_line' id='line_1_1' title="bbox 393 130 1258 185; baseline 0.001 -12"><span class='ocrx_word' id='word_1_1' title='bbox 393 132 993 183; x_wconf 83' lang='lat' dir='ltr'><strong>THEOLOGICA.</strong></span> <span class='ocrx_word' id='word_1_2' title='bbox 1206 130 1258 185; x_wconf 68' lang='lat'><strong>9‘5</strong></span> 
     </span>
    </p>
   </div>
   <div class='ocr_carea' id='block_1_2' title="bbox 144 243 1275 1692">
    <p class='ocr_par' dir='ltr' id='par_1_2' title="bbox 144 243 1275 1631">
     <span class='ocr_line' id='line_1_2' title="bbox 147 243 1254 298; baseline 0 -14"><span class='ocrx_word' id='word_1_3' title='bbox 147 245 280 298; x_wconf 76' lang='lat' dir='ltr'><strong>Testes</strong></span> <span class='ocrx_word' id='word_1_4' title='bbox 295 244 406 296; x_wconf 81' lang='lat' dir='ltr'><strong>nobis</strong></span> <span class='ocrx_word' id='word_1_5' title='bbox 430 252 519 283; x_wconf 89' lang='lat' dir='ltr'><strong>sunt</strong></span> <span class='ocrx_word' id='word_1_6' title='bbox 543 244 622 282; x_wconf 87' lang='lat' dir='ltr'><strong>ludi</strong></span> <span class='ocrx_word' id='word_1_7' title='bbox 637 272 650 290; x_wconf 85' lang='lat'><strong>‚</strong></span> <span class='ocrx_word' id='word_1_8' title='bbox 675 252 811 291; x_wconf 89' lang='lat' dir='ltr'><strong>quanta</strong></span> <span class='ocrx_word' id='word_1_9' title='bbox 834 245 1027 293; x_wconf 79' lang='lat' dir='ltr'><strong>voluptate</strong></span> <span class='ocrx_word' id='word_1_10' title='bbox 1051 243 1254 295; x_wconf 66' lang='lat' dir='ltr'><strong>humanum</strong></span> 
     </span>
     <span class='ocr_line' id='line_1_3' title="bbox 145 313 1259 365; baseline -0.002 -10"><span class='ocrx_word' id='word_1_11' title='bbox 145 316 360 365; x_wconf 79' lang='lat' dir='ltr'><strong>sanguinem</strong></span> <span class='ocrx_word' id='word_1_12' title='bbox 381 315 540 354; x_wconf 88' lang='lat' dir='ltr'><strong>viderint</strong></span> <span class='ocrx_word' id='word_1_13' title='bbox 555 313 731 352; x_wconf 84' lang='lat' dir='ltr'><strong>effusum.</strong></span> <span class='ocrx_word' id='word_1_14' title='bbox 759 314 993 352; x_wconf 83' lang='lat' dir='ltr'><strong>Interfecturi</strong></span> <span class='ocrx_word' id='word_1_15' title='bbox 1009 315 1069 352; x_wconf 84' lang='lat' dir='ltr'><strong>alii</strong></span> <span class='ocrx_word' id='word_1_16' title='bbox 1084 314 1165 352; x_wconf 87' lang='lat' dir='ltr'><strong>aliis</strong></span> <span class='ocrx_word' id='word_1_17' title='bbox 1175 316 1259 365; x_wconf 87' lang='lat' dir='ltr'><strong>jus-</strong></span> 
     </span>
     <span class='ocr_line' id='line_1_4' title="bbox 145 378 1254 437; baseline -0.003 -10"><span class='ocrx_word' id='word_1_18' title='bbox 145 378 183 427; x_wconf 78' lang='lat' dir='ltr'><strong>si</strong></span> <span class='ocrx_word' id='word_1_19' title='bbox 203 394 296 426; x_wconf 87' lang='lat' dir='ltr'><strong>sunt.</strong></span> <span class='ocrx_word' id='word_1_20' title='bbox 313 385 426 437; x_wconf 72' lang='lat' dir='ltr'><strong>obJ‘ici</strong></span> <span class='ocrx_word' id='word_1_21' title='bbox 443 414 456 434; x_wconf 82' lang='lat'>‚</span> <span class='ocrx_word' id='word_1_22' title='bbox 472 394 508 424; x_wconf 87' lang='lat' dir='ltr'><strong>et</strong></span> <span class='ocrx_word' id='word_1_23' title='bbox 522 385 643 424; x_wconf 88' lang='lat' dir='ltr'><strong>victor</strong></span> <span class='ocrx_word' id='word_1_24' title='bbox 663 384 700 422; x_wconf 89' lang='lat' dir='ltr'><strong>in</strong></span> <span class='ocrx_word' id='word_1_25' title='bbox 715 385 820 423; x_wconf 87' lang='lat' dir='ltr'><strong>aliam</strong></span> <span class='ocrx_word' id='word_1_26' title='bbox 837 385 990 423; x_wconf 83' lang='lat' dir='ltr'><strong>detineri</strong></span> <span class='ocrx_word' id='word_1_27' title='bbox 1010 385 1254 435; x_wconf 82' lang='lat' dir='ltr'><strong>caedem&lt;1).</strong></span> 
     </span>
     <span class='ocr_line' id='line_1_5' title="bbox 144 455 1259 507; baseline -0.001 -12"><span class='ocrx_word' id='word_1_28' title='bbox 144 457 231 505; x_wconf 81' lang='lat' dir='ltr'><strong>Istis</strong></span> <span class='ocrx_word' id='word_1_29' title='bbox 271 456 496 506; x_wconf 88' lang='lat' dir='ltr'><strong>spectaculis</strong></span> <span class='ocrx_word' id='word_1_30' title='bbox 541 456 705 495; x_wconf 87' lang='lat' dir='ltr'><strong>cruentis</strong></span> <span class='ocrx_word' id='word_1_31' title='bbox 743 466 819 493; x_wconf 88' lang='lat' dir='ltr'><strong>non</strong></span> <span class='ocrx_word' id='word_1_32' title='bbox 861 463 1002 494; x_wconf 86' lang='lat' dir='ltr'><strong>tantum</strong></span> <span class='ocrx_word' id='word_1_33' title='bbox 1040 466 1154 507; x_wconf 84' lang='lat' dir='ltr'><strong>mares</strong></span> <span class='ocrx_word' id='word_1_34' title='bbox 1195 455 1259 494; x_wconf 88' lang='lat' dir='ltr'><strong>de-</strong></span> 
     </span>
     <span class='ocr_line' id='line_1_6' title="bbox 144 525 1257 575; baseline -0.004 -8"><span class='ocrx_word' id='word_1_35' title='bbox 144 528 276 568; x_wconf 86' lang='lat' dir='ltr'><strong>lectati</strong></span> <span class='ocrx_word' id='word_1_36' title='bbox 298 537 411 575; x_wconf 78' lang='lat' dir='ltr'><strong>sunt,</strong></span> <span class='ocrx_word' id='word_1_37' title='bbox 433 528 500 566; x_wconf 88' lang='lat' dir='ltr'><strong>sed</strong></span> <span class='ocrx_word' id='word_1_38' title='bbox 513 535 696 574; x_wconf 88' lang='lat' dir='ltr'><strong>et‚exuta</strong></span> <span class='ocrx_word' id='word_1_39' title='bbox 723 527 837 565; x_wconf 65' lang='lat' dir='ltr'><strong>sexos</strong></span> <span class='ocrx_word' id='word_1_40' title='bbox 859 527 919 566; x_wconf 90' lang='lat' dir='ltr'><strong>sui</strong></span> <span class='ocrx_word' id='word_1_41' title='bbox 945 525 1257 574; x_wconf 85' lang='lat' dir='ltr'><strong>mansuetudine,</strong></span> 
     </span>
     <span class='ocr_line' id='line_1_7' title="bbox 145 582 1260 647; baseline -0.004 -8"><span class='ocrx_word' id='word_1_42' title='bbox 145 598 331 647; x_wconf 76' lang='lat' dir='ltr'><strong>foeminae</strong></span> <span class='ocrx_word' id='word_1_43' title='bbox 367 599 451 647; x_wconf 83' lang='lat'><strong>(2).</strong></span> <span class='ocrx_word' id='word_1_44' title='bbox 504 598 763 644; x_wconf 80' lang='lat' dir='ltr'><strong>Gladiatores,</strong></span> <span class='ocrx_word' id='word_1_45' title='bbox 794 598 859 646; x_wconf 89' lang='lat' dir='ltr'><strong>qui</strong></span> <span class='ocrx_word' id='word_1_46' title='bbox 896 597 934 635; x_wconf 90' lang='lat' dir='ltr'><strong>in</strong></span> <span class='ocrx_word' id='word_1_47' title='bbox 972 608 1134 646; x_wconf 86' lang='lat' dir='ltr'><strong>pugnam</strong></span> <span class='ocrx_word' id='word_1_48' title='bbox 1172 582 1260 646; x_wconf 83' lang='lat' dir='ltr'><strong>pro-</strong></span> 
     </span>
     <span class='ocr_line' id='line_1_8' title="bbox 146 668 1263 718; baseline -0.003 -10"><span class='ocrx_word' id='word_1_49' title='bbox 146 670 304 718; x_wconf 83' lang='lat' dir='ltr'><strong>dibant,</strong></span> <span class='ocrx_word' id='word_1_50' title='bbox 354 668 448 707; x_wconf 85' lang='lat' dir='ltr'>nihil</span> <span class='ocrx_word' id='word_1_51' title='bbox 482 668 666 707; x_wconf 87' lang='lat' dir='ltr'><strong>habebant</strong></span> <span class='ocrx_word' id='word_1_52' title='bbox 683 697 697 716; x_wconf 83' lang='lat'>‚</span> <span class='ocrx_word' id='word_1_53' title='bbox 751 680 828 716; x_wconf 87' lang='lat' dir='ltr'><strong>quo</strong></span> <span class='ocrx_word' id='word_1_54' title='bbox 880 676 1117 717; x_wconf 78' lang='lat' dir='ltr'><strong>tegerentur3</strong></span> <span class='ocrx_word' id='word_1_55' title='bbox 1169 677 1263 706; x_wconf 92' lang='lat' dir='ltr'><strong>eon-</strong></span> 
     </span>
     <span class='ocr_line' id='line_1_9' title="bbox 147 738 1264 788; baseline 0 -11"><span class='ocrx_word' id='word_1_56' title='bbox 147 747 204 777; x_wconf 87' lang='lat' dir='ltr'><strong>tra</strong></span> <span class='ocrx_word' id='word_1_57' title='bbox 242 751 330 777; x_wconf 83' lang='lat' dir='ltr'><strong>vero</strong></span> <span class='ocrx_word' id='word_1_58' title='bbox 375 739 511 778; x_wconf 88' lang='lat' dir='ltr'><strong>ictibus</strong></span> <span class='ocrx_word' id='word_1_59' title='bbox 550 748 632 777; x_wconf 91' lang='lat' dir='ltr'><strong>toto</strong></span> <span class='ocrx_word' id='word_1_60' title='bbox 670 750 830 787; x_wconf 90' lang='lat' dir='ltr'><strong>corpore</strong></span> <span class='ocrx_word' id='word_1_61' title='bbox 870 738 1051 788; x_wconf 87' lang='lat' dir='ltr'><strong>expositi.</strong></span> <span class='ocrx_word' id='word_1_62' title='bbox 1102 738 1264 778; x_wconf 85' lang='lat' dir='ltr'><strong>Immane</strong></span> 
     </span>
     <span class='ocr_line' id='line_1_10' title="bbox 148 808 1267 857; baseline 0.001 -10"><span class='ocrx_word' id='word_1_63' title='bbox 148 809 323 847; x_wconf 85' lang='lat' dir='ltr'><strong>novimus</strong></span> <span class='ocrx_word' id='word_1_64' title='bbox 361 808 634 856; x_wconf 86' lang='lat' dir='ltr'><strong>Caligulae</strong></span> <span class='ocrx_word' id='word_1_65' title='bbox 672 808 837 856; x_wconf 79' lang='lat' dir='ltr'><strong>dictum,</strong></span> <span class='ocrx_word' id='word_1_66' title='bbox 881 810 947 857; x_wconf 82' lang='lat' dir='ltr'><strong>qui</strong></span> <span class='ocrx_word' id='word_1_67' title='bbox 975 809 1105 847; x_wconf 76' lang='lat' dir='ltr'><strong>turbae</strong></span> <span class='ocrx_word' id='word_1_68' title='bbox 1142 811 1267 848; x_wconf 84' lang='lat' dir='ltr'><strong>excla-</strong></span> 
     </span>
     <span class='ocr_line' id='line_1_11' title="bbox 149 879 1266 927; baseline 0.003 -11"><span class='ocrx_word' id='word_1_69' title='bbox 149 879 278 918; x_wconf 81' lang='lat' dir='ltr'><strong>mavit.</strong></span> <span class='ocrx_word' id='word_1_70' title='bbox 331 907 356 926; x_wconf 79' lang='lat'>„</span> <span class='ocrx_word' id='word_1_71' title='bbox 382 879 535 917; x_wconf 88' lang='lat' dir='ltr'><strong>Utinam</strong></span> <span class='ocrx_word' id='word_1_72' title='bbox 561 879 726 927; x_wconf 85' lang='lat' dir='ltr'><strong>populus</strong></span> <span class='ocrx_word' id='word_1_73' title='bbox 756 879 950 917; x_wconf 83' lang='lat' dir='ltr'><strong>Romanus</strong></span> <span class='ocrx_word' id='word_1_74' title='bbox 977 891 1086 918; x_wconf 88' lang='lat' dir='ltr'><strong>unam</strong></span> <span class='ocrx_word' id='word_1_75' title='bbox 1112 879 1266 919; x_wconf 85' lang='lat' dir='ltr'><strong>haberet</strong></span> 
     </span>
     <span class='ocr_line' id='line_1_12' title="bbox 150 938 1267 998; baseline 0.002 -13"><span class='ocrx_word' id='word_1_76' title='bbox 150 948 356 987; x_wconf 84' lang='lat' dir='ltr'><strong>cervicem!</strong></span> <span class='ocrx_word' id='word_1_77' title='bbox 378 948 403 964; x_wconf 74' lang='lat'><strong>’⁹</strong></span> <span class='ocrx_word' id='word_1_78' title='bbox 431 947 527 997; x_wconf 83' lang='lat'><strong>(3);</strong></span> <span class='ocrx_word' id='word_1_79' title='bbox 569 947 633 996; x_wconf 89' lang='lat' dir='ltr'><strong>qui</strong></span> <span class='ocrx_word' id='word_1_80' title='bbox 666 938 784 985; x_wconf 64' lang='lat' dir='ltr'><strong>vitam&#39;</strong></span> <span class='ocrx_word' id='word_1_81' title='bbox 816 948 1009 986; x_wconf 85' lang='lat' dir='ltr'><strong>hominum</strong></span> <span class='ocrx_word' id='word_1_82' title='bbox 1049 957 1122 986; x_wconf 91' lang='lat' dir='ltr'><strong>tam</strong></span> <span class='ocrx_word' id='word_1_83' title='bbox 1159 949 1267 998; x_wconf 79' lang='lat' dir='ltr'><strong>parvi</strong></span> 
     </span>
     <span class='ocr_line' id='line_1_13' title="bbox 150 1018 1264 1069; baseline -0.001 -10"><span class='ocrx_word' id='word_1_84' title='bbox 150 1019 263 1069; x_wconf 87' lang='lat' dir='ltr'><strong>fecit,</strong></span> <span class='ocrx_word' id='word_1_85' title='bbox 295 1027 336 1056; x_wconf 86' lang='lat' dir='ltr'><strong>ut</strong></span> <span class='ocrx_word' id='word_1_86' title='bbox 361 1019 457 1067; x_wconf 87' lang='lat' dir='ltr'><strong>iste,</strong></span> <span class='ocrx_word' id='word_1_87' title='bbox 495 1030 580 1056; x_wconf 88' lang='lat' dir='ltr'><strong>cum</strong></span> <span class='ocrx_word' id='word_1_88' title='bbox 611 1019 772 1066; x_wconf 87' lang='lat' dir='ltr'><strong>pecudes</strong></span> <span class='ocrx_word' id='word_1_89' title='bbox 804 1020 850 1057; x_wconf 89' lang='lat' dir='ltr'><strong>ad</strong></span> <span class='ocrx_word' id='word_1_90' title='bbox 891 1019 1051 1069; x_wconf 81' lang='lat' dir='ltr'><strong>saginam</strong></span> <span class='ocrx_word' id='word_1_91' title='bbox 1076 1018 1264 1068; x_wconf 87' lang='lat' dir='ltr'><strong>ferarum,</strong></span> 
     </span>
     <span class='ocr_line' id='line_1_14' title="bbox 151 1083 1266 1142; baseline -0.001 -14"><span class='ocrx_word' id='word_1_92' title='bbox 151 1100 248 1142; x_wconf 79' lang='lat' dir='ltr'><strong>quae</strong></span> <span class='ocrx_word' id='word_1_93' title='bbox 273 1088 371 1127; x_wconf 84' lang='lat' dir='ltr'><strong>ludis</strong></span> <span class='ocrx_word' id='word_1_94' title='bbox 408 1089 673 1137; x_wconf 84' lang='lat' dir='ltr'><strong>praeparandae</strong></span> <span class='ocrx_word' id='word_1_95' title='bbox 698 1097 827 1136; x_wconf 72' lang='lat' dir='ltr'><strong>erant,</strong></span> <span class='ocrx_word' id='word_1_96' title='bbox 866 1089 985 1126; x_wconf 89' lang='lat' dir='ltr'><strong>carius</strong></span> <span class='ocrx_word' id='word_1_97' title='bbox 1023 1083 1266 1137; x_wconf 85' lang='lat' dir='ltr'><strong>constarent,</strong></span> 
     </span>
     <span class='ocr_line' id='line_1_15' title="bbox 150 1149 1269 1208; baseline 0.001 -11.001"><span class='ocrx_word' id='word_1_98' title='bbox 150 1150 334 1208; x_wconf 84' lang='lat' dir='ltr'><strong>plurimos</strong></span> <span class='ocrx_word' id='word_1_99' title='bbox 360 1171 403 1197; x_wconf 84' lang='lat' dir='ltr'><strong>ex</strong></span> <span class='ocrx_word' id='word_1_100' title='bbox 424 1159 548 1197; x_wconf 86' lang='lat' dir='ltr'><strong>noxiis</strong></span> <span class='ocrx_word' id='word_1_101' title='bbox 570 1149 811 1206; x_wconf 69' lang='lat' dir='ltr'><strong>hominibus,</strong></span> <span class='ocrx_word' id='word_1_102' title='bbox 840 1159 1029 1198; x_wconf 88' lang='lat' dir='ltr'><strong>laniandos</strong></span> <span class='ocrx_word' id='word_1_103' title='bbox 1055 1158 1177 1208; x_wconf 87' lang='lat' dir='ltr'><strong>feris,</strong></span> <span class='ocrx_word' id='word_1_104' title='bbox 1202 1170 1269 1199; x_wconf 88' lang='lat' dir='ltr'><strong>an-</strong></span> 
     </span>
     <span class='ocr_line' id='line_1_16' title="bbox 152 1216 1266 1279; baseline 0.002 -12"><span class='ocrx_word' id='word_1_105' title='bbox 152 1230 339 1268; x_wconf 87' lang='lat' dir='ltr'><strong>notaverit</strong></span> <span class='ocrx_word' id='word_1_106' title='bbox 369 1229 451 1278; x_wconf 87' lang='lat' dir='ltr'><strong>ipse</strong></span> <span class='ocrx_word' id='word_1_107' title='bbox 484 1230 567 1279; x_wconf 73' lang='lat'><em>(4).</em></span> <span class='ocrx_word' id='word_1_108' title='bbox 647 1229 720 1268; x_wconf 87' lang='lat' dir='ltr'><strong>Sed</strong></span> <span class='ocrx_word' id='word_1_109' title='bbox 757 1216 803 1267; x_wconf 79' lang='lat' dir='ltr'><strong>ad</strong></span> <span class='ocrx_word' id='word_1_110' title='bbox 839 1230 948 1267; x_wconf 79' lang='lat' dir='ltr'><strong>ludos</strong></span> <span class='ocrx_word' id='word_1_111' title='bbox 990 1230 1094 1278; x_wconf 91' lang='lat' dir='ltr'><strong>ipsos</strong></span> <span class='ocrx_word' id='word_1_112' title='bbox 1138 1230 1266 1269; x_wconf 86' lang='lat' dir='ltr'><strong>redeo.</strong></span> 
     </span>
     <span class='ocr_line' id='line_1_17' title="bbox 154 1288 1272 1351; baseline -0.001 -12"><span class='ocrx_word' id='word_1_113' title='bbox 154 1298 307 1339; x_wconf 80' lang='lat' dir='ltr'><strong>Frustra</strong></span> <span class='ocrx_word' id='word_1_114' title='bbox 346 1288 498 1348; x_wconf 83' lang='lat' dir='ltr'><strong>quaeras</strong></span> <span class='ocrx_word' id='word_1_115' title='bbox 525 1301 679 1338; x_wconf 87' lang='lat' dir='ltr'><strong>alterum</strong></span> <span class='ocrx_word' id='word_1_116' title='bbox 708 1300 1007 1348; x_wconf 79' lang='lat' dir='ltr'><strong>Claudium,</strong></span> <span class='ocrx_word' id='word_1_117' title='bbox 1038 1299 1272 1351; x_wconf 80' lang='lat' dir='ltr'><strong>undeviginti</strong></span> 
     </span>
     <span class='ocr_line' id='line_1_18' title="bbox 154 1364 1271 1421; baseline 0.002 -13"><span class='ocrx_word' id='word_1_118' title='bbox 154 1370 267 1409; x_wconf 86' lang='lat' dir='ltr'><strong>millia</strong></span> <span class='ocrx_word' id='word_1_119' title='bbox 297 1370 488 1409; x_wconf 84' lang='lat' dir='ltr'><strong>hominum</strong></span> <span class='ocrx_word' id='word_1_120' title='bbox 523 1379 744 1416; x_wconf 83' lang='lat' dir='ltr'><strong>armantem,</strong></span> <span class='ocrx_word' id='word_1_121' title='bbox 774 1370 837 1418; x_wconf 88' lang='lat' dir='ltr'><strong>qui</strong></span> <span class='ocrx_word' id='word_1_122' title='bbox 865 1368 908 1408; x_wconf 84' lang='lat' dir='ltr'><strong>ad</strong></span> <span class='ocrx_word' id='word_1_123' title='bbox 936 1364 1120 1421; x_wconf 83' lang='lat' dir='ltr'><strong>populum</strong></span> <span class='ocrx_word' id='word_1_124' title='bbox 1150 1372 1271 1410; x_wconf 85' lang='lat' dir='ltr'><strong>delec-</strong></span> 
     </span>
     <span class='ocr_line' id='line_1_19' title="bbox 155 1440 1271 1491; baseline 0 -12"><span class='ocrx_word' id='word_1_125' title='bbox 155 1443 305 1480; x_wconf 87' lang='lat' dir='ltr'><strong>tandum</strong></span> <span class='ocrx_word' id='word_1_126' title='bbox 345 1442 424 1491; x_wconf 86' lang='lat' dir='ltr'><strong>eJ&#39;us</strong></span> <span class='ocrx_word' id='word_1_127' title='bbox 460 1441 570 1490; x_wconf 80' lang='lat' dir='ltr'><strong>jussu</strong></span> <span class='ocrx_word' id='word_1_128' title='bbox 608 1440 646 1478; x_wconf 90' lang='lat' dir='ltr'><strong>in</strong></span> <span class='ocrx_word' id='word_1_129' title='bbox 686 1441 826 1489; x_wconf 85' lang='lat' dir='ltr'><strong>praelio</strong></span> <span class='ocrx_word' id='word_1_130' title='bbox 873 1440 994 1479; x_wconf 88' lang='lat' dir='ltr'><strong>navali</strong></span> <span class='ocrx_word' id='word_1_131' title='bbox 1025 1441 1271 1481; x_wconf 88' lang='lat' dir='ltr'><strong>occubuerint</strong></span> 
     </span>
     <span class='ocr_line' id='line_1_20' title="bbox 155 1511 1272 1566; baseline 0.002 -17"><span class='ocrx_word' id='word_1_132' title='bbox 155 1513 381 1550; x_wconf 87' lang='lat' dir='ltr'><strong>clamantes·</strong></span> <span class='ocrx_word' id='word_1_133' title='bbox 440 1540 463 1558; x_wconf 82' lang='lat'>„</span> <span class='ocrx_word' id='word_1_134' title='bbox 489 1513 597 1559; x_wconf 79' lang='lat' dir='ltr'><strong>Ave,</strong></span> <span class='ocrx_word' id='word_1_135' title='bbox 633 1512 860 1560; x_wconf 80' lang='lat' dir='ltr'><strong>imperator,</strong></span> <span class='ocrx_word' id='word_1_136' title='bbox 900 1511 1069 1550; x_wconf 85' lang='lat' dir='ltr'><strong>morituri</strong></span> <span class='ocrx_word' id='word_1_137' title='bbox 1104 1521 1141 1566; x_wconf 90' lang='lat' dir='ltr'><strong>te</strong></span> <span class='ocrx_word' id='word_1_138' title='bbox 1173 1513 1272 1551; x_wconf 90' lang='lat' dir='ltr'><strong>salu·</strong></span> 
     </span>
     <span class='ocr_line' id='line_1_21' title="bbox 158 1581 1275 1631; baseline 0 -10"><span class='ocrx_word' id='word_1_139' title='bbox 158 1585 268 1621; x_wconf 86' lang='lat' dir='ltr'><strong>tent’</strong></span> <span class='ocrx_word' id='word_1_140' title='bbox 272 1582 392 1631; x_wconf 86' lang='grc'>’.(5)</span> <span class='ocrx_word' id='word_1_141' title='bbox 430 1582 482 1620; x_wconf 91' lang='lat' dir='ltr'><strong>Et</strong></span> <span class='ocrx_word' id='word_1_142' title='bbox 510 1581 592 1630; x_wconf 83' lang='lat' dir='ltr'><strong>ipse</strong></span> <span class='ocrx_word' id='word_1_143' title='bbox 613 1581 790 1629; x_wconf 80' lang='lat' dir='ltr'><strong>Titus,</strong></span> <span class='ocrx_word' id='word_1_144' title='bbox 825 1583 890 1629; x_wconf 88' lang='lat' dir='ltr'><strong>qui</strong></span> <span class='ocrx_word' id='word_1_145' title='bbox 918 1581 1025 1620; x_wconf 76' lang='lat' dir='ltr'><strong>decus</strong></span> <span class='ocrx_word' id='word_1_146' title='bbox 1052 1596 1096 1620; x_wconf 83' lang='lat' dir='ltr'><strong>ac</strong></span> <span class='ocrx_word' id='word_1_147' title='bbox 1119 1581 1275 1623; x_wconf 73' lang='lat' dir='ltr'><strong>deliciae</strong></span> 
     </span>
    </p>

    <p class='ocr_par' dir='ltr' id='par_1_3' title="bbox 1205 1654 1275 1692">
     <span class='ocr_line' id='line_1_22' title="bbox 1205 1654 1275 1692; baseline 0 0"><span class='ocrx_word' id='word_1_148' title='bbox 1205 1654 1275 1692; x_wconf 82' lang='lat' dir='ltr'><strong>hu-</strong></span> 
     </span>
    </p>
   </div>
   <div class='ocr_carea' id='block_1_3' title="bbox 161 1715 1278 2153">
    <p class='ocr_par' dir='ltr' id='par_1_4' title="bbox 161 1715 1275 1811">
     <span class='ocr_line' id='line_1_23' title="bbox 200 1715 1275 1754; baseline 0.004 -10"><span class='ocrx_word' id='word_1_149' title='bbox 200 1715 253 1754; x_wconf 85' lang='lat'><strong>(1)</strong></span> <span class='ocrx_word' id='word_1_150' title='bbox 273 1715 323 1744; x_wconf 83' lang='lat' dir='ltr'><strong>ef.</strong></span> <span class='ocrx_word' id='word_1_151' title='bbox 345 1717 519 1750; x_wconf 62' lang='lat' dir='ltr'><strong>Seneca,</strong></span> <span class='ocrx_word' id='word_1_152' title='bbox 540 1716 637 1751; x_wconf 80' lang='lat' dir='ltr'><strong>Epist.</strong></span> <span class='ocrx_word' id='word_1_153' title='bbox 660 1725 688 1751; x_wconf 81' lang='lat'><strong>7.</strong></span> <span class='ocrx_word' id='word_1_154' title='bbox 712 1730 748 1737; x_wconf 86' lang='lat'><strong>--</strong></span> <span class='ocrx_word' id='word_1_155' title='bbox 769 1716 892 1751; x_wconf 82' lang='lat' dir='ltr'><strong>Religio</strong></span> <span class='ocrx_word' id='word_1_156' title='bbox 919 1716 1088 1746; x_wconf 80' lang='lat' dir='ltr'><strong>Christiana</strong></span> <span class='ocrx_word' id='word_1_157' title='bbox 1110 1719 1199 1748; x_wconf 85' lang='lat' dir='ltr'><strong>ludos</strong></span> <span class='ocrx_word' id='word_1_158' title='bbox 1221 1721 1275 1747; x_wconf 83' lang='lat' dir='ltr'>e&#39;x·</span> 
     </span>
     <span class='ocr_line' id='line_1_24' title="bbox 161 1771 1114 1811; baseline 0.004 -10"><span class='ocrx_word' id='word_1_159' title='bbox 161 1772 269 1802; x_wconf 78' lang='lat' dir='ltr'><strong>stinxit</strong></span> <span class='ocrx_word' id='word_1_160' title='bbox 292 1771 486 1807; x_wconf 80' lang='lat' dir='ltr'><strong>gladiatorios</strong></span> <span class='ocrx_word' id='word_1_161' title='bbox 510 1773 551 1802; x_wconf 87' lang='lat' dir='ltr'><strong>cf.</strong></span> <span class='ocrx_word' id='word_1_162' title='bbox 576 1773 788 1809; x_wconf 81' lang='lat' dir='ltr'><strong>Gieseler,</strong></span> <span class='ocrx_word' id='word_1_163' title='bbox 818 1775 860 1802; x_wconf 85' lang='lat' dir='ltr'><strong>K.</strong></span> <span class='ocrx_word' id='word_1_164' title='bbox 886 1775 923 1804; x_wconf 90' lang='lat' dir='ltr'><strong>G.</strong></span> <span class='ocrx_word' id='word_1_165' title='bbox 943 1775 968 1802; x_wconf 93' lang='grc' dir='ltr'><strong>Ῑ.</strong></span> <span class='ocrx_word' id='word_1_166' title='bbox 990 1783 1023 1810; x_wconf 86' lang='lat' dir='ltr'><strong>p.</strong></span> <span class='ocrx_word' id='word_1_167' title='bbox 1046 1778 1114 1811; x_wconf 76' lang='lat'>607.</span> 
     </span>
    </p>

    <p class='ocr_par' dir='ltr' id='par_1_5' title="bbox 199 1829 782 1867">
     <span class='ocr_line' id='line_1_25' title="bbox 199 1829 782 1867; baseline 0.002 -7"><span class='ocrx_word' id='word_1_168' title='bbox 199 1829 252 1867; x_wconf 65' lang='grc' dir='ltr'><strong>(α)</strong></span> <span class='ocrx_word' id='word_1_169' title='bbox 274 1829 345 1858; x_wconf 87' lang='lat' dir='ltr'><strong>Vid.</strong></span> <span class='ocrx_word' id='word_1_170' title='bbox 368 1829 446 1857; x_wconf 84' lang='lat' dir='ltr'><strong>Cic·</strong></span> <span class='ocrx_word' id='word_1_171' title='bbox 466 1837 523 1864; x_wconf 80' lang='lat' dir='ltr'><strong>pro</strong></span> <span class='ocrx_word' id='word_1_172' title='bbox 547 1831 638 1858; x_wconf 80' lang='lat' dir='ltr'><strong>Sexto</strong></span> <span class='ocrx_word' id='word_1_173' title='bbox 653 1850 663 1865; x_wconf 95' lang='lat'>‚</span> <span class='ocrx_word' id='word_1_174' title='bbox 684 1839 711 1859; x_wconf 91' lang='lat' dir='ltr'><strong>c.</strong></span> <span class='ocrx_word' id='word_1_175' title='bbox 734 1838 782 1866; x_wconf 89' lang='grc'><strong>59.</strong></span> 
     </span>
    </p>

    <p class='ocr_par' dir='ltr' id='par_1_6' title="bbox 161 1887 1278 2100">
     <span class='ocr_line' id='line_1_26' title="bbox 202 1887 1275 1925; baseline 0.006 -11"><span class='ocrx_word' id='word_1_176' title='bbox 202 1888 256 1923; x_wconf 83' lang='lat'><strong>(3)</strong></span> <span class='ocrx_word' id='word_1_177' title='bbox 276 1887 327 1916; x_wconf 87' lang='lat' dir='ltr'><strong>Cf.</strong></span> <span class='ocrx_word' id='word_1_178' title='bbox 342 1887 361 1913; x_wconf 84' lang='lat' dir='ltr'>B</span> <span class='ocrx_word' id='word_1_179' title='bbox 371 1887 441 1915; x_wconf 87' lang='lat' dir='ltr'><strong>eck</strong></span> <span class='ocrx_word' id='word_1_180' title='bbox 452 1894 469 1915; x_wconf 91' lang='lat' dir='ltr'><strong>e</strong></span> <span class='ocrx_word' id='word_1_181' title='bbox 479 1894 513 1922; x_wconf 90' lang='lat' dir='ltr'><strong>r,</strong></span> <span class='ocrx_word' id='word_1_182' title='bbox 533 1888 585 1915; x_wconf 89' lang='lat' dir='ltr'><strong>l.l.</strong></span> <span class='ocrx_word' id='word_1_183' title='bbox 598 1888 677 1916; x_wconf 84' lang='lat' dir='ltr'><strong>vm.</strong></span> <span class='ocrx_word' id='word_1_184' title='bbox 688 1896 720 1923; x_wconf 88' lang='lat' dir='ltr'><strong>p.</strong></span> <span class='ocrx_word' id='word_1_185' title='bbox 733 1896 781 1923; x_wconf 80' lang='lat'><strong>27.</strong></span> <span class='ocrx_word' id='word_1_186' title='bbox 800 1902 839 1909; x_wconf 94' lang='lat'>—</span> <span class='ocrx_word' id='word_1_187' title='bbox 860 1889 1005 1917; x_wconf 84' lang='lat' dir='ltr'><strong>Profecto</strong></span> <span class='ocrx_word' id='word_1_188' title='bbox 1015 1890 1090 1918; x_wconf 79' lang='lat' dir='ltr'><strong>haec</strong></span> <span class='ocrx_word' id='word_1_189' title='bbox 1105 1893 1275 1925; x_wconf 85' lang='lat' dir='ltr'><strong>spectacula</strong></span> 
     </span>
     <span class='ocr_line' id='line_1_27' title="bbox 161 1944 1274 1982; baseline 0.003 -8"><span class='ocrx_word' id='word_1_190' title='bbox 161 1944 298 1974; x_wconf 74' lang='lat' dir='ltr'><strong>saeviora</strong></span> <span class='ocrx_word' id='word_1_191' title='bbox 318 1944 442 1972; x_wconf 84' lang='lat' dir='ltr'><strong>fuerunt</strong></span> <span class='ocrx_word' id='word_1_192' title='bbox 459 1944 560 1979; x_wconf 77' lang='lat' dir='ltr'><strong>ludis,</strong></span> <span class='ocrx_word' id='word_1_193' title='bbox 581 1944 634 1980; x_wconf 85' lang='lat' dir='ltr'><strong>qui</strong></span> <span class='ocrx_word' id='word_1_194' title='bbox 653 1945 754 1974; x_wconf 86' lang='lat' dir='ltr'><strong>medio</strong></span> <span class='ocrx_word' id='word_1_195' title='bbox 782 1954 859 1974; x_wconf 80' lang='lat' dir='ltr'><strong>aevo</strong></span> <span class='ocrx_word' id='word_1_196' title='bbox 882 1946 917 1974; x_wconf 73' lang='lat' dir='ltr'><strong>ab</strong></span> <span class='ocrx_word' id='word_1_197' title='bbox 935 1946 1090 1982; x_wconf 88' lang='lat' dir='ltr'><strong>equitibus</strong></span> <span class='ocrx_word' id='word_1_198' title='bbox 1109 1947 1169 1975; x_wconf 76' lang='lat' dir='ltr'><strong>acti</strong></span> <span class='ocrx_word' id='word_1_199' title='bbox 1193 1956 1274 1978; x_wconf 87' lang='lat' dir='ltr'><strong>sunt.</strong></span> 
     </span>
     <span class='ocr_line' id='line_1_28' title="bbox 163 2001 1278 2049; baseline 0.005 -17"><span class='ocrx_word' id='word_1_200' title='bbox 163 2002 205 2032; x_wconf 88' lang='lat' dir='ltr'><strong>Hi</strong></span> <span class='ocrx_word' id='word_1_201' title='bbox 221 2002 338 2031; x_wconf 70' lang='lat' dir='ltr'><strong>scilicet</strong></span> <span class='ocrx_word' id='word_1_202' title='bbox 353 2001 383 2028; x_wconf 89' lang='lat' dir='ltr'><strong>in</strong></span> <span class='ocrx_word' id='word_1_203' title='bbox 402 2002 618 2030; x_wconf 82' lang='lat' dir='ltr'><strong>torneamentis</strong></span> <span class='ocrx_word' id='word_1_204' title='bbox 636 2003 757 2031; x_wconf 90' lang='lat' dir='ltr'><strong>nonnisi</strong></span> <span class='ocrx_word' id='word_1_205' title='bbox 773 2004 956 2039; x_wconf 83' lang='lat' dir='ltr'><strong>cataphracti</strong></span> <span class='ocrx_word' id='word_1_206' title='bbox 977 2001 1278 2049; x_wconf 64' lang='grc' dir='ltr'><strong>(κατάφρκκτοι),</strong></span> 
     </span>
     <span class='ocr_line' id='line_1_29' title="bbox 167 2059 1278 2100; baseline 0.005 -11"><span class='ocrx_word' id='word_1_207' title='bbox 167 2060 219 2096; x_wconf 89' lang='lat' dir='ltr'><strong>qui</strong></span> <span class='ocrx_word' id='word_1_208' title='bbox 229 2059 372 2089; x_wconf 85' lang='lat' dir='ltr'><strong>dicuntur</strong></span> <span class='ocrx_word' id='word_1_209' title='bbox 381 2079 389 2094; x_wconf 91' lang='lat'><strong>‚</strong></span> <span class='ocrx_word' id='word_1_210' title='bbox 400 2059 636 2095; x_wconf 56' lang='lat' dir='ltr'><strong>prodieruntstt</strong></span> <span class='ocrx_word' id='word_1_211' title='bbox 646 2060 796 2089; x_wconf 77' lang='lat' dir='ltr'><strong>rarissime</strong></span> <span class='ocrx_word' id='word_1_212' title='bbox 809 2062 844 2089; x_wconf 85' lang='lat' dir='ltr'><strong>ad</strong></span> <span class='ocrx_word' id='word_1_213' title='bbox 855 2068 983 2090; x_wconf 82' lang='lat' dir='ltr'><strong>mortem</strong></span> <span class='ocrx_word' id='word_1_214' title='bbox 992 2070 1088 2098; x_wconf 83' lang='lat' dir='ltr'><strong>usque</strong></span> <span class='ocrx_word' id='word_1_215' title='bbox 1097 2071 1278 2100; x_wconf 74' lang='lat' dir='ltr'><strong>pugnarunt.</strong></span> 
     </span>
    </p>

    <p class='ocr_par' dir='ltr' id='par_1_7' title="bbox 205 2116 911 2153">
     <span class='ocr_line' id='line_1_30' title="bbox 205 2116 911 2153; baseline 0.004 -9"><span class='ocrx_word' id='word_1_216' title='bbox 205 2119 254 2153; x_wconf 78' lang='grc'><strong>(4·</strong></span> <span class='ocrx_word' id='word_1_217' title='bbox 280 2116 349 2145; x_wconf 84' lang='lat' dir='ltr'><strong>Vid.</strong></span> <span class='ocrx_word' id='word_1_218' title='bbox 379 2118 541 2144; x_wconf 67' lang='lat' dir='ltr'><strong>sueton.</strong></span> <span class='ocrx_word' id='word_1_219' title='bbox 564 2116 594 2143; x_wconf 86' lang='lat' dir='ltr'><strong>in</strong></span> <span class='ocrx_word' id='word_1_220' title='bbox 615 2117 719 2152; x_wconf 78' lang='lat' dir='ltr'><strong>Calig.</strong></span> <span class='ocrx_word' id='word_1_221' title='bbox 739 2125 766 2146; x_wconf 88' lang='lat' dir='ltr'><strong>c.</strong></span> <span class='ocrx_word' id='word_1_222' title='bbox 787 2124 841 2152; x_wconf 69' lang='lat'><strong>25²,</strong></span> <span class='ocrx_word' id='word_1_223' title='bbox 864 2126 911 2152; x_wconf 80' lang='lat'><strong>30.</strong></span> 
     </span>
    </p>
   </div>
   <div class='ocr_carea' id='block_1_4' title="bbox 169 2173 1279 2268">
    <p class='ocr_par' dir='ltr' id='par_1_8' title="bbox 169 2173 1279 2268">
     <span class='ocr_line' id='line_1_31' title="bbox 202 2173 1279 2212; baseline 0.005 -8"><span class='ocrx_word' id='word_1_224' title='bbox 202 2174 256 2212; x_wconf 81' lang='lat'><strong>(5)</strong></span> <span class='ocrx_word' id='word_1_225' title='bbox 280 2175 370 2203; x_wconf 80' lang='lat' dir='ltr'><strong>Vidd.</strong></span> <span class='ocrx_word' id='word_1_226' title='bbox 392 2173 533 2208; x_wconf 85' lang='lat' dir='ltr'><strong>Tacit,</strong></span> <span class='ocrx_word' id='word_1_227' title='bbox 553 2174 637 2202; x_wconf 88' lang='lat' dir='ltr'><strong>Ann.</strong></span> <span class='ocrx_word' id='word_1_228' title='bbox 671 2174 764 2202; x_wconf 80' lang='lat' dir='ltr'><strong>xxn.</strong></span> <span class='ocrx_word' id='word_1_229' title='bbox 789 2182 818 2205; x_wconf 86' lang='lat' dir='ltr'><strong>c.</strong></span> <span class='ocrx_word' id='word_1_230' title='bbox 839 2178 899 2211; x_wconf 84' lang='lat'><strong>56,</strong></span> <span class='ocrx_word' id='word_1_231' title='bbox 920 2183 969 2210; x_wconf 83' lang='lat'><strong>57.</strong></span> <span class='ocrx_word' id='word_1_232' title='bbox 999 2176 1075 2206; x_wconf 88' lang='lat' dir='ltr'><strong>Dio</strong></span> <span class='ocrx_word' id='word_1_233' title='bbox 1099 2178 1207 2209; x_wconf 79' lang='lat' dir='ltr'><strong>Cass.</strong></span> <span class='ocrx_word' id='word_1_234' title='bbox 1229 2180 1279 2212; x_wconf 79' lang='lat' dir='ltr'><strong>IX.</strong></span> 
     </span>
     <span class='ocr_line' id='line_1_32' title="bbox 169 2230 650 2268; baseline 0 -8"><span class='ocrx_word' id='word_1_235' title='bbox 169 2236 224 2268; x_wconf 83' lang='lat'><strong>673</strong></span> <span class='ocrx_word' id='word_1_236' title='bbox 258 2233 385 2266; x_wconf 62' lang='lat' dir='ltr'><strong>Suet„</strong></span> <span class='ocrx_word' id='word_1_237' title='bbox 406 2230 438 2259; x_wconf 91' lang='lat' dir='ltr'><strong>in</strong></span> <span class='ocrx_word' id='word_1_238' title='bbox 456 2231 536 2260; x_wconf 82' lang='lat' dir='ltr'><strong>Ner.</strong></span> <span class='ocrx_word' id='word_1_239' title='bbox 552 2238 581 2258; x_wconf 79' lang='lat' dir='ltr'><strong>e.</strong></span> <span class='ocrx_word' id='word_1_240' title='bbox 602 2237 650 2264; x_wconf 80' lang='grc'><strong>37.</strong></span> 
     </span>
    </p>
   </div>
  </div>
 </body>
</html>
