1507 2876
251 243 298 281 54
470 230 1135 275 COMMENTATIO

250 340 450 379 homicidio
465 342 589 380 datum
604 370 618 388 ‚
641 349 756 390 atque
781 342 828 379 ad
861 340 988 380 Mosis
1007 350 1246 390 praeceptum
1272 341 1360 392 (1).

250 411 368 462 Quod
387 411 579 451 attinetad
594 412 687 450 illud
710 412 855 461 jussum
870 439 884 459 ,
898 412 1058 450 Noacho
1070 413 1194 451 datum
1208 440 1222 460 ‚
1238 413 1366 451 consi-

252 482 409 520 deranda
429 491 518 521 sunt
542 482 710 531 inprimis
731 490 919 530 tempora,
932 493 1027 530 quae
1039 483 1180 521 diluvio
1199 491 1365 522 anteces-

252 561 376 590 serant
389 580 402 599 ,
416 551 481 590 ubi
503 552 733 590 alius-alium
756 551 908 598 impune
932 551 1115 590 trucidare
1128 551 1264 590 solitus
1285 550 1368 590 fue-

252 629 323 660 rat.
350 619 464 671 Quod
488 621 574 658 licet
600 621 723 659 datum
750 629 848 658 esset
870 649 883 668 ,
899 623 959 659 vel
987 623 1041 660 sie
1062 631 1184 660 tamen
1196 622 1366 661 laudatur

253 691 487 744 Abrahamus
501 719 515 738 ‚
551 692 621 739 'qui
655 701 788 740 postea
819 691 956 729 bellum
995 693 1151 739 gesserit
1187 693 1273 742 (2).
1311 713 1368 724 ·-—

253 761 456 810 Praecepto
480 761 654 800 Mosaico
678 762 832 800 omnino
854 762 1087 800 interdicitur
1110 763 1338 801 homicidum
1353 792 1368 812 ,

255 832 404 870 minime
429 844 518 870 vero
551 844 795 881 quaecunque
818 834 973 883 caedes;
997 835 1187 884 legislator
1207 842 1371 873 tantum-

254 903 367 940 modo
382 903 526 941 caedem
551 903 768 943 destinatam
791 916 831 942 ac
853 905 1033 953 privatam
1050 933 1063 952 ,
1080 917 1174 953 quae
1201 905 1239 943 in
1261 904 1370 943 inno-

255 980 397 1009 centem
423 982 656 1021 perpetratur
670 1002 684 1021 ,
699 975 898 1023 spectavit.
927 976 1025 1014 Nam
1039 987 1161 1024 neque
1184 976 1369 1025 supplicia

255 1042 424 1091 capitalia
451 1043 607 1081 sustulit
621 1045 715 1094 (3),
741 1056 864 1093 neque
879 1057 961 1084 eum
980 1074 993 1093 ‚
1010 1047 1075 1095 qui
1098 1047 1136 1084 in
1156 1047 1274 1085 furem
1288 1059 1370 1086 sese

254 1112 365 1150 armis
408 1111 609 1162 defendat,
636 1126 676 1152 ac
717 1115 921 1153 maleficum
964 1116 1159 1155 interficiat
1175 1145 1188 1164 ‚
1238 1119 1370 1166 poenis

254 1182 407 1230 dignum
418 1184 626 1222 aestimavit
639 1185 707 1234 (4)
726 1196 870 1232 ‚neque
891 1186 1061 1225 bellando
1081 1187 1271 1226 interdixit
1284 1189 1368 1237 (5).

254 1251 384 1299 Itaque
421 1252 480 1291 his
518 1254 634 1303 jussis
679 1255 828 1293 minime
856 1256 991 1294 bellum
1012 1257 1249 1296 interdictum
1275 1256 1372 1296 fuis·

254 1333 325 1368 se,
341 1333 462 1370 neque
495 1324 640 1362 caedem
667 1352 680 1371 ,
706 1337 800 1372 quae
827 1327 942 1375 vulgo
980 1327 1021 1365 in
1058 1328 1156 1366 bello
1180 1328 1251 1376 fit,
1279 1340 1372 1367 con-

255 1393 459 1432 demnatam
481 1393 739 1442 intelligimuS.

305 1464 355 1502 II.
398 1464 550 1502 Plurimi
598 1465 819 1504 sententiam
865 1467 912 1505 de
954 1467 1052 1505 bello
1076 1495 1090 1516 ‚
1142 1467 1369 1508 Christianis

253 1543 332 1572 non
355 1533 555 1572 interdicto
570 1563 582 1581 ‚
610 1535 829 1584 impugnant
856 1546 1073 1586 argumento
1088 1566 1102 1585 ,
1130 1539 1233 1586 quod
1257 1538 1372 1576 dedu-

258 1612 349 1642 cunt
373 1615 417 1642 ex
439 1604 646 1642 nonnullisl
660 1605 740 1643 ocis
761 1606 1021 1645 vaticiniorum
1048 1607 1146 1659 (6),
1166 1609 1204 1646 in
1228 1608 1368 1656 quibus

254 1684 358 1714 vates
383 1687 422 1714 v.
446 1687 484 1714 c.
504 1676 550 1714 de
568 1676 698 1725 gladiis
723 1676 761 1714 in
785 1677 930 1726 ligones
947 1678 1017 1725 ‚de
1038 1679 1173 1718 lanceis
1197 1680 1236 1717 in
1255 1679 1368 1718 falces

254 1746 424 1784 contusis
439 1746 647 1795 ,loquitur.
677 1747 789 1786 Hisce
802 1747 896 1787 locis
910 1748 1122 1788 cecinerunt
1139 1752 1271 1800 vatesss,
1288 1759 1369 1789 tan·

256 1828 365 1864 quam
405 1818 563 1865 poetae,
591 1827 750 1865 quorum
785 1817 882 1856 dicta
910 1829 988 1856 non
1026 1820 1071 1858 ad
1095 1819 1236 1859 literam
1270 1822 1372 1860 acci-

1267 1891 1372 1940 pien-

262 2009 264 2012 .
294 1982 347 2020 (ι)
370 1984 451 2012 Gen.
471 1983 552 2015 vm,
571 1991 606 2018 s,
626 1986 655 2013 6.
678 1984 774 2012 Exod.
797 1984 859 2014 XX.
880 1991 925 2017 13-
943 1986 1018 2014 coll.
1041 1985 1150 2016 Matth.
1167 1987 1206 2016 V.
1225 1996 1275 2017 21.

293 2039 344 2077 (α)
367 2041 448 2069 Gen.
465 2041 543 2069 XIV.
563 2048 617 2077 14,
640 2050 694 2078 19,
715 2051 763 2071 20.
1043 2039 1045 2041 ’

294 2098 347 2134 (3)
368 2097 468 2126 Exod.
491 2097 572 2126 XXI.
594 2107 640 2136 14.
659 2106 747 2134 seqq.
772 2099 865 2129 Num.
885 2099 1003 2128 XXXV.
1028 2102 1074 2130 16.

296 2154 349 2190 (4)
370 2154 472 2184 Exod.
492 2155 582 2184 XXII.
600 2165 629 2184 2.

297 2209 349 2247 (5)
369 2211 409 2240 V.
425 2218 453 2239 c.
472 2211 565 2240 Num.
583 2212 662 2241 XXI.
680 2221 727 2248 23.
745 2221 831 2250 seqq.
853 2214 957 2243 XXXI.
977 2217 1008 2245 6.

295 2266 349 2303 (6)
368 2268 404 2296 E.
425 2275 455 2303 g.
481 2268 543 2305 Jes.
571 2269 609 2298 11.
635 2279 666 2307 4.
694 2271 747 2299 XI.
772 2274 790 2302 6
807 2292 817 2307 ,
850 2281 879 2308 9.
909 2271 999 2301 LXV.
1033 2279 1082 2306 ης.
1114 2271 1194 2309 joel.
1231 2272 1282 2303 111.
1319 2281 1364 2303 ιο.

259 2323 356 2354 Mich.
377 2326 427 2354 IV.
451 2333 543 2363 1—4.
