1502 2767
223 176 246 211 4
459 163 1100 206 INTRODUCTIO.

227 282 326 319 quae
352 265 658 312 cunctos⁷amore
679 274 840 312 fraterno
859 276 1056 324 complecti
1082 275 1211 326 jubet,
1235 277 1330 326 J'usti

229 349 265 377 et
293 341 399 388 aequi
431 352 581 379 sensum
620 341 710 388 alit,
739 351 774 380 et
797 354 880 391 erga
909 355 1063 392 omnes,
1090 344 1194 392 ipsos
1219 345 1327 383 etiam

225 411 411 449 hostiliter
451 412 655 458 animatos,
706 414 841 451 amoris
876 422 912 452 et
942 414 1176 452 humanitatis
1213 414 1329 454 officia

225 490 407 528 praestare
420 481 578 519 inculcat
594 510 606 528 ,
620 492 697 519 non
712 490 839 529 potest
854 493 928 520 non
950 494 1031 521 esse
1051 483 1180 532 religio
1194 483 1294 531 pacis
1311 511 1324 529 ,

226 552 380 599 eJ'usque
394 550 565 599 magistra
578 579 590 598 ,
606 552 696 598 quin
710 561 744 589 et
769 552 814 589 ad
831 553 1065 591 concordiam
1089 555 1222 592 ducere
1241 553 1327 602 (1).

276 619 548 666 Unusquisque
579 620 700 666 enim‚
747 621 958 668 cuicunque
1001 623 1143 660 tandem
1187 621 1329 660 civitati

225 699 360 726 nomen
391 689 555 735 dederit,
586 690 619 729 si
655 690 859 728 Christiani
894 691 1045 728 nomine
1077 692 1213 739 dignus
1247 702 1329 729 esse

225 759 339 805 velit,
392 759 441 796 ita
481 759 644 808 perfecte
677 760 854 798 rationem
891 762 1032 798 excoiat
1061 771 1213 798 necesse
1244 768 1329 808 est,

226 839 268 865 ut
300 829 416 875 hacc,
455 829 628 867 omnibus
652 830 779 878 pravis
815 830 926 868 animi
950 830 1145 868 affectibus
1179 830 1329 876 missis,

225 898 370 935 divinae
412 899 616 937 voiuntatis
658 899 774 938 instar
820 900 1060 949 interpretis3.
1112 900 1176 945 id,
1229 900 1332 946 quod

226 979 382 1014 aequum
410 978 446 1006 et
474 970 615 1018 justum
639 969 715 1015 sit,
743 981 826 1007 cum
860 969 1017 1016 singulis
1052 968 1224 1015 civibus,
1251 977 1329 1005 tum

226 1037 410 1075 universis
432 1039 606 1086 populis,
629 1039 822 1085 decernat,
859 1038 977 1083 velit,
1012 1045 1159 1076 tueatur
1184 1047 1220 1075 et
1253 1036 1335 1075 vin-

225 1107 337 1145 dicet.
391 1107 447 1145 Ut
472 1108 552 1156 ipse
590 1108 702 1146 nullis
735 1108 859 1156 pravis
899 1107 1047 1145 ducitur
1085 1107 1253 1146 consiliis
1296 1114 1333 1145 et

223 1177 316 1214 nihil
339 1177 383 1215 ab
413 1178 492 1215 aliis
514 1179 645 1216 metuit
663 1207 676 1226 ‚
712 1179 761 1216 ita
787 1178 953 1216 vicissim
971 1178 1016 1216 ab
1045 1189 1276 1226 unoquoque
1297 1177 1334 1215 id

220 1247 303 1294 jure
332 1257 544 1294 exspectat,
572 1257 614 1285 ut
643 1248 777 1285 amoris
805 1257 841 1285 et
864 1247 1029 1296 justitiae
1052 1256 1246 1295 praecepta
1270 1257 1328 1284 er-

225 1326 268 1362 ga
295 1326 336 1353 se
363 1325 600 1364 exsequatur.
656 1316 732 1355 Ubi
759 1325 943 1364 potestate
968 1328 1056 1364 prae
1087 1316 1167 1354 aliis
1202 1316 1328 1363 valet,

224 1385 335 1423 officii
379 1397 490 1425 sensu
534 1388 697 1434 ductu5‚
739 1398 819 1424 non
861 1394 1004 1424 tantum
1031 1384 1256 1433 infirmiori,
1297 1385 1330 1424 si

221 1457 302 1504 jure
337 1457 408 1493 hoc
437 1456 575 1494 illudve
600 1457 686 1494 huic
712 1456 919 1504 competit,
945 1457 1079 1493 lubens
1105 1456 1237 1503 cedet,
1264 1455 1329 1492 sed

223 1534 261 1563 et
290 1525 476 1564 indefesso
516 1527 640 1564 studio
674 1527 761 1565 huic
793 1527 855 1576 jus
893 1525 1078 1564 vindicare
1113 1524 1329 1573 conabitur,

226 1595 293 1632 ubi
325 1595 370 1633 ab
397 1596 477 1633 aliis
506 1596 638 1646 injuria
673 1596 844 1634 affectum
883 1596 997 1634 videt.

274 1666 382 1704 Nihil
410 1677 495 1704 sane
522 1679 541 1704 a
577 1678 723 1714 regno,
765 1666 803 1704 in
841 1677 917 1714 quo
954 1677 1082 1704 omnes
1118 1666 1168 1703 ita
1199 1666 1335 1704 sentite

227 1744 262 1774 et
290 1747 395 1785 agere
419 1736 627 1785 jubentur,
663 1736 818 1774 alienius
855 1747 936 1774 esse
967 1744 1119 1784 potest,
1147 1747 1256 1783 quam
1288 1736 1334 1773 li·

221 1816 291 1844 tes.
319 1823 375 1832 --
404 1805 478 1843 Hic
510 1805 605 1843 enim
636 1805 788 1843 rationis
821 1805 891 1843 rite
926 1806 1091 1843 excultae
1126 1803 1210 1851 cst,
1238 1805 1329 1852 quid

218 1877 358 1924 J'ustum
391 1884 426 1913 et
455 1886 613 1923 acquum
652 1876 725 1922 sit,
762 1874 1034 1924 pronunciare,
1074 1873 1112 1913 vi
1141 1884 1177 1912 et
1206 1874 1330 1924 gladio

1243 1945 1326 1983 lon-

220 2063 355 2099 tinghe
369 2084 379 2100 ,
400 2066 555 2095 Gesclzs'ed.
575 2067 630 2094 der
650 2066 864 2099 Menschlzeid,
879 2066 966 2094 Tom·
990 2064 1048 2095 IX.
1071 2071 1137 2099 pag.
1162 2067 1322 2101 ³74-¹86·

217 2120 353 2155 Inprimis
374 2129 441 2156 pag.
467 2126 529 2151 182.

254 2176 304 2213 (ι)
328 2178 459 2211 Legatur
481 2177 749 2214 Tzschirncr,
773 2179 805 2205 in
821 2179 983 2214 opusculis
996 2179 1141 2208 Academ.
1165 2186 1246 2214 quaer
1260 2177 1323 2207 edi-

217 2230 258 2260 dit
279 2232 306 2268 J.
332 2233 366 2262 F.
390 2233 573 2269 Winzer‚
593 2233 715 2269 Lipsiae
746 2237 830 2271 1829·
852 2242 919 2269 pag.
944 2238 996 2266 128
1016 2242 1063 2269 sq-
