1502 2767
277 167 328 206 94
500 153 1173 194 COMMENTATIO.

275 265 444 303 standum
460 265 638 312 putarint.
668 264 808 302 Nonne
820 263 974 302 historIa
997 272 1090 303 teste
1104 293 1117 313 ‚
1132 265 1294 305 vindicta
1315 278 1381 305 co·

275 337 329 384 git
352 336 511 374 Graecos
531 336 574 372 ad
598 335 730 381 Trojae
747 326 872 372 muros
891 347 904 383 3
922 336 1247 376 vehementissimo
1261 338 1380 376 fertur

273 408 361 445 odio
379 409 518 457 Sparta
541 406 577 442 in
600 416 726 442 omnes
753 404 927 443 Graeciae
951 407 1146 454 civitates,
1174 416 1210 445 et
1236 418 1378 446 summa

238 482 240 484 ’
269 489 439 527 quaeque
449 479 581 515 scelera
594 476 730 513 invidia
741 475 872 513 excitat
888 477 926 513 in
936 477 1052 515 varias
1062 477 1237 516 Graeciae
1249 477 1379 516 civita-

265 560 322 587 tes
332 550 351 588 ?
364 549 422 587 En
431 535 613 585 Romanos
626 555 660 583 et
675 546 952 595 Carthagines!
966 546 1065 585 Odio
1078 556 1115 586 et
1127 547 1263 585 invidia
1275 558 1377 585 com-

266 619 383 665 moti,
400 618 521 655 delent
534 617 587 654 illi
601 616 867 666 Carthaginem
890 616 1052 664 aliasque
1066 617 1191 658 urbes.
1221 618 1372 668 Quanto

263 688 336 727 fuit
360 688 447 725 odio
469 688 645 725 adversus
659 688 785 725 hostes
809 687 982 725 incensus
1009 687 1209 725 Hannib
1223 689 1268 726 al
1285 687 1374 735 ille,

266 770 375 807 quem
400 770 583 807 puerum,
623 769 717 796 aram
745 765 957 804 tenentem,
985 766 1087 805 pater
1119 757 1375 796 Hamilcar

258 830 379 879 J‘utare
408 828 542 878 J‘ussit:
597 839 787 876 nunquam
815 827 853 864 in
889 827 1047 865 amicitia
1079 839 1162 864 curn
1193 827 1374 866 Romanis

255 900 338 938 fore
352 928 364 946 ‚
409 899 473 948 qui
492 928 504 947 ,
543 908 635 937 teste
675 898 781 947 Nep
796 910 818 935 0
834 907 849 936 t
866 909 912 945 e,
949 899 1053 935 velut
1080 897 1278 936 hereditate
1314 908 1375 936 re·

258 971 415 1018 lictum,
432 971 558 1008 odium
596 979 787 1018 paternum
816 980 897 1017 erga
925 968 1117 1006 Romanos
1146 967 1200 1007 sic
1235 967 1372 1006 confir-

254 1042 394 1088 mavit,
420 1041 589 1089 ut·prius
616 1039 795 1087 animam,
822 1050 928 1087 quam
952 1039 989 1076 id
1014 1037 1229 1087 deposuerit
1256 1035 1364 1088 (1)?

532 1173 748 1201 CAEDIS
800 1170 1093 1199 AVIDITAS.

301 1283 492 1323 Profunda
523 1284 611 1321 haec
647 1283 798 1320 humani
833 1282 1022 1340 sanguinis
1055 1281 1136 1320 sitis
1173 1292 1250 1320 non
1286 1289 1366 1320 tan-

255 1365 333 1392 tum
372 1354 536 1392 adhaesit
567 1354 765 1393 Germanis
802 1354 958 1400 aliisque
993 1352 1164 1399 antiquae
1190 1352 1366 1400 Europae

257 1425 520 1463 incultioribus
561 1424 692 1461 incolis
713 1452 725 1470 .,
766 1423 830 1470 qui
870 1424 965 1461 inter
999 1431 1209 1471 prostratos
1235 1423 1364 1460 hostes

254 1494 438 1531 ambulare
464 1481 667 1540 eorumque
694 1492 908 1541 sanguinem
931 1504 950 1529 e
975 1492 1107 1529 craniis
1131 1492 1276 1539 bibere,
1292 1502 1362 1529 nec

249 1575 326 1602 nou
374 1576 516 1602 carnem
562 1564 753 1600 comedere
771 1591 783 1610 ‚
812 1563 906 1600 inter
934 1573 1062 1610 magna
1095 1561 1363 1600 oblectamenta

255 1635 485 1682 habuerunt3
536 1635 601 1672 sed
648 1634 754 1670 etiam
790 1633 945 1671 Graecis
983 1640 1019 1669 et
1053 1632 1247 1670 Romanis.
1301 1632 1363 1670 Ne

250 1705 365 1742 dicam
404 1705 447 1741 de
484 1704 706 1755 Spartanis,
757 1714 916 1750 quorum
947 1704 1151 1752 juventus,
1188 1701 1362 1740 interfec-

248 1774 350 1812 tione
373 1774 544 1812 Helotum
579 1774 727 1822 saepi-us
755 1774 954 1820 delectata,
983 1774 1028 1811 ad
1053 1773 1275 1820 caedemque
1303 1773 1360 1811 in·

248 1844 377 1881 stitu'ta
405 1853 486 1890 est,
515 1852 576 1881 aut
602 1843 648 1881 de
683 1843 763 1881 aliis
788 1843 866 1893 ejus
894 1843 993 1881 modi
1020 1842 1116 1898 (α),
1146 1843 1231 1892 ipsa
1257 1854 1358 1882 mors

248 1914 329 1952 istis
353 1914 526 1963 gentibus
545 1913 723 1961 ,maxime
743 1913 923 1952 Romanis
939 1940 951 1961 ,
966 1912 1005 1950 in
1028 1912 1250 1962 spectaculis
1269 1912 1356 1955 fuit.

1261 1980 1359 2019 Tes-

280 2065 332 2101 (1)
353 2067 510 2100 Nepos,
529 2064 560 2092 in
579 2065 648 2094 vita
660 2065 850 2093 Hannibalis
868 2072 897 2092 c.
912 2074 923 2094 1
938 2074 987 2099 ‚2.
1010 2064 1059 2094 ef.
1076 2062 1244 2101 Livius,
1265 2064 1355 2094 Hist.

246 2122 324 2150 XXI.
352 2129 381 2150 c.
413 2129 441 2149 1.

283 2177 336 2215 (2)
357 2177 416 2206 eff.
439 2178 597 2213 Hesme,
620 2177 734 2213 Opusc.
757 2177 850 2206 Acad.
879 2177 935 2208 lv.
949 2185 980 2212 p.
1003 2185 1070 2212 720.
1094 2184 1126 2206 ct
1143 2177 1184 2207 T.
1202 2178 1351 2214 Rome,

245 2236 270 2264 1.
298 2244 328 2270 p.
357 2238 422 2269 138.
