1523 2745
409 132 922 214 strennui&
1175 170 1223 218 u

163 268 292 320 Quum
316 277 436 310 autem
460 271 680 311 Plutarchus
711 273 781 324 (ι)
808 273 980 313 universe
1004 281 1143 314 tantum
1165 287 1222 315 re-

112 337 211 386 fert,
260 339 412 379 absente
455 342 613 380 Cimone
659 342 807 392 (Olym.
853 343 1009 382 LXXX.
1057 355 1092 384 a.
1135 345 1216 394 1.),

112 404 299 458 Ephialtis
335 418 466 459 rogatu
500 411 674 460 pleraque
696 411 831 461 judicia
853 412 1049 460 Areopago
1073 413 1223 461 ademp-

110 485 149 516 ta
183 490 267 517 esse
309 491 330 518 a
363 481 535 528 populo,
570 492 702 529 operae
736 481 896 529 pretium
941 482 1010 519 erit
1057 481 1220 520 breviter

113 545 307 597 indagare,
338 559 530 596 quamnam
553 550 616 588 ille
653 561 853 589 consessus
883 553 1121 589 mutationem
1157 562 1222 589 su-

112 613 238 656 bierit.
290 618 342 657 Et
366 618 525 666 primum
550 619 697 667 quidem
720 620 863 658 tabulas
898 620 1020 668 legum
1042 621 1080 659 in
1103 623 1221 659 Acro-

116 688 194 735 poli
224 700 268 726 eo
307 700 428 737 usque
472 690 679 728 adservatas
701 718 715 738 ,
753 698 841 729 tunc
885 691 1043 740 primuni
1082 690 1120 728 in
1163 689 1223 728 fo-

112 768 193 795 rum
225 758 378 797 deduxit
413 759 663 807 omnibusque
696 758 871 807 exposuit
906 758 1001 807 (2),
1036 769 1114 796 non
1148 759 1220 796 alio

115 826 303 874 consilio,
341 839 449 876 quam
477 840 553 876 quo
575 829 650 867 Cn.
678 828 826 867 Flavius
866 829 1008 866 Romae
1044 828 1223 866 formulas

110 896 330 945 divulgavit.
386 899 500 936 Porro
518 925 531 945 ,
559 909 676 946 quum
706 899 823 936 Solon
849 899 1084 946 Areopagum
1110 910 1130 935 a
1154 909 1223 946 po-

110 966 192 1014 puli
218 966 371 1005 arbitrio
405 968 561 1006 liberum
590 978 671 1006 esse
707 967 900 1014 voluerat,
940 966 1223 1014 rationibusque

111 1034 227 1082 igitur
260 1035 454 1074 reddendis
483 1036 631 1073 minime
659 1035 861 1074 obnoxium
895 1035 989 1084 (3),
1015 1046 1114 1074 nunc
1148 1035 1224 1073 for-

111 1112 210 1142 tasse
241 1105 421 1152 spoliatus
454 1113 510 1142 est
546 1105 618 1142 hoc
647 1105 868 1154 privilegio:
909 1105 1056 1143 constat
1093 1113 1218 1153 certe,

114 1183 246 1224 postea
266 1175 367 1212 illum
387 1175 491 1223 Λόγον
511 1176 569 1216 καὶ
593 1177 735 1224 εὐθύνορς
764 1174 936 1212 debuisse
946 1176 1031 1213 dare
1046 1175 1131 1225 (4).
1163 1197 1219 1206 —-

114 1244 238 1283 Facile
285 1245 529 1292 intelligitur,
581 1247 774 1284 salutarem
815 1245 962 1292 quidem
997 1246 1062 1282 sed
1103 1253 1224 1282 tamen

113 1314 226 1352 nimis
270 1314 343 1352 late
376 1323 558 1363 patentem
594 1324 629 1352 et
669 1314 876 1352 absolutam
909 1325 1034 1352 curam
1077 1325 1223 1351 morum

114 1392 151 1422 et
178 1385 300 1433 legum
334 1384 563 1431 custodiam,
608 1385 681 1430 qua
717 1383 896 1432 gaudebat
928 1391 1077 1420 senatus
1106 1383 1224 1420 Are02

114 1453 326 1503 pagiticus,
354 1464 455 1491 nunc
492 1461 555 1491 aut
594 1464 748 1501 prorsus
780 1452 982 1499 sublatam,
1021 1460 1084 1490 aut
1114 1452 1225 1490 vehe-

115 1533 258 1562 menter
292 1523 606 1572 circumscriptam
642 1521 782 1560 fuisse:
813 1533 921 1570 quam
950 1530 1103 1571 postea,
1131 1524 1227 1572 eJec-

117 1594 168 1632 tis
201 1595 326 1633 XXX.
355 1594 522 1642 tyrannis
556 1593 671 1632 eidem
699 1592 903 1631 restitutam
941 1592 1009 1641 (5)
1034 1593 1226 1630 docemur.

122 1662 259 1702 Amisit
289 1674 443 1711 quoque
476 1662 614 1712 iudicia
654 1661 883 1713 impietatis,
924 1673 1018 1708 quae
1042 1662 1158 1700 Solon
1192 1662 1225 1699 ei

1160 1731 1225 1769 tri·

125 1842 140 1855 ⁴²
157 1838 212 1876 (1)
233 1840 314 1870 Plut.
343 1837 424 1868 Cim.
451 1844 497 1870 15.
513 1838 582 1866 Per.
611 1844 640 1873 9.
661 1834 738 1864 Add.
760 1832 852 1862 Diod·
872 1831 930 1862 Sic.
953 1833 1003 1861 XI.
1026 1840 1062 1868 77
1082 1839 1112 1861 et
1132 1831 1228 1863 Arist.

119 1895 211 1926 Polit.
239 1897 263 1925 1.
280 1897 303 1925 1.

159 1956 211 1996 (2)
231 1959 351 1988 Pollux.
378 1956 462 1988 vm.
493 1960 557 1986 128.
579 1956 726 1991 Harpocr.
750 1950 765 1984 ὃ
789 1949 935 1984 κάτωθεν
959 1947 1057 1990 νόμος
1078 1951 1120 1980 cf.
1150 1951 1232 1986 'ray-

125 2018 185 2046 lor.
208 2017 244 2045 ad
260 2016 415 2044 Demosth.
435 2022 464 2043 c.
486 2013 636 2043 Aristocr.
657 2020 688 2048 p.
707 2013 775 2049 629.

163 2074 217 2111 (3)
236 2074 312 2102 Vide
331 2071 535 2103 Wachsmuth.
569 2072 626 2105 Op.
646 2071 668 2098 l.
691 2070 731 2098 V.
749 2070 773 2097 1.
797 2068 830 2096 P.
849 2067 875 2096 t.
908 2075 938 2101 p,
961 2066 1027 2099 265.

159 2130 212 2169 (4)
234 2129 375 2159 Aeschin.
397 2136 424 2157 c.
441 2127 577 2161 ctesiph.
597 2133 629 2161 p.
650 2131 715 2160 373.
734 2124 775 2152 cf.
789 2123 902 2157 Meyer
922 2128 952 2150 et
979 2119 1157 2150 Scho'maim.
1180 2117 1234 2146 der

128 2191 192 2217 Λα.
212 2190 349 2217 process.
370 2194 402 2221 p.
424 2187 490 2214 216.

164 2244 218 2280 (5:-
239 2244 356 2272 Andoe.
378 2242 416 2270 ‹le
431 2242 523 2276 Myst.
545 2248 579 2276 p.
597 2245 648 2278 40.
671 2237 701 2265 in
717 2235 919 2273 psephismate
935 2232 1098 2265 Tisameni.

635 2295 715 2334 Fa
