1564 2750
456 170 970 214 LITERARTIA.
1201 189 1270 226 103

141 284 239 334 ejus
259 282 399 320 dictum
432 280 702 321 celebraret-ur:
749 286 819 332 ἐγὼ
845 287 910 333 μὲν
943 284 998 326 οὖν
1030 286 1046 324 ὅ
1079 285 1185 328 αὐτός
1223 287 1269 324 ,εἱ-

139 369 182 404 μι
207 354 292 402 (1).
359 352 461 404 Quid
503 364 786 391 commemorem
825 355 947 393 tritam
986 354 1084 391 illam
1130 354 1267 390 multo-

139 435 300 472 rumque
345 435 410 461 ore
454 424 672 462 celebratam
716 425 957 472 Anaxagorae
1010 423 1266 470 Aspasiaeque

139 493 428 533 defensionem?
472 494 645 543 Quorum
683 494 777 531 hanc
811 495 856 531 ab
891 492 1082 543 iudicibus
1132 493 1264 538 depre-

135 571 244 602 catus
282 573 365 612 est‚
419 564 469 602 ita
512 573 555 601 ut
588 574 634 602 ne
670 564 830 602 lacrimis
863 563 1024 611 -quidem
1072 570 1261 610 parceret,

137 632 173 672 si
203 633 382 672 Aeschini
410 631 481 684 (α)
513 635 662 673 credere
686 634 743 673 fas
769 643 849 672 est:
876 633 976 671 illius
997 640 1119 670 autem
1135 660 1148 678 ,
1175 631 1262 668 licet

134 702 176 741 in
206 714 356 742 summo
391 704 488 742 vitae
523 704 689 752 periculo
735 712 973 750 versaretur,
1021 702 1142 750 *palam
1177 712 1260 739 sese

136 773 361 821 discipulum
398 774 566 822 profiteri
590 785 664 812 non
689 773 888 812 dubitavit.
942 773 1030 822 Quo
1057 772 1157 810 facto
1181 784 1260 809 om-

137 853 222 881 nem
255 842 508 891 suspicionem
538 845 666 882 malam
697 844 832 890 diluit⁹
862 854 957 891 quae
982 843 1124 890 alioqui
1147 843 1258 880 nobis

133 910 295 950 fortasse
322 911 463 949 oboriri
487 921 642 960 posset,
673 913 821 959 quando
835 912 1092 961 Anaxagoram
1116 923 1135 948 a
1157 910 1258 948 Peri-

134 983 193 1021 cle
216 984 452 1030 neglectum,
480 982 640 1030 ideoque
656 983 752 1020 vitae
778 982 888 1019 finem
915 981 1011 1018 fame
1037 981 1110 1019 sibi
1137 980 1259 1028 impo-

134 1058 222 1090 nere
241 1050 497 1089 decernentem
512 1079 525 1098 ,
543 1051 825 1088 animadvertam
833 1062 891 1087 us.
920 1050 1034 1087 Nunc
1049 1061 1138 1087 vero
1153 1048 1258 1096 cogi-

133 1119 276 1158 tatione
306 1119 505 1167 ducimur,
530 1119 705 1158 Periclem
727 1119 891 1168 publicis
917 1118 1255 1167 occupationibus„

132 1190 271 1238 quibus
309 1201 397 1239 prae
430 1188 608 1227 omnibus
638 1189 792 1237 reliquis
833 1189 945 1227 rebus
981 1190 1159 1232 vacabat,
1200 1189 1255 1224 ina

131 1262 321 1309 stantique
353 1259 498 1299 Samico
535 1259 635 1298 bello
669 1261 759 1298 adeo
796 1259 916 1298 fuisse
936 1258 1183 1304 distractum,
1211 1267 1254 1294 ut

131 1330 285 1379 privatis
328 1329 669 1367 necessitudinibus
704 1329 833 1367 nullus
874 1330 982 1366 locus
1027 1336 1255 1376 superesset.

127 1398 319 1439 Praeterea
337 1411 358 1438 e
379 1399 621 1437 festinatione
636 1427 650 1447 ,
679 1411 774 1447 qua,
814 1406 1007 1447 comperto
1034 1397 1255 1445 philosophi

130 1470 320 1517 consilio,
348 1470 394 1507 ad
419 1481 502 1507 eum
523 1469 688 1507 cucurrit
704 1497 717 1516 ‚
745 1481 765 1506 e
793 1467 1119 1506 lamentationibus
1145 1467 1252 1505 etiam

131 1540 530 1587 obsecrationibusque
545 1567 557 1586 ‚
586 1539 725 1587 quibus
748 1539 865 1577 amico
900 1538 1120 1586 persuadere
1140 1548 1251 1573 cona⁴

127 1620 194 1648 >tus
210 1619 265 1648 est
279 1637 292 1656 ‚
306 1619 348 1647 ut
363 1599 601 1658 propositum
618 1609 817 1646 dimitteret
832 1636 845 1654 ‚
860 1608 1015 1645 totidem
1030 1609 1250 1644 documenta

128 1688 241 1728 atque
252 1679 383 1718 indicia
399 1679 475 1727 peti
492 1687 652 1728 possunt
664 1705 677 1725 ,
691 1690 736 1716 ex
751 1678 908 1726 quibus,
924 1686 1153 1724 quantopere
1165 1687 1248 1712 eum

127 1751 489 1798 diligeret,c0nstet.
505 1749 600 1798 Quis
615 1748 730 1796 igitur
744 1749 834 1785 adeo
847 1748 957 1785 animi
973 1749 1021 1784 sit
1038 1758 1189 1792 vecors,
1205 1755 1248 1782 ut

126 1819 317 1869 Ephialtis
341 1818 568 1866 Phidiaeque
582 1829 708 1855 necem
721 1819 850 1856 Pericli
864 1818 1009 1855 tribuat
1024 1817 1042 1854 ⁵?
1072 1817 1245 1866 Quorum

124 1890 230 1940 prior
243 1890 288 1928 ab
299 1889 576 1928 Aristocraticis
595 1888 814 1926 interfectus
835 1887 909 1925 fuit
923 1915 936 1934 ‚
964 1889 1054 1924 alter
1067 1886 1246 1923 occubuit

125 1959 271 1998 insidiis
287 1960 476 1998 hominum
494 1958 716 1997 nefariorum
731 1987 742 2005 ,
756 1958 821 2005 qui
836 1968 875 1995 se
890 1957 1018 1995 ulcisci
1042 1956 1217 1994 volebant
1229 1983 1243 2002 ‚

126 2030 231 2079 quod
241 2030 442 2068 calumniae
454 2041 520 2068 eos
536 2028 791 2076 mendaciique
805 2037 973 2076 arguerat
985 2028 1003 2065 ⁴?
1015 2027 1145 2065 Manet
1161 2025 1242 2062 etin

1184 2095 1243 2135 his

165 2192 219 2231 (ι)
240 2193 347 2223 Liban.
370 2195 426 2229 Ep.
450 2180 536 2231 i069.

163 2252 218 2289 (2)
237 2251 326 2286 Apud
346 2253 422 2282 Plut.
443 2252 473 2279 in
492 2247 564 2281 Per.
586 2260 652 2287 cap.
675 2260 720 2286 5⁵⁸·
742 2254 860 2286 p.-169.1

1284 233 1482 272 sec1i011.§.
1496 245 1524 270 7«
1553 259 1564 275 ⁴
