1507 2876
255 221 312 262 20
407 214 495 257 Tn.
518 211 569 254 G.
598 221 699 252 VAN
730 206 910 251 L1DTH
938 221 1000 257 DE
1023 204 1214 251 JEUDE

256 343 402 404 optimi
429 340 633 385 Juvenes!
677 336 770 393 qui,
801 335 944 394 prouti
977 334 1021 378 in
1060 341 1200 399 vestra
1233 333 1372 397 studia

257 421 434 471 ardore,
489 417 549 461 sic
595 414 715 458 etiam
752 426 916 455 morum
951 412 1234 467 humanitate,
1291 414 1371 457 sub

257 503 350 541 meo
399 493 667 551 magistratu,
727 488 850 532 nobis
894 488 1089 533 omnibus
1129 504 1204 534 vos
1253 504 1375 550 com-

255 572 494 617 mandastis.
582 567 714 624 Hujus
760 566 820 609 rei
862 566 1114 628 documenta
1168 566 1375 611 habemus

257 649 438 707 egregias
468 647 558 689 illas
592 645 634 687 in
671 642 793 687 variis
833 643 1118 687 doctrinarum
1151 644 1375 701 generibus

258 723 650 773 commentationes,
718 735 824 778 quas
878 721 1034 764 alumni
1080 722 1216 765 nostri
1268 735 1376 778 cone

257 802 514 860 seripserunt
553 806 593 843 et
626 798 683 841 ita
723 805 1073 857 propugnarunt,
1102 806 1148 842 ut
1177 813 1254 843 suo
1283 813 1378 859 rne-

257 879 338 923 rito
382 867 565 921 summos
613 875 797 919 honores
842 875 935 918 illos
989 879 1246 919 consecutos
1287 890 1378 920 esse

258 955 367 999 inter
402 968 554 1005 omnes·
584 960 758 996 constet.
821 952 1086 997 Documenta
1116 967 1250 1012 porro
1283 954 1380 998 fue-

260 1039 358 1075 runt
398 1029 636 1089 disputandi
677 1029 769 1073 illae
806 1030 1149 1083 exercitationes,
1196 1030 1241 1073 in
1279 1031 1379 1088 qui-

261 1110 365 1163 hus,
422 1116 461 1152 et
503 1108 557 1151 ad
595 1122 737 1151 verum
776 1106 1027 1164 indagandi,
1088 1114 1129 1151 et
1174 1107 1228 1150 ad
1270 1108 1378 1153 bene

261 1186 426 1231 dicendi
451 1184 745 1241 scribendique
773 1184 1036 1237 facultatem,
1068 1184 1287 1243 diligenter
1308 1185 1378 1229 in-

260 1264 379 1322 genia
405 1269 541 1307 vestra
568 1260 750 1306 acuistis.
812 1261 1041 1305 Testantur
1063 1261 1207 1316 etiam,
1240 1277 1381 1320 quan-

261 1350 350 1385 tum
388 1341 432 1383 in
470 1340 618 1384 artium
645 1346 685 1383 et
712 1338 926 1382 literarum
963 1339 1111 1383 studiis
1142 1339 1380 1398 profeceri-

261 1420 335 1465 tis.
365 1418 549 1461 honores
583 1417 626 1459 in
662 1416 855 1460 Leidensi
886 1416 1116 1460 Academia
1149 1417 1380 1475 reportati,

264 1504 352 1539 tum
382 1496 435 1539 ab
471 1493 737 1538 ornatissimo
768 1493 935 1550 juvene,
969 1493 1211 1538 Gerardo
1244 1495 1381 1553 Reg-

263 1588 395 1618 nero
426 1572 703 1625 Fockens‚
735 1570 868 1617 Math.
895 1578 935 1614 et
962 1570 1058 1615 Litt.
1079 1571 1202 1615 Hum.
1223 1571 1381 1628 Cand.‚

266 1653 337 1709 qui
379 1658 501 1695 antea
538 1650 621 1707 jam
664 1650 747 1692 lata
787 1647 973 1708 praemia
1012 1649 1092 1693 hac
1131 1648 1252 1693 tertia
1289 1651 1383 1696 vic-

264 1731 374 1776 toria
414 1727 654 1782 illustravit,
700 1735 738 1772 et
772 1727 832 1770 sic
862 1725 1036 1780 merito,
1081 1726 1382 1773 observatoris

266 1808 453 1861 nomine,
487 1804 782 1851 Astronomiae
797 1803 1031 1848 professori
1059 1804 1227 1861 adjutor
1257 1805 1380 1850 datus

270 1895 355 1942 est3
399 1894 486 1929 tum
529 1900 552 1927 a
589 1882 948 1943 praestantissimo
975 1882 1122 1940 juvene
1162 1882 1382 1927 Joanne

269 1962 532 2020 Adolpho
579 1960 785 2003 Carolo
831 1973 932 2003 van
972 1959 1219 2012 Heusde,
1278 1959 1379 2005 Litt.

267 2041 392 2085 Hum.
421 2038 582 2089 fiand„
627 2037 691 2081 eui
733 2037 936 2080 honorem
974 2036 1087 2079 illum
1133 2036 1380 2094 contigisse,

249 2133 363 2163 „cum
392 2115 673 2159 amantissimo
702 2114 787 2171 ejus
819 2122 964 2172 patre,
995 2113 1249 2158 Academiae
1277 2128 1382 2158 nos-

267 2203 358 2240 trae
392 2200 661 2244 ornamento,
695 2192 956 2235 vehementer
985 2192 1207 2234 laetamur!
1271 2191 1383 2235 Tes-

250 2280 412 2320 *tantur
451 2270 628 2327 denique
659 2268 835 2327 insignia
867 2268 1032 2313 illorum
1064 2267 1258 2324 juvenum
1288 2282 1382 2323 me-
