1564 2750
329 160 399 198 108
536 158 1200 201 COMMENTATIO

71 219 222 251 section-
243 220 310 263 §.8.

321 275 427 306 antea
447 266 566 306 facere
586 278 852 317 consueverat,
879 281 921 308 ac
943 280 1058 319 paene
1079 270 1140 309 sui
1161 269 1309 320 ipsius,
1335 270 1433 312 obli-

319 338 523 376 visceretur
548 337 647 388 (1)‘?
689 340 840 378 Solatur
876 351 945 378 nos
976 342 1154 380 humanae
1179 341 1431 392 infirmitatis,

322 409 619 456 quandocunque
642 410 722 459 ejus
750 411 903 459 vestigia
933 411 972 448 in
996 420 1099 449 tanto
1122 412 1204 450 viro
1226 421 1431 461 apparent,

320 480 546 519 observatio.
591 480 791 528 Namque,
819 480 880 518 illa
900 480 934 518 si
955 481 990 519 ei
1015 481 1224 530 defuisset,
1251 480 1432 520 immenso

319 549 442 599 spatio
475 561 547 588 nos
578 549 623 588 ab
659 562 704 588 eo
739 559 932 598 separatos
966 551 1285 602 existimaremus3
1333 562 1434 591 nune

318 631 411 658 vero
441 630 519 657 non
551 631 707 668 prorsus
738 622 1006 669 desperandum
1036 630 1236 670 putamus,
1271 621 1354 660 fore
1389 630 1433 662 ut

319 688 519 737 aliquando
541 690 707 740 ejusdem
732 691 974 739 praestantiae
997 691 1197 741 participes
1222 692 1432 732 reddamur.

368 758 526 808 Qualem
557 759 672 809 igitur
687 771 772 798 eum
797 759 916 800 fuisse
946 772 1188 809 censeamus,
1215 762 1282 810 qui
1307 763 1438 802 Pericli

318 827 411 866 vitio
447 839 590 868 vertere
622 829 770 877 voluit,
799 832 902 879 quod
933 831 1107 870 diuturna
1132 832 1360 881 aegritudine
1382 842 1439 872 ta·

318 895 512 945 befactus,
551 898 658 937 senio
688 897 911 947 confectus,
949 911 991 938 ac
1019 901 1165 950 jamJam
1199 901 1435 948 moriturus,

320 969 518 1006 amuletum
545 980 566 1006 e
591 970 691 1008 collo
712 981 783 1007 suo
807 970 986 1019 suspendi
1012 969 1170 1008 siverit?
1197 970 1241 1008 In
1263 969 1323 1009 his
1345 968 1438 1008 faci-

320 1038 357 1076 le
375 1038 585 1087 conspicias
609 1048 840 1078 mansuetum
867 1040 939 1079 viri
962 1040 1151 1089 ingenium
1166 1068 1179 1088 ,
1204 1041 1318 1087 inque
1343 1049 1434 1077 suos

321 1107 613 1147 benevolentiam
627 1137 642 1156 ‚
672 1109 738 1157 qui
762 1109 980 1148 mulieribus
1003 1119 1206 1148 extremum
1229 1109 1404 1148 solatium
1419 1137 1434 1157 ‚

322 1177 362 1214 in
394 1189 471 1226 quo
511 1189 656 1217 omnem
688 1179 864 1227 reliquam
902 1191 1005 1228 spem
1038 1180 1247 1228 ponebant,
1299 1180 1438 1219 adime·

322 1258 361 1284 re
406 1246 552 1295 noluit3
607 1259 828 1295 quamquam
869 1248 976 1298 ipse,
1025 1250 1112 1288 dum
1153 1250 1287 1289 leviter
1314 1250 1438 1288 subri-

1348 1320 1440 1359 dens

361 1447 426 1484 (1)
447 1446 525 1476 Plut.
546 1447 577 1476 in
598 1451 666 1478 Per·
687 1455 755 1483 cap.
773 1449 809 1482 36
840 1456 872 1483 p.
892 1456 958 1483 172.
975 1449 1013 1477 C.
1037 1461 1074 1469 —
1092 1449 1184 1478 Paulo
1203 1447 1312 1483 aliter,
1328 1447 1436 1483 magis·

322 1513 382 1541 que
399 1505 430 1533 in
448 1504 574 1533 Periclis
590 1505 731 1538 laudem,
747 1512 795 1533 res
813 1511 947 1533 narratur
962 1505 997 1532 ab
1015 1505 1124 1533 eodem
1143 1506 1224 1534 Plut.
1242 1503 1273 1532 in
1294 1506 1387 1534 Cons.
1398 1505 1435 1533 ad

322 1562 428 1597 Apoll.
448 1569 514 1597 cap.
534 1570 582 1596 33·
610 1570 644 1597 p.
671 1565 741 1591 118.
764 1562 801 1590 E.
819 1570 866 1583 -
886 1563 954 1591 Val.
975 1562 1058 1591 Max.
1082 1563 1120 1590 V.
1138 1570 1184 1591 ιο.
1207 1562 1332 1591 Extern.
1354 1570 1381 1592 1.
1396 1574 1435 1584 —-

323 1617 442 1648 Aelian.
469 1620 505 1648 V.
535 1620 574 1647 H.
600 1620 652 1648 IX.
684 1622 712 1649 6.
740 1633 778 1640 -
807 1620 989 1654 Hieronym.
1020 1619 1046 1647 1.
1079 1625 1112 1653 Ρ.
1147 1626 1213 1656 334·
1245 1619 1294 1647 ed.
1321 1620 1436 1648 Vallat-

323 1675 374 1704 sii.
392 1690 429 1698 -
449 1676 564 1705 Notum
588 1684 654 1711 est,
670 1676 744 1712 quid
767 1676 798 1704 in
815 1676 908 1705 simili
930 1684 963 1705 re
991 1675 1103 1705 fecerit
1119 1677 1326 1710 Anaxagoras.
1346 1675 1437 1705 conf.

323 1735 404 1762 Plut.
431 1733 454 1762 1.
479 1741 570 1768 prox.
591 1734 614 1761 1.
646 1733 694 1761 De
722 1733 800 1763 Coh.
818 1735 863 1762 Ira
880 1741 946 1769 cap.
963 1735 1010 1762 16.
1029 1742 1062 1769 p.
1087 1736 1157 1770 463.
1179 1733 1219 1762 D.
1245 1733 1292 1762 De
1319 1733 1436 1769 Tranq-

324 1789 427 1818 Anim.
454 1798 520 1825 cap.
544 1793 591 1820 16.
611 1799 644 1825 p.
662 1800 729 1828 474.
750 1792 788 1819 D.
808 1804 846 1812 -—
862 1790 928 1819 Cic.
948 1791 1039 1819 Tusc.
1065 1790 1178 1826 Dispp.
1196 1790 1265 1819 Lib.
1285 1791 1346 1819 111.
1363 1798 1435 1826 cap,

327 1854 375 1883 ¹4·
397 1860 433 1868 —
453 1848 523 1875 Val.
550 1849 634 1876 Max.
662 1848 734 1876 Lib.
756 1849 795 1876 V.
820 1856 886 1883 cap.
910 1855 956 1877 ιο.
974 1848 1100 1876 Extern.
1128 1857 1155 1883 3.
1174 1861 1213 1869 -
1232 1849 1339 1876 Galen.
1358 1848 1382 1876 1.
1402 1856 1435 1883 p.

325 1907 394 1937 382.
417 1917 453 1926 ·-·
473 1903 545 1933 Ael.
557 1905 595 1932 V.
607 1905 646 1933 H.
658 1905 708 1932 111.
722 1914 751 1933 2.
773 1919 810 1925 —
830 1904 924 1939 Diog.
942 1905 1041 1933 Laert.
1053 1905 1123 1933 Lib.
1134 1905 1174 1934 11.
1190 1911 1284 1938 segm.
1298 1911 1343 1937 13-
1355 1903 1434 1939 ibiq.

325 1964 448 1996 Menag.
475 1976 510 1982 -
534 1962 694 1990 Praeterea
719 1963 826 1990 Valck.
846 1962 877 1989 in
896 1961 1024 1990 Diatrib.
1044 1970 1078 1996 p.
1101 1965 1147 1991 28.
1167 1974 1205 1982 —
1225 1960 1383 1995 Wyttenb.
1401 1960 1438 1988 ad

328 2019 404 2047 Plut.
432 2017 527 2046 Cons.
546 2019 568 2045 1.
587 2019 610 2047 1.
625 2032 664 2040 -
684 2018 812 2047 Schaub.
837 2019 860 2046 1.
882 2019 903 2047 1.
923 2026 954 2053 p.
972 2025 1020 2050 ⁵2.
1046 2026 1092 2053 sq.
1112 2017 1350 2045 animadvertens
1367 2024 1432 2045 om—

325 2082 380 2104 nes
404 2075 436 2103 in
457 2084 488 2104 re
507 2075 699 2109 consentire.
719 2075 750 2103 in
767 2074 867 2103 verbis
884 2075 1067 2117 discrepare.
1087 2088 1125 2096 —
1146 2074 1293 2102 Imitando
1319 2073 1434 2101 dictum

327 2132 478 2166 expressit
502 2132 649 2161 Lucianus
672 2133 767 2161 Deor.
790 2132 880 2161 Dian.
907 2131 979 2161 Lib.
1002 2134 1025 2161 Ι.
1046 2140 1078 2167 p.
1101 2138 1166 2168 240.
1187 2144 1224 2152 -
1246 2131 1332 2160 Plura
1351 2129 1434 2163 ejus·

327 2187 410 2216 modi
426 2191 564 2224 exempla
582 2189 686 2218 videas
712 2190 791 2225 apud
809 2191 879 2218 Val.
897 2190 982 2218 Max.
1002 2189 1069 2218 Lib.
1090 2190 1126 2217 V.
1143 2197 1210 2224 cap.
1233 2198 1279 2218 10.
1299 2189 1368 2216 Ael.
1394 2187 1431 2215 V.

328 2246 368 2274 Η.
389 2246 449 2275 111.
468 2256 553 2282 3-5·
572 2264 606 2270 -
619 2247 760 2278 conferri
777 2247 866 2277 etiam
883 2245 997 2283 poterit
1007 2247 1123 2276 Herod.
1143 2245 1214 2276 Lib.
1224 2245 1285 2275 111.
1305 2251 1371 2281 cap.
1386 2251 1431 2279 14.
