1502 2767
224 219 295 256 124
430 204 1098 247 COMMENTATJO

218 327 280 354 mo
303 315 600 365 provenientium
616 342 630 363 ,
657 314 950 354 ostentationes!
979 335 1033 344 —
1058 313 1236 361 Veritatis
1250 314 1321 364 igi-

215 395 278 426 tur
303 386 428 425 studio
472 386 608 424 ductus
643 394 679 423 et
705 385 878 426 btevitati
902 386 1126 432 consulem,
1153 385 1246 423 hanc
1268 385 1321 424 al-

214 465 326 496 teram
355 454 676 495 commentationis
710 464 850 503 partem
876 456 914 493 in
947 456 1022 494 duo
1058 454 1229 504 primaria
1257 465 1320 493 ca-

212 527 290 575 pita
325 527 533 575 dispescere
564 526 766 564 constitui:

264 610 300 636 1.
329 597 538 645 Religionis
569 597 662 635 Chr.
701 595 936 643 doctrinam,
985 607 1138 644 eamque
1182 595 1318 644 unice,

209 669 331 706 valere
365 669 410 706 ad
446 667 639 705 hominum
679 667 723 704 de
761 666 861 705 bello
904 666 1071 715 gerundo
1115 665 1317 704 sententias

211 739 479 778 emendandas:

260 821 299 847 2.
328 809 491 848 Eandem
524 818 649 846 revera
675 808 867 846 hominum
902 805 1103 845 sententias
1140 804 1186 844 de
1213 804 1315 842 bello

209 878 375 926 gerundo
420 878 658 926 emendasse,
700 886 738 915 et
766 884 948 925 quatenus
966 903 980 924 ‚
1029 875 1222 915 ostendere
1253 885 1320 912 co-

209 947 342 986 nabor.

488 1071 1050 1095 ψ

411 1171 693 1213 CAPUT
743 1171 1103 1213 PRIMUM.

203 1316 286 1355 quo
313 1315 693 1351 DEMONSTRATUR,
733 1313 978 1342 mammenus
1015 1312 1310 1342 cnalsnANAss

253 1386 539 1422 noc'rR1NAn1,
578 1385 760 1422 EAMQUF.
800 1384 966 1420 umes,
1004 1382 1173 1411 VALERE
1200 1382 1257 1409 AD

302 1456 507 1486 ΗοΜιΝυΜ
531 1456 587 1483 DE
615 1455 749 1483 BELLO
778 1453 984 1482 GERUNDO
1025 1453 1213 1481 SENTEN-

531 1524 626 1554 TIAS
663 1523 978 1553 EMENDANDAS.

408 1726 795 1756 CONSPECTUS
845 1724 1104 1753 CAPITIS.

251 1836 480 1915 Quatenus
510 1860 553 1899 de
584 1860 674 1898 bello
700 1858 868 1910 gerundo
900 1857 1085 1895 hominum
1111 1854 1309 1892 sententias

200 1933 451 1972 emendaverit
480 1931 671 1981 religionis
710 1929 803 1968 Chr.
840 1927 1014 1966 doctrina
1051 1921 1310 1972 inquisituris,

199 2013 283 2043 ante
314 2002 512 2042 videndum
546 2001 641 2048 erit,
680 2011 769 2038 num
807 1999 941 2037 haecce
969 1995 1137 2036 doctrina
1168 2005 1212 2035 eo
1247 2004 1310 2031 va·

198 2074 301 2113 leat?
330 2073 445 2124 Quod
475 2072 541 2110 ubi
576 2070 756 2109 facimus:

254 2157 288 2184 1.
318 2144 409 2192 quid
438 2143 488 2181 sit
519 2141 712 2181 hominum
752 2140 797 2178 de
829 2140 930 2177 bello
967 2136 1133 2187 gerundo
1159 2142 1309 2173 senten·

201 2215 271 2253 tias
294 2213 507 2261 emendare,
531 2221 567 2251 et
586 2211 676 2260 quid
701 2211 737 2249 id
765 2210 903 2250 efficere
926 2208 1070 2255 valeat,
1099 2205 1308 2256 significan-

200 2286 303 2324 dum.

1151 2359 1189 2385 2.
1218 2343 1308 2383 Ani·
