1523 2745
341 154 1101 218 OBSERVATIONES.
1193 189 1264 222 211

146 275 228 308 s'ese
248 281 333 309 cum
350 271 519 314 Barbaris
533 303 546 324 ,
572 280 775 328 adjacentes
792 284 958 332 regiones
980 286 1228 329 incolentibus
1243 319 1257 338 ‚

141 340 415 389 conjunxerunt
431 354 491 392 ‚et
514 350 656 396 populo
670 351 797 389 urbem
821 355 958 392 tenenti
972 365 1064 395 terra
1091 360 1256 407 marique

134 418 269 448 nocere
282 414 517 455 studuerunt.
548 417 768 465 Higraviter
795 424 916 461 afflicti
942 437 1022 464 sese
1046 428 1091 466 ad
1107 429 1253 479 Corcy-

134 490 239 518 raeos
255 484 492 522 contulerunt
507 514 519 532 ,
537 498 707 536 rogantes
721 500 762 528 ut
797 493 1036 534 Barbarorum
1061 499 1252 538 vexationi

132 546 242 586 finem
255 550 503 601 imponerent,
516 556 777 608 profugosque
789 563 861 600 sibi
873 566 1161 606 reconciliarent.
1178 571 1250 608 Sed

131 617 224 656 nihil
239 619 283 657 ab
299 620 357 658 his
368 622 605 671 impetrantes
617 657 629 675 ,
650 631 930 672 Corinthiorum
943 663 955 681 ‚
971 637 1067 674 unde
1078 638 1248 679 coloniae

133 687 265 726 ducem
295 701 531 743 acceperant,
560 699 739 737 auxilium
777 702 1048 754 implorarunt3
1078 708 1142 754 qui
1169 709 1244 747 exi·

124 757 345 809 stimantes,
381 764 628 811 Epidamnum
653 781 769 817 aeque
798 783 903 810 suam
932 785 972 812 ac
1010 775 1241 824 Corcyraeo-

121 833 203 865 r'um
233 841 315 868 esse
346 834 560 882 coloniam,
589 846 700 885 atque
737 840 891 889 insuper
927 845 1086 891 graviter
1119 845 1238 886 feren-

119 905 204 946 tes,
233 901 335 947 quod
361 913 380 939 a
407 903 627 953 Corcyraeis
658 910 962 961 negligebantur,
1002 926 1124 962 neque
1150 918 1233 958 istis

119 966 327 1008 honoribus
356 970 600 1023 fruebantur,
644 989 740 1025 quos
772 981 862 1019 aliae
893 983 1060 1022 civitates
1087 997 1107 1023 a
1131 989 1235 1025 colo-

115 1036 188 1074 niis
216 1040 403 1088 percipere
439 1045 634 1094 solebant3
665 1048 896 1097 Epidamniis
922 1055 1087 1092 alacriter
1121 1068 1228 1104 opem

114 1108 309 1156 tulerunt,
357 1121 555 1160 novosque
590 1117 747 1156 colonos
791 1120 829 1157 in
864 1132 941 1160 eam
986 1124 1114 1164 urbem
1161 1127 1229 1165 mi·

112 1179 267 1225 serunt,
305 1189 459 1229 propter
494 1184 788 1234 Corcyraeorum
829 1200 964 1229 metum
1008 1198 1104 1233 terra
1154 1197 1225 1235 iter

110 1244 300 1287 facientes.
357 1250 428 1288 His
455 1264 545 1290 vero
586 1256 748 1304 auditis,
777 1258 859 1296 irati
889 1261 1092 1311 Corcyraei
1129 1266 1222 1314 Epi-

108 1315 275 1354 damnios
321 1320 511 1367 jusserunt
539 1350 559 1370 ,⁴
601 1324 883 1366 Corinthiorum
947 1333 1104 1372 colonos
1156 1337 1223 1374 do-

104 1395 204 1423 mum
257 1388 440 1427 remittere
478 1400 589 1439 atque
642 1398 787 1434 exsules
836 1400 998 1448 recipere
1023 1415 1035 1451 3
1086 1415 1219 1451 quum-

103 1465 186 1502 quev
209 1457 386 1504 oppidani
412 1459 482 1497 ista
510 1473 749 1513 recusarent,
789 1468 907 1507 classe
933 1471 1109 1511 adversus
1149 1487 1213 1513 eos

55 1555 57 1558 Α
99 1523 260 1571 profecti
297 1535 415 1574 sunt,
472 1531 676 1579 urbemque
723 1547 939 1585 oppugnare
988 1553 1206 1591 coeperunt.

95 1591 249 1641 Itaque,
272 1607 320 1633 ne
356 1598 442 1635 urbs
467 1611 648 1640 armorum
691 1605 728 1641 vi
762 1618 980 1658 caperetur,
1021 1613 1210 1654 Corinthii

94 1672 180 1700 sese
210 1664 255 1701 ad
281 1667 413 1705 auxilia
437 1668 667 1717 Epidamniis
693 1673 840 1716 ferenda
858 1690 1032 1726 pararunt
1049 1712 1060 1728 ‚
1076 1693 1210 1723 naves·

94 1743 210 1779 quea
246 1735 414 1782 plurimis
448 1738 695 1787 Peloponnesi
735 1745 975 1796 civitatibus,
1015 1752 1206 1793 Thebanis

92 1801 250 1849 suisque
266 1805 437 1844 Coloniis
463 1808 500 1845 in
524 1810 642 1858 Epiro
667 1814 826 1861 sitis,in
844 1818 955 1868 hujus
972 1821 1057 1859 belli
1087 1825 1205 1863 socie-

91 1876 200 1908 tatem
215 1872 471 1921 impetrarunt.
486 1879 734 1928 Quamobrem
752 1886 971 1938 Corcyraei,
985 1893 1202 1941 conjunctas

88 1938 154 1977 has
189 1943 318 1990 copias
347 1945 518 1986 timentes
536 1977 548 1996 ,
575 1962 698 1990 coram
736 1954 1112 2001 Lacedaemoniorum
1142 1967 1201 2005 Si-

84 2018 324 2060 cyonumque
348 2015 477 2064 legatis
518 2020 617 2058 litem
646 2024 767 2062 verbis
808 2038 1033 2076 componere
1074 2037 1196 2074 conati

83 2087 199 2127 sunt·;
241 2084 305 2121 sed
343 2085 556 2136 Corinthii,
583 2103 729 2131 omnem
756 2097 1056 2140 conciliationem
1087 2116 1192 2144 recu-

83 2157 230 2197 santes,
294 2155 530 2196 caduceatore
560 2161 604 2198 ad
639 2163 774 2203 bellum
817 2166 1049 2209 indicendum
1088 2187 1192 2222 prae-

83 2221 230 2269 misso,
258 2221 296 2260 in
335 2224 463 2266 hostes
493 2230 573 2268 vela
609 2233 754 2275 dedere.
810 2237 1010 2288 Corcyraei
1049 2244 1101 2282 eis
1126 2247 1194 2283 ob·

581 2300 615 2339 O
645 2315 666 2339 2
940 2320 941 2323 ’
1136 2315 1191 2354 vi·
