1507 2876
390 229 984 274 THEOLOGICA.
1189 241 1237 284 69

117 347 277 388 posset,
304 339 414 378 armis
435 339 664 380 constituere
691 342 774 391 (1).
803 341 921 391 Regis
946 336 1074 390 mors',
1097 356 1122 381 a
1149 345 1233 383 Ra-

118 409 333 451 vaillaco
372 409 585 457 interfecti,
625 412 718 450 hanc
754 411 887 452 fefellit
920 425 1024 462 spem
1054 414 1139 464 (2).
1176 439 1232 447 -

116 478 268 528 ‚Hugo
314 480 526 519 Grotius
562 481 692 521 deinde
739 482 1000 522 Ludovico
1038 486 1126 525 XIII
1162 486 1231 534 (3)

117 550 261 589 suasit:
299 577 324 598 „
349 551 544 591 exstinctis
584 553 725 600 ubique
756 553 865 591 armis
883 582 897 601 ‚
924 566 995 603 pax
1031 566 1125 602 sua,
1150 565 1227 592 non

119 647 145 668 „
170 619 336 669 imperiis
363 629 531 668 tantum,
573 623 639 660 sed
664 632 701 661 et
736 624 930 671 ecclesiis,
982 633 1019 662 te
1049 632 1229 671 auctore,

118 715 144 737 „
172 690 320 737 redeat,
362 691 553 740 discatque
588 703 716 732 nostra
745 703 843 734 aetas
879 695 1071 733 arbitrium
1103 683 1231 734 subire

117 787 143 808 „
169 761 249 810 ejus
284 762 442 809 aetatis,
484 774 592 810 quam
624 775 708 802 vera
744 764 962 813 sinceraque
997 765 1067 804 fide
1098 766 1231 805 Chris«

118 856 143 877 „
169 830 303 868 tianam
343 830 484 879 fuisse,
535 833 747 871 Christiani
780 846 909 873 omnes
951 836 1230 884 profitemurss’

110 899 215 938 ,Idem
238 901 337 939 Gro
352 909 366 938 t
380 901 392 938 i
408 913 462 939 us
479 930 492 949 ‚
519 913 566 940 ne
588 905 864 942 controversiae
883 905 921 942 in
946 906 1084 944 bellum
1108 918 1230 945 erum—

115 979 232 1019 pant:
264 999 288 1019 „
315 971 407 1009 utile
426 983 527 1018 esse,
555 973 775 1018 contendit,
802 976 1013 1013 conventus
1047 977 1228 1024 quosdam

117 1067 142 1088 ‚,
169 1039 297 1077 haberi
331 1041 635 1079 Christianorum
665 1051 922 1092 potestatum,
951 1045 1017 1083 ubi
1042 1057 1108 1094 per
1132 1058 1197 1084 eos
1215 1075 1228 1094 .,

113 1137 141 1158 .‚.‚
168 1121 328 1158 quorum
356 1122 417 1149 res
444 1123 515 1150 non
549 1112 731 1160 interest,
757 1114 919 1152 aliorum
952 1116 1227 1154 controversiae

112 1206 142 1230 ‚‚
165 1180 413 1228 definiantur,
439 1181 516 1219 imo
540 1191 577 1219 et
601 1182 762 1221 rationes
790 1183 960 1223 ineantur
974 1186 1229 1235 cogendipar-

116 1278 142 1299 ,‚
168 1258 246 1296 tes,
276 1260 317 1289 ut
343 1251 472 1299 aequis
500 1252 645 1301 legibus
670 1265 796 1301 pacem
821 1254 1003 1303 accipiant
1021 1256 1048 1276 '²
1071 1256 1156 1304 (4).
1185 1276 1226 1289 -r

112 1320 270 1360 Postero
296 1329 463 1370 tempore
495 1322 659 1361 Abbas
697 1324 749 1361 de
789 1326 963 1362 Sancto
992 1326 1133 1364 Petro
1157 1327 1228 1375 (5)

115 1389 347 1429 Cardinalem
381 1391 694 1441 Polignacum
720 1394 765 1431 ad
795 1406 918 1442 pacem
945 1396 1149 1444 Ultrajccti
1174 1396 1229 1435 fa-

116 1460 282 1500 ciendam
304 1461 503 1500 comitatus
518 1490 531 1509 ,
558 1464 773 1513 composuit
789 1464 839 1502 ob
853 1454 986 1503 ’multas
1012 1466 1226 1515 molestias,

1159 1538 1225 1577 hac

153 1615 206 1652 (ι)
227 1614 277 1644 Cf.
296 1613 345 1642 La
365 1614 570 1651 cretelle,
601 1615 744 1644 Histoire
772 1617 806 1647 de
831 1616 946 1646 ance
962 1619 1101 1654 pendant
1131 1621 1163 1648 la
1190 1626 1225 1652 18

117 1672 239 1708 stacte,
259 1672 349 1701 Tom.
376 1672 456 1701 vul.
476 1680 509 1706 p.
533 1674 659 1703 61-68.

151 1730 206 1766 (2)
229 1730 274 1758 De
297 1730 357 1758 hoc
381 1729 532 1765 consino,
553 1731 636 1765 quod
654 1730 785 1759 Galli:
806 1750 829 1767 ‚,
852 1732 896 1764 Lo
920 1733 1023 1769 grand
1051 1734 1169 1762 dessein
1188 1736 1225 1764 du

117 1786 221 1814 Herm·
249 1784 338 1817 112st
358 1781 483 1822 dicunt,
504 1786 566 1817 via.
588 1788 736 1819 Memosrs
755 1773 793 1816 ai
810 1789 915 1825 smy,
937 1790 1026 1819 Tom.
1055 1792 1109 1820 ιν.
1127 1800 1160 1828 p.
1180 1796 1226 1826 83.
1260 1833 1262 1835 ,

116 1851 208 1879 seqq·

154 1902 209 1937 (3)
230 1900 283 1928 ef.
310 1899 495 1936 Grotius,
516 1901 551 1930 dss
567 1901 604 1939 J.
628 1901 670 1931 B.
692 1908 723 1929 et
745 1903 785 1936 Ρ.
809 1904 843 1930 in
859 1904 1067 1940 Inscrfpn‘one
1084 1906 1124 1933 acl
1144 1906 1228 1937 Lud.

53 1977 57 1979 -
115 1957 212 1987 XIII.
243 1964 301 1985 nec
325 1964 386 1985 non
412 1959 526 1993 Cras,
548 1958 705 1989 Laudan‘o
728 1960 867 1995 Hugom's
890 1962 1018 1996 GrotiI‚
1047 1971 1081 1996 p.
1106 1972 1230 1999 75—77.

153 2002 205 2052 (4)
226 2013 278 2042 ef.
305 2012 359 2040 ine
378 2012 409 2041 in
433 2014 511 2045 libro
529 2014 564 2046 de
586 2014 624 2051 J.
648 2015 686 2044 B.
709 2021 744 2042 et
769 2016 809 2045 P.
831 2017 886 2045 ub.
908 2017 944 2045 11.
974 2026 1002 2045 c.
1025 2026 1070 2052 23.
1097 2014 1126 2054 §.
1147 2023 1176 2048 ε.
1198 2030 1228 2057 4.

114 2075 239 2107 Semper
255 2078 354 2099 autem
378 2070 491 2099 bellum
509 2070 619 2100 evitari
641 2079 753 2107 posse,
775 2073 898 2102 minime
922 2074 1025 2109 posuit
1043 2075 1227 2111 Grotius,

115 2129 184 2158 vid.
215 2130 237 2158 1.
257 2129 281 2157 1.
302 2136 332 2156 c.
351 2137 399 2157 22.

154 2185 208 2224 (5)
228 2186 275 2214 De
298 2193 359 2220 quo
382 2185 424 2215 cs.
448 2183 570 2214 omnino
597 2185 775 2222 Iler-der,
795 2187 904 2223 Brtefh
929 2196 989 2217 zur
1015 2188 1227 2226 Befi'ra'erung

115 2243 170 2272 der
200 2242 406 2272 Humanum.
428 2242 467 2272 11.
488 2251 520 2278 p.
542 2244 700 2280 ¹36-140·
722 2242 812 2278 (nov.
834 2243 927 2282 edin)
