1564 2750
353 187 398 223 52
588 172 1243 213 COMMENTATIO

351 285 434 322 mali
458 283 663 330 accideret,
693 283 808 321 tutius
834 282 877 320 iis
904 282 1023 319 visum
1045 291 1099 319 est
1116 310 1128 327 ‚
1156 293 1283 320 omnes
1315 282 1456 321 incolas

355 354 439 391 inde
470 354 671 400 expellere3
703 364 777 399 quo
816 350 917 389 facto
945 363 963 388 e
1000 351 1077 388 suis
1104 350 1249 389 civibus
1272 352 1454 390 coloniam

353 434 396 460 eo
441 423 618 459 miserunt
646 421 730 470 (l).
761 421 872 464 (Vid.
904 421 989 459 Obs.
1019 420 1273 467 XXXVIII).

403 493 463 530 Ad
489 491 594 529 finem
635 493 707 541 jam
735 501 906 539 vergente
943 499 1105 537 aestate,
1135 490 1291 528 Pericles
1316 500 1362 528 ex
1383 490 1458 528 Ae-

352 563 434 611 gina
457 562 606 599 domum
635 563 776 608 redux,
805 573 888 598 cum
911 561 1084 598 omnibus
1112 572 1202 608 quas
1229 567 1374 608 praesto
1396 560 1462 597 ha—

353 632 461 669 bebat
476 659 488 676 ,
504 641 574 668 tam
599 631 736 668 civium
756 642 863 678 quam
879 630 1146 677 inquilinorum
1169 630 1289 677 copiis
1303 657 1316 676 ,
1336 629 1461 667 incur-

356 702 494 739 sionem
514 701 602 739 fecit
635 701 671 738 in
700 700 942 748 Megaridem.
996 699 1120 747 Hujus
1147 699 1197 736 rei
1219 698 1312 736 fama
1333 710 1462 746 perve-

353 772 407 809 nit
433 772 478 808 ad
501 773 654 808 classem
672 779 819 809 centum
833 769 981 807 navium
998 797 1010 815 ‚
1029 780 1136 815 quam
1158 769 1460 816 Peloponnesum

352 841 662 888 circumnavigare
703 841 863 890 jusserat
878 865 896 884 ‚s
926 850 1113 886 *quaeque
1148 838 1273 885 Solio,
1319 838 1460 886 oppido

352 912 389 946 in
436 911 630 947 peninsula
665 909 948 947 Corinthiorum
987 909 1095 953 sito,
1148 907 1462 955 Cephalleniaque

355 981 474 1017 insula
525 979 688 1017 subactis
706 1007 719 1025 ‚
766 980 915 1016 domurn
953 977 1095 1015 rediens
1146 977 1240 1014 cirea
1282 977 1461 1026 Aeginam

354 1050 582 1087 versabatur.
636 1048 853 1094 Classiarii‚
884 1047 1112 1095 Megarensis
1135 1047 1383 1096 expeditionis
1407 1047 1463 1085 fa·

354 1132 410 1156 ma
448 1119 600 1163 audita‚
636 1118 763 1156 Pericli
802 1128 884 1155 sese
916 1117 1193 1165 adjunxerunt;
1236 1116 1296 1154 hic
1337 1119 1464 1166 pugna

352 1200 434 1226 cum
484 1187 763 1236 Megarensibus
798 1186 1025 1232 commisse,
1064 1187 1187 1223 salvus
1220 1187 1372 1224 domum
1407 1198 1464 1224 re-

354 1258 420 1296 diit
443 1257 526 1305 (α).
582 1258 717 1295 Eadem
743 1256 848 1293 etiam
870 1257 935 1292 hac
960 1263 1097 1293 aestate
1124 1255 1370 1293 Athenienses
1400 1267 1462 1294 so—

356 1328 522 1364 cietatem
552 1326 714 1363 inierunt
746 1336 830 1362 cum
861 1323 959 1361 Tere
985 1323 1171 1361 Thracum
1199 1335 1310 1372 rege:
1349 1333 1462 1373 atque

357 1397 461 1433 etiam
480 1396 692 1441 Perdiccam,
720 1394 969 1432 Macedonum
991 1404 1080 1440 rex,
1104 1393 1314 1432 inimicitias
1347 1395 1462 1443 depo—

357 1467 457 1511 suit,
503 1475 539 1502 et
580 1463 868 1502 Atheniensibus
913 1463 950 1499 in
997 1463 1094 1500 bello
1135 1471 1263 1501 contra
1313 1463 1462 1502 Chalci-

356 1538 490 1574 denses
518 1536 666 1584 adjutor
693 1533 764 1571 fuit
795 1532 879 1582 (3).
1442 1582 1445 1583 γ

410 1606 483 1644 Sed
512 1605 680 1652 quamvis
725 1604 876 1641 Pericles
915 1612 986 1640 tam
1021 1603 1200 1650 praeclare
1235 1602 1388 1651 patriam
1411 1603 1456 1641 ab

356 1676 517 1713 hostium
546 1674 846 1723 aggressionibus
876 1681 1069 1719 tueretur,
1097 1682 1214 1710 tamen
1248 1684 1315 1721 pro
1341 1673 1462 1711 hono·

353 1759 390 1783 re
428 1745 597 1783 invidiam
635 1755 746 1791 atque
777 1743 1082 1781 obtrectationem
1127 1751 1350 1781 consecutus
1385 1752 1456 1783 est.

352 1815 404 1852 Et
427 1825 475 1851 ue
500 1814 556 1850 his
578 1813 724 1860 quidem
749 1812 981 1860 temporibus
1009 1811 1089 1849 ausi
1113 1821 1200 1848 sunt
1222 1813 1300 1860 ejus
1321 1812 1458 1850 inimici

1374 1894 1456 1920 eum

388 2013 437 2048 (ij-
465 2015 537 2042 Flut.
571 2015 628 2042 l.l.
661 2026 696 2032 —
721 2013 819 2040 Thuc.
859 2013 897 2041 ll.
933 2020 996 2047 cap.
1028 2022 1075 2047 27.
1107 2020 1123 2040 e
1149 2019 1210 2047 quo
1233 2012 1324 2041 Dion.
1345 2013 1455 2055 'Halia

354 2077 384 2103 p.
409 2073 475 2105 846.
501 2071 539 2098 R.
562 2083 598 2090 —
620 2069 712 2097 Diod.
737 2069 784 2097 Sic
805 2070 827 2098 1.
851 2071 871 2099 l.

390 2127 440 2163 (η)
463 2129 537 2154 Flut.
557 2128 578 2154 1.
598 2127 621 2154 1.
645 2140 682 2146 —
703 2126 800 2153 Thuc.
835 2126 877 2154 11.
900 2133 968 2160 cap.
1001 2134 1049 2160 30.
1081 2133 1124 2160 sq.
1150 2136 1184 2146 ·-
1220 2124 1312 2153 Diod.
1335 2126 1357 2154 Ι.
1376 2126 1399 2154 1.
1421 2137 1456 2148 -·

351 2184 442 2211 conf.
465 2185 536 2211 0125.
557 2183 682 2210 XXXI.

388 2239 437 2275 (3)
460 2240 552 2267 cons.
572 2240 658 2267 Thuc
682 2239 719 2266 ΙΙ.
744 2246 808 2272 cap.
831 2248 877 2274 29.
901 2252 935 2260 —
958 2239 1055 2267 Schol.
1077 2239 1111 2265 ad
1141 2240 1232 2267 Arist.
1254 2241 1311 2268 Av.
1329 2247 1372 2268 vs.
1395 2246 1458 2277 145.
