1507 2876
396 223 996 268 TREOLOGflCA.
1210 243 1256 280 39

140 346 208 375 eos
231 334 339 374 beare
370 334 511 381 debet,
538 335 641 382 quod
665 335 724 373 his
746 336 858 374 vitam
885 337 1021 384 adimi,
1058 339 1253 388 abrumpi,

136 404 241 444 vario
272 404 440 444 cruciatu
473 403 612 443 auferri
653 405 762 445 sinat.
833 407 967 446 Carior
1003 418 1059 445 est
1094 410 1253 458 principi

136 476 356 516 Christiano
390 477 492 515 salus
528 476 587 513 sui
620 477 782 525 populi,
830 489 938 524 quam
979 478 1128 516 aliarum
1165 491 1253 528 gen-

131 545 257 595 tium,
284 547 404 585 carior
437 544 602 583 fidelium
632 557 672 583 ac
701 531 886 584 bonorum
913 545 1069 584 felicitas
1087 575 1099 594 ‚
1139 560 1250 594 quam

133 615 403 666 flagitiosorum
442 627 484 654 ac
515 614 770 665 injustorum,
822 616 942 654 carior
978 616 1140 665 denique
1174 618 1250 657 vita

131 679 305 734 civitim‚
339 697 449 734 quam
483 686 665 725 hostium.
721 686 927 724 Conamina
962 686 1077 734 igitur
1110 687 1250 735 princi·

129 756 190 807 pis
218 757 320 795 illius
341 757 597 813 demonstrent
623 756 689 803 id,
717 758 822 804 quod
852 756 983 794 intimo
1015 758 1152 796 sentire
1171 762 1250 797 ani-

129 838 193 865 mo
227 838 311 866 eum
353 836 519 876 oportet.
594 827 725 874 Itaque
757 828 844 864 dum
881 838 989 865 casus
1024 828 1170 876 oritur,
1206 839 1248 867 ut

125 895 279 936 aliarum
314 897 480 946 gentium
516 898 677 935 conatus
709 897 895 943 hostiles,
940 899 1091 936 nonnisi
1126 900 1246 948 copiis

125 976 164 1006 et
207 967 345 1015 armis,
377 979 498 1005 arcere
532 967 685 1015 possit3
723 966 769 1004 ad
807 968 899 1011 haec
933 967 1136 1017 confugere
1170 982 1246 1008 non

123 1037 170 1076 ab
206 1038 285 1088 ejus
331 1037 459 1076 officiis
503 1037 661 1075 alienum
700 1045 771 1074 est.
840 1038 983 1075 Contra
1024 1051 1141 1086 vero,
1175 1041 1246 1078 nisi

123 1118 311 1147 armorum
345 1106 383 1145 vi
420 1106 599 1145 hostibus
636 1107 808 1155 resistat,
849 1120 920 1145 suo
960 1109 1082 1146 officio
1118 1110 1242 1157 deest3

125 1177 302 1226 quoniam
328 1185 407 1215 tum
431 1177 560 1216 hostes
586 1177 773 1216 maleficos
807 1190 923 1225 aeque
953 1191 993 1217 ac
1021 1191 1110 1217 suos
1143 1181 1243 1220 cives

122 1248 369 1294 innocentes,
405 1259 452 1285 ne
490 1248 605 1285 dicam
638 1260 724 1296 prae
754 1247 829 1295 iis,
855 1248 997 1296 diligat.

170 1318 285 1357 Forte
308 1318 393 1367 quis
409 1318 506 1356 dicat
522 1347 534 1366 ‚
549 1329 626 1356 non
642 1330 746 1366 esse,
775 1319 880 1365 quod
901 1330 990 1355 suos
1006 1319 1107 1356 cives
1132 1320 1240 1358 armis

123 1388 297 1436 munire,
332 1400 464 1428 aceos
488 1398 644 1426 mortem
667 1397 870 1437 oppetere,
895 1389 1027 1438 jubere
1053 1391 1085 1426 ei
1118 1391 1239 1428 liceat.

121 1457 354 1508 Respondeo
390 1469 534 1497 tamen:
575 1459 747 1507 princeps
791 1458 1031 1498 Christianus
1068 1460 1240 1508 profecto

120 1537 200 1567 non
221 1537 282 1567 tot
305 1528 444 1567 civium
473 1529 571 1566 vitae
595 1529 799 1577 periculum
823 1529 920 1567 adire
948 1530 1117 1579 jubebit,
1146 1539 1242 1578 quot

117 1598 159 1638 in
186 1599 400 1639 discrimine
430 1600 565 1637 versati
591 1598 777 1648 fuissent3
807 1610 884 1636 non
919 1609 1019 1638 tanta
1043 1602 1135 1638 mala
1161 1602 1239 1640 suis

117 1669 268 1709 civibus
312 1669 393 1718 ipse
430 1668 587 1717 afferet,
643 1679 778 1717 quanta
816 1670 922 1708 ailata
966 1670 1152 1718 fuissent,
1206 1672 1239 1709 si

117 1740 249 1779 hostes
274 1740 337 1778 isti
368 1739 483 1778 libere
521 1740 700 1789 egissent.
752 1741 818 1779 Ille
856 1751 893 1779 et
930 1753 1019 1779 suos
1056 1742 1100 1779 ad
1132 1754 1236 1790 rem,

117 1811 178 1849 his
210 1809 305 1860 ipsis
341 1810 507 1859 licitam,
531 1820 753 1861 permovet,
781 1813 826 1850 ad
859 1823 932 1849 rem
959 1813 1151 1850 honestam
1181 1813 1247 1849 in-,

116 1880 229 1927 citat,
256 1880 400 1920 scilicet
437 1883 483 1920 ad
520 1881 630 1919 vitam
674 1883 881 1930 ponendam
918 1894 987 1930 pro
1029 1881 1233 1929 fratribus,

115 1960 187 2001 pro
212 1951 315 1999 illis,
343 1951 567 1999 quibuscum
597 1954 735 1990 arctius
772 1947 964 2003 conjuncti
992 1953 1095 2001 sint,
1125 1965 1234 2001 quam

114 2032 201 2060 cum
234 2022 408 2060 hostibus
445 2021 528 2059 istis
570 2023 721 2073 inJ'ustis
753 2025 839 2074 (1).
909 2027 943 2064 A
977 2024 1124 2062 civibus
1160 2037 1235 2063 ma-

112 2092 195 2142 iora
218 2094 310 2130 mala
340 2092 545 2141 depellere,
585 2105 649 2131 eos
677 2095 723 2132 ad
760 2106 833 2132 rem
867 2095 1058 2133 honestam
1087 2107 1234 2143 permo-

113 2174 202 2202 vere
242 2162 395 2201 omnino
439 2164 544 2202 decet
582 2164 818 2213 principem,
872 2166 959 2203 haec
996 2177 1017 2203 a
1053 2165 1232 2213 religione

117 2233 334 2272 Christiana
366 2234 530 2284 jussum.

154 2317 208 2355 (ι)
228 2322 374 2352 conferas
400 2330 453 2358 ea,
474 2330 550 2357 quae
578 2303 687 2360 supra,
710 2319 740 2363 ξ.
768 2335 788 2362 4
808 2331 841 2354 et
867 2315 895 2359 5
925 2325 1004 2355 dicta
1030 2334 1111 2356 sunt.
1144 2321 1149 2326 ’

1076 2386 1078 2392 ⁴
1102 2377 1230 2418 CON-
