<?xml version="1.0" encoding="UTF-8"?>
<!DOCTYPE html PUBLIC "-//W3C//DTD XHTML 1.0 Transitional//EN"
    "http://www.w3.org/TR/xhtml1/DTD/xhtml1-transitional.dtd">
<html xmlns="http://www.w3.org/1999/xhtml" xml:lang="en" lang="en">
 <head>
  <title>
</title>
<meta http-equiv="Content-Type" content="text/html;charset=utf-8" />
  <meta name='ocr-system' content='tesseract 3.04.00' />
  <meta name='ocr-capabilities' content='ocr_page ocr_carea ocr_par ocr_line ocrx_word'/>
</head>
<body>
  <div class='ocr_page' id='page_1' title='image "annalesacademiae33rhen_0117.png"; bbox 0 0 1507 2876; ppageno 0'>
   <div class='ocr_carea' id='block_1_1' title="bbox 373 226 1235 284">
    <p class='ocr_par' dir='ltr' id='par_1_1' title="bbox 373 226 1235 284">
     <span class='ocr_line' id='line_1_1' title="bbox 373 226 1235 284; baseline 0.002 -12"><span class='ocrx_word' id='word_1_1' title='bbox 373 226 970 274; x_wconf 87' lang='lat' dir='ltr'>THEOLOGICA.</span> <span class='ocrx_word' id='word_1_2' title='bbox 1186 247 1235 284; x_wconf 81' lang='lat'>29</span> 
     </span>
    </p>
   </div>
   <div class='ocr_carea' id='block_1_2' title="bbox 122 342 1237 745">
    <p class='ocr_par' dir='ltr' id='par_1_2' title="bbox 122 342 1237 745">
     <span class='ocr_line' id='line_1_2' title="bbox 122 342 1235 392; baseline 0.001 -10"><span class='ocrx_word' id='word_1_3' title='bbox 122 344 235 384; x_wconf 85' lang='lat' dir='ltr'>saluti</span> <span class='ocrx_word' id='word_1_4' title='bbox 259 342 421 384; x_wconf 84' lang='lat' dir='ltr'>civitatis</span> <span class='ocrx_word' id='word_1_5' title='bbox 447 353 563 392; x_wconf 84' lang='lat' dir='ltr'>suae,</span> <span class='ocrx_word' id='word_1_6' title='bbox 591 343 703 382; x_wconf 87' lang='lat' dir='ltr'>saluti</span> <span class='ocrx_word' id='word_1_7' title='bbox 723 342 904 392; x_wconf 84' lang='lat' dir='ltr'>principis</span> <span class='ocrx_word' id='word_1_8' title='bbox 938 355 979 381; x_wconf 88' lang='lat' dir='ltr'>ac</span> <span class='ocrx_word' id='word_1_9' title='bbox 1003 354 1131 383; x_wconf 89' lang='lat' dir='ltr'>eorum</span> <span class='ocrx_word' id='word_1_10' title='bbox 1155 356 1235 383; x_wconf 87' lang='lat' dir='ltr'>om·</span> 
     </span>
     <span class='ocr_line' id='line_1_3' title="bbox 123 412 1235 463; baseline -0.001 -10"><span class='ocrx_word' id='word_1_11' title='bbox 123 415 250 463; x_wconf 85' lang='lat' dir='ltr'>nium,</span> <span class='ocrx_word' id='word_1_12' title='bbox 278 426 374 463; x_wconf 91' lang='lat' dir='ltr'>quos</span> <span class='ocrx_word' id='word_1_13' title='bbox 397 413 634 463; x_wconf 86' lang='lat' dir='ltr'><strong>amplectitur</strong></span> <span class='ocrx_word' id='word_1_14' title='bbox 657 413 804 452; x_wconf 86' lang='lat' dir='ltr'>civitas.</span> <span class='ocrx_word' id='word_1_15' title='bbox 834 412 939 452; x_wconf 85' lang='lat' dir='ltr'>Talis</span> <span class='ocrx_word' id='word_1_16' title='bbox 954 421 1074 451; x_wconf 88' lang='lat' dir='ltr'>autem</span> <span class='ocrx_word' id='word_1_17' title='bbox 1091 413 1235 452; x_wconf 88' lang='lat' dir='ltr'>animus</span> 
     </span>
     <span class='ocr_line' id='line_1_4' title="bbox 124 483 1237 534; baseline -0.002 -11"><span class='ocrx_word' id='word_1_18' title='bbox 124 495 203 524; x_wconf 91' lang='lat' dir='ltr'>non</span> <span class='ocrx_word' id='word_1_19' title='bbox 225 484 452 534; x_wconf 86' lang='lat' dir='ltr'>aegritudine</span> <span class='ocrx_word' id='word_1_20' title='bbox 479 496 520 523; x_wconf 82' lang='lat' dir='ltr'>ac</span> <span class='ocrx_word' id='word_1_21' title='bbox 557 484 730 533; x_wconf 69' lang='lat' dir='ltr'>pigritia,</span> <span class='ocrx_word' id='word_1_22' title='bbox 757 484 821 522; x_wconf 91' lang='lat' dir='ltr'>sed</span> <span class='ocrx_word' id='word_1_23' title='bbox 856 483 965 521; x_wconf 84' lang='lat' dir='ltr'>factis</span> <span class='ocrx_word' id='word_1_24' title='bbox 996 483 1091 532; x_wconf 86' lang='lat' dir='ltr'>ipsis</span> <span class='ocrx_word' id='word_1_25' title='bbox 1127 483 1237 522; x_wconf 85' lang='lat' dir='ltr'>debet</span> 
     </span>
     <span class='ocr_line' id='line_1_5' title="bbox 123 553 1235 605; baseline -0.003 -10"><span class='ocrx_word' id='word_1_26' title='bbox 123 567 208 595; x_wconf 83' lang='lat' dir='ltr'>esse</span> <span class='ocrx_word' id='word_1_27' title='bbox 237 556 484 605; x_wconf 86' lang='lat' dir='ltr'>conspicuus.</span> <span class='ocrx_word' id='word_1_28' title='bbox 545 556 677 603; x_wconf 80' lang='lat' dir='ltr'>Itaque</span> <span class='ocrx_word' id='word_1_29' title='bbox 711 566 809 593; x_wconf 81' lang='lat' dir='ltr'>arma</span> <span class='ocrx_word' id='word_1_30' title='bbox 849 554 995 603; x_wconf 83' lang='lat' dir='ltr'>capiat,</span> <span class='ocrx_word' id='word_1_31' title='bbox 1025 553 1163 602; x_wconf 89' lang='lat' dir='ltr'>quibus</span> <span class='ocrx_word' id='word_1_32' title='bbox 1197 563 1235 592; x_wconf 89' lang='lat' dir='ltr'>et</span> 
     </span>
     <span class='ocr_line' id='line_1_6' title="bbox 123 624 1237 666; baseline 0 -2"><span class='ocrx_word' id='word_1_33' title='bbox 123 626 300 666; x_wconf 86' lang='lat' dir='ltr'>hostibus</span> <span class='ocrx_word' id='word_1_34' title='bbox 331 637 431 664; x_wconf 89' lang='lat' dir='ltr'>mors</span> <span class='ocrx_word' id='word_1_35' title='bbox 463 625 651 664; x_wconf 85' lang='lat' dir='ltr'>afferatur.</span> <span class='ocrx_word' id='word_1_36' title='bbox 707 625 773 663; x_wconf 90' lang='lat' dir='ltr'>Ille</span> <span class='ocrx_word' id='word_1_37' title='bbox 798 624 1045 663; x_wconf 87' lang='lat' dir='ltr'>moribundus</span> <span class='ocrx_word' id='word_1_38' title='bbox 1080 625 1120 663; x_wconf 90' lang='lat' dir='ltr'>in</span> <span class='ocrx_word' id='word_1_39' title='bbox 1158 636 1237 664; x_wconf 89' lang='lat' dir='ltr'>cer-</span> 
     </span>
     <span class='ocr_line' id='line_1_7' title="bbox 127 695 670 745; baseline -0.004 -10"><span class='ocrx_word' id='word_1_40' title='bbox 127 697 275 736; x_wconf 85' lang='lat' dir='ltr'>taminis</span> <span class='ocrx_word' id='word_1_41' title='bbox 307 707 438 745; x_wconf 86' lang='lat' dir='ltr'>campo</span> <span class='ocrx_word' id='word_1_42' title='bbox 465 704 566 734; x_wconf 84' lang='lat' dir='ltr'>recte</span> <span class='ocrx_word' id='word_1_43' title='bbox 595 695 670 734; x_wconf 84' lang='lat' dir='ltr'>ait:</span> 
     </span>
    </p>
   </div>
   <div class='ocr_carea' id='block_1_3' title="bbox 204 796 1135 850">
    <p class='ocr_par' dir='ltr' id='par_1_3' title="bbox 204 796 1135 850">
     <span class='ocr_line' id='line_1_8' title="bbox 204 796 1135 850; baseline -0.001 -13"><span class='ocrx_word' id='word_1_44' title='bbox 204 828 228 848; x_wconf 89' lang='lat'>„</span> <span class='ocrx_word' id='word_1_45' title='bbox 254 799 376 838; x_wconf 74' lang='lat' dir='ltr'>Dulce</span> <span class='ocrx_word' id='word_1_46' title='bbox 400 807 436 837; x_wconf 79' lang='lat' dir='ltr'>et</span> <span class='ocrx_word' id='word_1_47' title='bbox 460 797 630 837; x_wconf 81' lang='lat' dir='ltr'>decorum</span> <span class='ocrx_word' id='word_1_48' title='bbox 657 805 710 836; x_wconf 81' lang='lat' dir='ltr'>cst</span> <span class='ocrx_word' id='word_1_49' title='bbox 732 807 801 850; x_wconf 83' lang='lat' dir='ltr'>pro</span> <span class='ocrx_word' id='word_1_50' title='bbox 821 798 960 849; x_wconf 82' lang='lat' dir='ltr'>patria</span> <span class='ocrx_word' id='word_1_51' title='bbox 983 798 1095 836; x_wconf 82' lang='lat' dir='ltr'>mori.</span> <span class='ocrx_word' id='word_1_52' title='bbox 1108 796 1135 813; x_wconf 87' lang='lat'>&#39;’</span> 
     </span>
    </p>
   </div>
   <div class='ocr_carea' id='block_1_4' title="bbox 121 890 1239 1160">
    <p class='ocr_par' dir='ltr' id='par_1_4' title="bbox 121 890 1239 1160">
     <span class='ocr_line' id='line_1_9' title="bbox 122 890 1235 949; baseline -0.001 -10"><span class='ocrx_word' id='word_1_53' title='bbox 122 890 298 949; x_wconf 84' lang='lat' dir='ltr'>Narnque</span> <span class='ocrx_word' id='word_1_54' title='bbox 323 911 401 938; x_wconf 90' lang='lat' dir='ltr'>non</span> <span class='ocrx_word' id='word_1_55' title='bbox 427 899 514 948; x_wconf 86' lang='lat' dir='ltr'>ille,</span> <span class='ocrx_word' id='word_1_56' title='bbox 538 901 604 948; x_wconf 90' lang='lat' dir='ltr'>qui</span> <span class='ocrx_word' id='word_1_57' title='bbox 636 899 822 937; x_wconf 88' lang='lat' dir='ltr'>vindictae</span> <span class='ocrx_word' id='word_1_58' title='bbox 852 899 1085 948; x_wconf 86' lang='lat' dir='ltr'>honorisque</span> <span class='ocrx_word' id='word_1_59' title='bbox 1108 900 1235 939; x_wconf 89' lang='lat' dir='ltr'>studio</span> 
     </span>
     <span class='ocr_line' id='line_1_10' title="bbox 121 968 1239 1020; baseline -0.002 -11"><span class='ocrx_word' id='word_1_60' title='bbox 121 980 343 1020; x_wconf 80' lang='lat' dir='ltr'>permotuS,</span> <span class='ocrx_word' id='word_1_61' title='bbox 378 970 444 1007; x_wconf 88' lang='lat' dir='ltr'>sed</span> <span class='ocrx_word' id='word_1_62' title='bbox 465 969 560 1017; x_wconf 87' lang='lat' dir='ltr'>qui,</span> <span class='ocrx_word' id='word_1_63' title='bbox 587 968 763 1007; x_wconf 91' lang='lat' dir='ltr'>conscius</span> <span class='ocrx_word' id='word_1_64' title='bbox 792 968 907 1016; x_wconf 88' lang='lat' dir='ltr'>facti,</span> <span class='ocrx_word' id='word_1_65' title='bbox 939 968 1002 1007; x_wconf 91' lang='lat' dir='ltr'>cui</span> <span class='ocrx_word' id='word_1_66' title='bbox 1024 980 1107 1007; x_wconf 88' lang='lat' dir='ltr'>sese</span> <span class='ocrx_word' id='word_1_67' title='bbox 1141 969 1239 1007; x_wconf 89' lang='lat' dir='ltr'>obli-</span> 
     </span>
     <span class='ocr_line' id='line_1_11' title="bbox 121 1038 1238 1090; baseline -0.001 -11"><span class='ocrx_word' id='word_1_68' title='bbox 121 1047 246 1090; x_wconf 85' lang='lat' dir='ltr'>gatum</span> <span class='ocrx_word' id='word_1_69' title='bbox 267 1038 400 1078; x_wconf 87' lang='lat' dir='ltr'>intimo</span> <span class='ocrx_word' id='word_1_70' title='bbox 422 1039 537 1077; x_wconf 89' lang='lat' dir='ltr'>sentit</span> <span class='ocrx_word' id='word_1_71' title='bbox 562 1038 683 1076; x_wconf 81' lang='lat' dir='ltr'>animo</span> <span class='ocrx_word' id='word_1_72' title='bbox 699 1067 713 1087; x_wconf 84' lang='lat'>,</span> <span class='ocrx_word' id='word_1_73' title='bbox 738 1049 835 1077; x_wconf 85' lang='lat' dir='ltr'>arma</span> <span class='ocrx_word' id='word_1_74' title='bbox 860 1039 978 1088; x_wconf 83' lang='lat' dir='ltr'>gerit,</span> <span class='ocrx_word' id='word_1_75' title='bbox 1004 1039 1120 1088; x_wconf 88' lang='lat' dir='ltr'>hujus</span> <span class='ocrx_word' id='word_1_76' title='bbox 1140 1050 1238 1078; x_wconf 87' lang='lat' dir='ltr'>mor·</span> 
     </span>
     <span class='ocr_line' id='line_1_12' title="bbox 122 1108 1010 1160; baseline 0.001 -13"><span class='ocrx_word' id='word_1_77' title='bbox 122 1109 172 1149; x_wconf 91' lang='lat' dir='ltr'>tis</span> <span class='ocrx_word' id='word_1_78' title='bbox 198 1108 297 1159; x_wconf 82' lang='lat' dir='ltr'>sapit</span> <span class='ocrx_word' id='word_1_79' title='bbox 330 1108 560 1147; x_wconf 84' lang='lat' dir='ltr'>dulcedinem</span> <span class='ocrx_word' id='word_1_80' title='bbox 595 1119 637 1147; x_wconf 83' lang='lat' dir='ltr'>ac</span> <span class='ocrx_word' id='word_1_81' title='bbox 669 1109 899 1149; x_wconf 81' lang='lat' dir='ltr'>honestatem</span> <span class='ocrx_word' id='word_1_82' title='bbox 927 1109 1010 1160; x_wconf 88' lang='lat'>(1).</span> 
     </span>
    </p>
   </div>
   <div class='ocr_carea' id='block_1_5' title="bbox 609 1257 740 1307">
    <p class='ocr_par' dir='ltr' id='par_1_5' title="bbox 609 1257 740 1307">
     <span class='ocr_line' id='line_1_13' title="bbox 609 1257 740 1307; baseline 0.015 -8"><span class='ocrx_word' id='word_1_83' title='bbox 609 1257 644 1307; x_wconf 63' lang='grc' dir='ltr'>ς.</span> <span class='ocrx_word' id='word_1_84' title='bbox 701 1263 740 1301; x_wconf 89' lang='grc'>6.</span> 
     </span>
    </p>
   </div>
   <div class='ocr_carea' id='block_1_6' title="bbox 367 1406 977 1446">
    <p class='ocr_par' dir='ltr' id='par_1_6' title="bbox 367 1406 977 1446">
     <span class='ocr_line' id='line_1_14' title="bbox 367 1406 977 1446; baseline 0 -1"><span class='ocrx_word' id='word_1_85' title='bbox 367 1407 449 1446; x_wconf 78' lang='lat' dir='ltr'>Nec</span> <span class='ocrx_word' id='word_1_86' title='bbox 474 1418 545 1445; x_wconf 81' lang='lat' dir='ltr'>non</span> <span class='ocrx_word' id='word_1_87' title='bbox 570 1406 739 1445; x_wconf 77' lang='lat' dir='ltr'>aliarum</span> <span class='ocrx_word' id='word_1_88' title='bbox 762 1407 977 1446; x_wconf 77' lang='lat' dir='ltr'>civitatum.</span> 
     </span>
    </p>
   </div>
   <div class='ocr_carea' id='block_1_7' title="bbox 117 1561 1234 1817">
    <p class='ocr_par' dir='ltr' id='par_1_7' title="bbox 117 1561 1234 1817">
     <span class='ocr_line' id='line_1_15' title="bbox 139 1561 1234 1617; baseline -0.002 -13"><span class='ocrx_word' id='word_1_89' title='bbox 139 1567 143 1571; x_wconf 58' lang='lat'><strong>⁴</strong></span> <span class='ocrx_word' id='word_1_90' title='bbox 169 1566 342 1617; x_wconf 89' lang='lat' dir='ltr'>Quisque</span> <span class='ocrx_word' id='word_1_91' title='bbox 380 1562 619 1603; x_wconf 86' lang='lat' dir='ltr'>Christianus</span> <span class='ocrx_word' id='word_1_92' title='bbox 651 1573 728 1601; x_wconf 93' lang='lat' dir='ltr'>non</span> <span class='ocrx_word' id='word_1_93' title='bbox 767 1561 919 1612; x_wconf 60' lang='lat' dir='ltr'>tantum}</span> <span class='ocrx_word' id='word_1_94' title='bbox 932 1562 1124 1612; x_wconf 82' lang='lat' dir='ltr'>regionis,</span> <span class='ocrx_word' id='word_1_95' title='bbox 1160 1575 1234 1611; x_wconf 82' lang='lat' dir='ltr'>qua</span> 
     </span>
     <span class='ocr_line' id='line_1_16' title="bbox 117 1631 1231 1684; baseline -0.003 -9"><span class='ocrx_word' id='word_1_96' title='bbox 117 1636 230 1676; x_wconf 87' lang='lat' dir='ltr'>vitam</span> <span class='ocrx_word' id='word_1_97' title='bbox 253 1635 351 1684; x_wconf 86' lang='lat' dir='ltr'>agit,</span> <span class='ocrx_word' id='word_1_98' title='bbox 371 1633 511 1672; x_wconf 89' lang='lat' dir='ltr'>incolas</span> <span class='ocrx_word' id='word_1_99' title='bbox 534 1643 659 1671; x_wconf 87' lang='lat' dir='ltr'>amore</span> <span class='ocrx_word' id='word_1_100' title='bbox 682 1631 944 1681; x_wconf 79' lang='lat' dir='ltr'>amplectitur,</span> <span class='ocrx_word' id='word_1_101' title='bbox 970 1644 1098 1671; x_wconf 86' lang='lat' dir='ltr'>verum</span> <span class='ocrx_word' id='word_1_102' title='bbox 1123 1632 1231 1672; x_wconf 87' lang='lat' dir='ltr'>etiam</span> 
     </span>
     <span class='ocr_line' id='line_1_17' title="bbox 118 1702 1230 1755; baseline -0.005 -9"><span class='ocrx_word' id='word_1_103' title='bbox 118 1718 247 1746; x_wconf 90' lang='lat' dir='ltr'>omnes</span> <span class='ocrx_word' id='word_1_104' title='bbox 281 1716 348 1755; x_wconf 86' lang='lat' dir='ltr'>per</span> <span class='ocrx_word' id='word_1_105' title='bbox 373 1713 490 1744; x_wconf 86' lang='lat' dir='ltr'>totam</span> <span class='ocrx_word' id='word_1_106' title='bbox 527 1711 705 1743; x_wconf 87' lang='lat' dir='ltr'>terrarum</span> <span class='ocrx_word' id='word_1_107' title='bbox 733 1702 861 1741; x_wconf 88' lang='lat' dir='ltr'>orbem</span> <span class='ocrx_word' id='word_1_108' title='bbox 901 1702 1036 1752; x_wconf 85' lang='lat' dir='ltr'>diligit.</span> <span class='ocrx_word' id='word_1_109' title='bbox 1090 1703 1230 1743; x_wconf 78' lang='lat' dir='ltr'>Animo</span> 
     </span>
     <span class='ocr_line' id='line_1_18' title="bbox 118 1764 339 1817; baseline -0.014 0"><span class='ocrx_word' id='word_1_110' title='bbox 118 1777 232 1817; x_wconf 86' lang='lat' dir='ltr'>sentit</span> <span class='ocrx_word' id='word_1_111' title='bbox 256 1764 339 1815; x_wconf 79' lang='lat' dir='ltr'>ille:</span> 
     </span>
    </p>
   </div>
   <div class='ocr_carea' id='block_1_8' title="bbox 133 1874 1180 1928">
    <p class='ocr_par' dir='ltr' id='par_1_8' title="bbox 133 1874 1180 1928">
     <span class='ocr_line' id='line_1_19' title="bbox 133 1874 1180 1928; baseline -0.006 -10"><span class='ocrx_word' id='word_1_112' title='bbox 133 1893 136 1899; x_wconf 68' lang='grc'><strong>“</strong></span> <span class='ocrx_word' id='word_1_113' title='bbox 172 1907 197 1928; x_wconf 84' lang='lat'>,‚</span> <span class='ocrx_word' id='word_1_114' title='bbox 222 1878 338 1918; x_wconf 87' lang='lat' dir='ltr'>Homo</span> <span class='ocrx_word' id='word_1_115' title='bbox 352 1889 430 1917; x_wconf 83' lang='lat' dir='ltr'>sum</span> <span class='ocrx_word' id='word_1_116' title='bbox 443 1904 457 1925; x_wconf 84' lang='lat'><strong>‚</strong></span> <span class='ocrx_word' id='word_1_117' title='bbox 478 1876 633 1915; x_wconf 77' lang='lat' dir='ltr'>humani</span> <span class='ocrx_word' id='word_1_118' title='bbox 648 1875 747 1914; x_wconf 80' lang='lat' dir='ltr'>nihil</span> <span class='ocrx_word' id='word_1_119' title='bbox 757 1887 782 1913; x_wconf 88' lang='lat' dir='ltr'><em>a</em></span> <span class='ocrx_word' id='word_1_120' title='bbox 793 1887 849 1913; x_wconf 83' lang='lat' dir='ltr'>me</span> <span class='ocrx_word' id='word_1_121' title='bbox 859 1875 1021 1914; x_wconf 81' lang='lat' dir='ltr'>alienum</span> <span class='ocrx_word' id='word_1_122' title='bbox 1033 1883 1140 1926; x_wconf 81' lang='lat' dir='ltr'>puto.</span> <span class='ocrx_word' id='word_1_123' title='bbox 1154 1874 1180 1891; x_wconf 71' lang='lat'>&#39;³</span> 
     </span>
    </p>
   </div>
   <div class='ocr_carea' id='block_1_9' title="bbox 119 1975 1232 2084">
    <p class='ocr_par' dir='ltr' id='par_1_9' title="bbox 119 1975 1232 2084">
     <span class='ocr_line' id='line_1_20' title="bbox 119 1975 1230 2026; baseline -0.009 -3"><span class='ocrx_word' id='word_1_124' title='bbox 119 1983 261 2023; x_wconf 88' lang='lat' dir='ltr'>Omnes</span> <span class='ocrx_word' id='word_1_125' title='bbox 298 1980 468 2021; x_wconf 90' lang='lat' dir='ltr'>homines</span> <span class='ocrx_word' id='word_1_126' title='bbox 498 1979 579 2018; x_wconf 86' lang='lat' dir='ltr'>sine</span> <span class='ocrx_word' id='word_1_127' title='bbox 617 1978 696 2017; x_wconf 91' lang='lat' dir='ltr'>ullo</span> <span class='ocrx_word' id='word_1_128' title='bbox 736 1976 947 2016; x_wconf 86' lang='lat' dir='ltr'>discrimine</span> <span class='ocrx_word' id='word_1_129' title='bbox 988 1975 1140 2026; x_wconf 86' lang='lat' dir='ltr'>diligere</span> <span class='ocrx_word' id='word_1_130' title='bbox 1167 1976 1230 2025; x_wconf 71' lang='lat' dir='ltr'>Ju-</span> 
     </span>
     <span class='ocr_line' id='line_1_21' title="bbox 462 2046 1232 2084; baseline -0.013 7"><span class='ocrx_word' id='word_1_131' title='bbox 462 2058 467 2061; x_wconf 83' lang='grc'><em>“</em></span> <span class='ocrx_word' id='word_1_132' title='bbox 1165 2046 1232 2084; x_wconf 87' lang='lat' dir='ltr'>be.</span> 
     </span>
    </p>
   </div>
   <div class='ocr_carea' id='block_1_10' title="bbox 118 2165 1230 2261">
    <p class='ocr_par' dir='ltr' id='par_1_10' title="bbox 118 2165 1230 2261">
     <span class='ocr_line' id='line_1_22' title="bbox 157 2165 1230 2215; baseline -0.004 -18"><span class='ocrx_word' id='word_1_133' title='bbox 157 2167 211 2205; x_wconf 84' lang='lat'>(1)</span> <span class='ocrx_word' id='word_1_134' title='bbox 235 2167 292 2196; x_wconf 86' lang='lat' dir='ltr'>Cff.</span> <span class='ocrx_word' id='word_1_135' title='bbox 321 2166 591 2215; x_wconf 65' lang='lat' dir='ltr'>Tzschirner,</span> <span class='ocrx_word' id='word_1_136' title='bbox 619 2167 696 2197; x_wconf 48' lang='lat' dir='ltr'>uad.</span> <span class='ocrx_word' id='word_1_137' title='bbox 721 2167 762 2198; x_wconf 84' lang='lat' dir='ltr'>K.</span> <span class='ocrx_word' id='word_1_138' title='bbox 788 2175 819 2203; x_wconf 86' lang='lat' dir='ltr'>p.</span> <span class='ocrx_word' id='word_1_139' title='bbox 841 2168 909 2197; x_wconf 84' lang='lat'><em>286.</em></span> <span class='ocrx_word' id='word_1_140' title='bbox 929 2173 961 2194; x_wconf 87' lang='lat' dir='ltr'>et</span> <span class='ocrx_word' id='word_1_141' title='bbox 985 2167 1133 2201; x_wconf 73' lang='lat' dir='ltr'>Gai-ve,</span> <span class='ocrx_word' id='word_1_142' title='bbox 1151 2165 1230 2194; x_wconf 67' lang='lat' dir='ltr'>Pin·-</span> 
     </span>
     <span class='ocr_line' id='line_1_23' title="bbox 118 2222 1226 2261; baseline -0.004 -7"><span class='ocrx_word' id='word_1_143' title='bbox 118 2225 299 2261; x_wconf 76' lang='lat' dir='ltr'>losophischc</span> <span class='ocrx_word' id='word_1_144' title='bbox 325 2224 562 2261; x_wconf 84' lang='lat' dir='ltr'>Anmerkungen</span> <span class='ocrx_word' id='word_1_145' title='bbox 587 2224 648 2252; x_wconf 76' lang='lat' dir='ltr'>und</span> <span class='ocrx_word' id='word_1_146' title='bbox 667 2225 911 2261; x_wconf 78' lang='lat' dir='ltr'>Abhamllungen</span> <span class='ocrx_word' id='word_1_147' title='bbox 938 2233 978 2252; x_wconf 87' lang='lat' dir='ltr'>zu</span> <span class='ocrx_word' id='word_1_148' title='bbox 1003 2222 1134 2251; x_wconf 74' lang='lat' dir='ltr'>Cicero’e</span> <span class='ocrx_word' id='word_1_149' title='bbox 1161 2223 1226 2250; x_wconf 73' lang='lat' dir='ltr'>Bu-</span> 
     </span>
    </p>
   </div>
   <div class='ocr_carea' id='block_1_11' title="bbox 116 2281 1223 2373">
    <p class='ocr_par' dir='ltr' id='par_1_11' title="bbox 116 2281 1223 2373">
     <span class='ocr_line' id='line_1_24' title="bbox 118 2281 1223 2318; baseline 0 -9"><span class='ocrx_word' id='word_1_150' title='bbox 118 2283 210 2310; x_wconf 77' lang='lat' dir='ltr'>chun</span> <span class='ocrx_word' id='word_1_151' title='bbox 235 2291 290 2312; x_wconf 73' lang='lat' dir='ltr'>von</span> <span class='ocrx_word' id='word_1_152' title='bbox 316 2282 370 2310; x_wconf 78' lang='lat' dir='ltr'>den</span> <span class='ocrx_word' id='word_1_153' title='bbox 401 2281 576 2318; x_wconf 78' lang='lat' dir='ltr'>Pfln‘ehton,</span> <span class='ocrx_word' id='word_1_154' title='bbox 606 2282 698 2310; x_wconf 82' lang='lat' dir='ltr'>Anm.</span> <span class='ocrx_word' id='word_1_155' title='bbox 724 2290 764 2310; x_wconf 83' lang='lat' dir='ltr'>zu</span> <span class='ocrx_word' id='word_1_156' title='bbox 794 2282 858 2310; x_wconf 70' lang='lat' dir='ltr'>dam</span> <span class='ocrx_word' id='word_1_157' title='bbox 882 2281 1006 2310; x_wconf 76' lang='lat' dir='ltr'>drtmn</span> <span class='ocrx_word' id='word_1_158' title='bbox 1039 2282 1078 2311; x_wconf 87' lang='lat' dir='ltr'>B.</span> <span class='ocrx_word' id='word_1_159' title='bbox 1102 2289 1135 2317; x_wconf 83' lang='lat' dir='ltr'>p.</span> <span class='ocrx_word' id='word_1_160' title='bbox 1160 2290 1223 2316; x_wconf 84' lang='lat'>155.</span> 
     </span>
     <span class='ocr_line' id='line_1_25' title="bbox 116 2342 202 2373; baseline -0.012 -6"><span class='ocrx_word' id='word_1_161' title='bbox 116 2342 202 2373; x_wconf 81' lang='lat' dir='ltr'>seqq.</span> 
     </span>
    </p>
   </div>
  </div>
 </body>
</html>
