1564 2750
427 192 932 235 LlTERAle
1192 193 1239 240 ω

620 340 656 387 §.
711 350 748 377 2.

325 500 564 540 Eruditiom‘s
591 474 913 554 Philosbpbiaeque
938 509 1056 535 amor.

183 633 433 679 Indicavimus
457 641 530 689 jam
558 638 673 688 priori
699 636 873 676 Sectione
902 633 1014 685 (1)‚·
1033 632 1244 670 turbulenta

131 717 326 758 tempora,
353 710 490 757 quibus
521 709 679 748 Pericles
712 708 927 745 adolescens
964 711 1038 741 erat
1056 728 1068 747 ‚
1117 700 1246 750 prohi-

131 778 280 826 buisse,
296 780 496 827 quominus
523 789 625 827 pater
648 778 786 816 multos
807 774 881 825 ipsi
903 775 1004 812 daret
1019 773 1214 819 magistros
1228 797 1242 815 ‚

127 858 152 885 a
171 836 576 895 *quibus'humaniores
614 847 823 896 disciplinas
855 844 1037 889 disceret,
1067 840 1244 879 eruditio-

128 914 290 965 nemque
320 919 470 957 cultiori
503 917 665 956 hominis
701 917 855 966 ingenio*
877 916 1023 964 dignam
1042 942 1054 962 ‚
1078 913 1244 960 accipere

88 1000 102 1011 ·
127 995 274 1034 posset.
329 987 401 1025 Sed
431 986 616 1033 Pericles,
659 987 768 1036 qu‘us
802 986 947 1024 animus
985 984 1113 1022 altiora
1137 993 1242 1031 spec-

128 1054 253 1103 tabat,-
285 1067 399 1102 quum
427 1056 475 1092 ob
512 1056 646 1104 Populi
681 1055 915 1104 suspiciones
943 1065 1032 1091 sese·
1056 1063 1134 1103 non
1169 1060 1243 1089 sta-

127 1124 204 1162 tiin‘
229 1124 341 1162 rebus
387 1124 548 1173 publicis
594 1110 840 1172 immisceret,
878 1133 1056 1171 tempus,
1085 1123 1187 1169 quod
1222 1134 1241 1159 a

127 1190 272 1232 bel-licis
304 1194 605 1243 expeditionibus
639 1196 823 1243 reliquum
860 1193 1047 1240 habebatff
1080 1192 1241 1230 mitiori—

127 1263 201 1302 bus
237 1263 370 1302 studiis
405 1264 681 1312 Musarumque
704 1264 823 1303 cultui
844 1264 1037 1312 impendit.
1092 1264 1145 1301 Et
1167 1263 1237 1311 Py·

127 1333 319 1381 thoclide,
368 1345 476 1381 quem
520 1333 679 1381 primum
717 1334 888 1372 Musices
941 1333 1069 1370 habuit
1105 1333 1236 1369 docto·

127 1413 231 1450 rem,
268 1411 441 1449 mortuo,
471 1414 537 1451 per
562 1403 714 1451 aliquod
748 1402 928 1451 temporis
964 1401 1124 1449 spatium
1152 1402 1235 1439 nul-

124 1473 203 1511 lum
236 1471 452 1510 celebrioris
479 1473 642 1511 nominis
672 1473 791 1511 virum
810 1501 822 1519 ‚
848 1472 1071 1510 studiorum
1109 1471 1234 1519 auspi-

124 1544 202 1580 cem
236 1542 432 1581 'habuisse
492 1543 651 1580 videtur.
731 1529 843 1592 (Vid.
904 1541 991 1580 Ohs.
1040 1540 1233 1587 XLIX.).

125 1613 253 1662 Quum
300 1624 392 1650 vero
426 1613 571 1650 circiter
606 1612 754 1660 triginta
791 1620 826 1649 et
860 1623 925 1650 sex
972 1621 1088 1649 annos
1125 1611 1234 1648 natus

125 1692 227 1730 erat,
252 1674 413 1731 olymp.
440 1683 621 1720 LXXIX.
650 1681 779 1719 floruit
813 1682 917 1719 Zeno
958 1682 1106 1720 Eleates
1133 1681 1230 1729 (2)·‚

125 1752 192 1800 qui
222 1751 382 1790 fortasse
410 1752 552 1799 primus
590 1750 663 1788 fuit
683 1779 696 1798 ‚
744 1751 805 1787 cui
833 1762 914 1789 sese
953 1751 1132 1799 applicuit
1169 1750 1237 1788 Pe-

122 1817 273 1861 ricles-,³
318 1822 430 1859 Hunc
453 1821 627 1859 'maxime
679 1832 754 1857 eam
791 1820 838 1857 ob
875 1831 1021 1858 causam
1060 1819 1235 1866 audivit,

125 1892 229 1941 quod
287 1892 421 1938 Zeno,
483 1890 705 1928 Dialecticae
774 1890 949 1927 inventor
1007 1888 1099 1937 (3),
1148 1890 1237 1926 'no-

124 1952 235 2002 minis
282 1950 527 2001 celebritatem
579 1960 759 2009 imprimis
804 1959 935 1999 subtili
985 1959 1236 2007 disputatione

1152 2039 1235 2066 nac-

160 2147 214 2184 (ι)
233 2149 325 2177 conf.
348 2150 429 2179 Sc-ct.
450 2150 474 2178 1.
498 2157 530 2183 p.
553 2158 597 2177 η.

159 2204 212 2242 (2)
232 2205 320 2240 Diog.
340 2207 441 2238 Laett.
460 2206 509 2235 IX.
532 2212 627 2239 segm.
650 2213 698 2240 29·
721 2204 807 2233 Sui-d.
830 2204 860 2231 in
876 2210 969 2231 voce.

164 2258 216 2297 (3)
238 2262 322 2290 Sext.
341 2256 429 2297 Emp.
448 2262 513 2291 Lib.
537 2263 558 2291 1.
576 2262 644 2290 adv.
670 2260 817 2295 Logicos,
838 2269 868 2296 p.
892 2266 955 2296 371.
977 2260 1015 2287 A.

1258 247 1359 277 Settio
1371 247 1409 276 11.
1429 247 1454 287 §.
1467 258 1494 277 ο..
