1523 2745
266 223 339 260 230
414 208 667 249 COMM.
721 207 1228 248 LITERARIA.

271 320 373 367 μόνον
396 325 468 364 τοῖς
493 318 704 367 ἀνθρώποις,
729 319 832 358 ἀλλὰ
866 319 925 359 καὶ
951 323 1024 362 τοῖς
1055 320 1139 364 θεοῖς
1172 317 1297 360 διδόναι
1322 315 1373 357 δῖ-

264 387 371 435 unu).

321 488 407 526 Obs.
435 486 518 525 XL.
549 487 819 526 Demosthenes
847 485 916 536 (ι)
943 487 1040 524 hunc
1074 497 1211 523 morem
1252 485 1373 536 publi·

267 571 332 596 cae
356 557 581 596 laudationis
616 557 707 594 solis
744 555 1037 595 Atheniensibus
1067 555 1254 594 vindicat:
1294 566 1369 603 qua

267 627 304 664 in
339 637 377 663 re
412 609 534 673 plures
568 625 639 673 ipsi
668 624 837 663 oblocuti
872 633 989 673 sunt;
1017 625 1112 662 inter
1146 635 1241 673 quos
1268 622 1370 673 fuit,

269 695 333 742 qui
347 705 429 732 eum
447 703 566 731 tamen
578 694 824 731 Romanarum
849 705 969 732 rerum
996 693 1142 730 Inscitia
1165 702 1369 732 excusaret.

267 767 321 803 At
357 763 528 802 Wolfius
562 765 657 812 (2),
711 773 908 812 postquam
945 761 1065 810 dixit,
1116 763 1236 802 nullas
1271 763 1371 810 apud

269 834 516 873 Athenienses
548 833 668 872 fuisse
694 833 901 881 sepulturas
927 832 1123 882 publicas,
1149 831 1222 869 nisi
1244 843 1371 869 eorum

270 904 336 953 qui
369 903 467 941 bello
499 903 754 950 interiissent,
794 901 1072 941 animadvertit:
1114 902 1255 940 Romae
1289 913 1370 939 ora-

268 975 389 1012 tiones
417 973 578 1022 privatas
593 980 759 1020 tanturn,
786 982 861 1009 non
888 972 1057 1021 publicas
1081 973 1190 1023 jussu
1205 972 1367 1021 Populi,

263 1042 386 1080 fuisse
423 1041 582 1081 habitas.
645 1040 833 1079 Funebres
868 1041 929 1080 isti
962 1043 1057 1081 ritus
1093 1042 1249 1091 primum
1280 1050 1370 1091 'post

266 1113 410 1150 Persica
432 1112 526 1150 bella
549 1110 711 1148 instituti
736 1121 851 1158 sunt,
878 1124 917 1149 ac
939 1114 997 1150 lex
1021 1121 1099 1150 tum
1127 1113 1221 1150 lata:
1248 1114 1370 1160 λέγειν

268 1183 441 1229 ἐγκώμιον
475 1187 546 1225 τοῖς
584 1182 734 1230 δημοσίᾳ
774 1183 1000 1229 θαπτομένοις
1037 1185 1117 1228 τοὺς
1156 1183 1368 1232 προαιρεθέν·

271 1266 338 1294 ταις
371 1255 437 1290 τῶν
471 1251 614 1298 ῥητόρων
654 1248 738 1297 (3).
803 1250 939 1288 Utrum
974 1251 1032 1288 hic
1067 1253 1188 1289 honos
1223 1252 1267 1289 ad
1300 1237 1372 1290 Απ-Ι

272 1317 457 1354 temisiun'i
473 1345 486 1364 ‚
553 1317 732 1355 Salamina
778 1317 1014 1366 Plataeasve‚
1066 1331 1112 1358 an
1156 1321 1200 1358 ad
1251 1320 1372 1358 Mara-

269 1387 419 1423 thonem
468 1387 609 1433 caesis,
661 1386 819 1434 primum
866 1388 916 1424 sit
963 1388 1135 1436 habitus,
1189 1389 1370 1428 incertum

269 1465 325 1493 est
352 1457 434 1504 (4).
488 1457 592 1494 Duae
615 1467 658 1493 ex
685 1456 766 1494 istis
797 1455 1015 1495 funebribus
1048 1458 1279 1496 orationibus
1303 1469 1372 1495 no—

269 1527 467 1563 bilissimae
501 1525 609 1563 nobis
645 1535 873 1574 supersunt3
911 1538 1004 1575 quae
1027 1528 1071 1566 ab
1097 1528 1259 1576 antiquis
1285 1540 1370 1577 prae

268 1593 399 1632 ceteris
438 1596 628 1644 ἐπιταφίου
664 1595 772 1642 λόγου
813 1594 962 1633 nomine
1005 1597 1205 1645 appellatae
1249 1606 1363 1636 sunt:

273 1662 504 1712 Thucydidis
532 1662 615 1701 dico
651 1674 692 1700 ae
728 1663 894 1703 Platonis
927 1665 1009 1714 (5).
1063 1665 1168 1715 Quae
1200 1677 1219 1704 a
1253 1664 1369 1716 Lysia

1280 1737 1371 1778 scri-

305 1830 357 1865 (ι)
378 1830 409 1858 ln
429 1830 510 1858 Orat.
528 1828 559 1856 in
576 1829 661 1863 Lept.
679 1835 745 1863 cap.
765 1836 812 1863 ³0·
828 1836 859 1864 p.
880 1835 949 1866 499.
969 1829 1011 1858 R.

306 1885 357 1923 (τι)
380 1887 412 1914 F.
433 1889 472 1914 A.
491 1886 587 1914 Wolf.
608 1885 643 1912 ad
658 1886 747 1913 Dem.
763 1886 786 1915 1.
802 1886 824 1913 l.

301 1943 354 1979 (3)
376 1942 466 1970 Diod.
484 1941 543 1970 Sic.
562 1942 614 1969 XI.
638 1949 685 1976 8³·
711 1956 751 1963 ἡ
773 1940 864 1971 Petit.
885 1941 978 1976 Legg.
999 1943 1064 1973 Δις.
1083 1950 1114 1977 p.
1129 1943 1197 1972 602.
1221 1946 1320 1975 west.

303 2000 355 2036 (4)
377 1999 471 2026 Dion.
497 1997 648 2026 Hal.,Lib.
669 1998 706 2026 V.
724 2005 791 2032 cap.
810 2003 856 2030 ιτ.
874 2005 908 2032 p.
927 2001 995 2033 885.
1020 1998 1056 2028 R.
1084 2013 1129 2022 ν
1159 1998 1242 2028 Nihil
1263 2007 1367 2031 eontra

265 2056 409 2084 disertum
436 2056 530 2082 hocce
558 2053 763 2082 testimonium
784 2056 886 2083 valent
908 2054 987 2083 dicta
1003 2063 1020 2083 a
1038 2055 1218 2085 Philostrato
1244 2057 1368 2087 Hei-oie.

264 2122 331 2148 cap.
350 2113 399 2140 xl.
421 2113 448 2147 S.
465 2121 494 2146 3.
753 2144 755 2147 ι

299 2170 351 2205 (5)
371 2169 468 2198 Thuc.
489 2169 528 2197 11.
555 2174 669 2205 35-47·
698 2168 771 2196 Plat.
794 2167 825 2195 in
850 2168 977 2197 Menex.
1017 2181 1056 2190 —
1089 2167 1282 2209 conjunctim
1313 2170 1363 2199 has

262 2226 418 2254 orationes
447 2225 608 2254 ediderunt
635 2225 814 2253 Denthamus
846 2226 945 2254 oxon.
966 2228 1049 2263 1746.
1076 2225 1187 2255 deinde
1211 2227 1368 2256 Gottlebe·

260 2291 307 2312 rus
331 2283 415 2318 Lips.
443 2285 524 2317 1782.
