1564 2750
325 531 1044 608 OBS'ERVATIONES.

186 1051 286 1111 Obs.
324 1072 356 1111 1.
412 1074 524 1111 Intra
571 1072 717 1122 Olymp.
758 1069 889 1108 LXX.
933 1081 966 1107 1.
1007 1083 1089 1120 sqq.
1144 1071 1240 1108 Nam

134 1151 252 1179 annus
288 1140 370 1189 ipse
419 1149 588 1179 accurate
635 1140 781 1178 definiri
836 1139 983 1186 nequit.
1061 1138 1241 1185 Antiquis

135 1210 384 1260 scriptoribus
410 1211 478 1249 hac
502 1212 548 1249 de
582 1196 637 1248 re'
657 1212 770 1248 altum
813 1219 868 1248 est
909 1209 1127 1256 silentium3
1176 1219 1243 1246 nec

136 1279 209 1316 nisi
257 1281 470 1329 conjectura
510 1280 595 1327 usi,
646 1279 796 1318 Periclis
842 1288 994 1318 aetatem
1040 1278 1246 1316 constitue-

137 1359 177 1386 re
206 1349 425 1397 potuimus:
469 1361 541 1398 qua
566 1350 605 1388 in
637 1361 678 1388 re
714 1361 790 1397 quo
827 1351 938 1388 modo
978 1350 1167 1397 progressi
1195 1348 1245 1387 si-

135 1429 242 1464 mus,
287 1430 387 1456 nunc
430 1430 674 1468 exponamus.
727 1419 859 1458 Utitur
904 1419 1175 1467 Thucydides,
1202 1428 1245 1456 ut

135 1485 231 1525 infra
279 1480 564 1526 memorabimus
613 1489 714 1538 (ι),
767 1488 887 1526 tribus
930 1500 951 1525 a
999 1499 1039 1525 se
1085 1487 1243 1526 invicem

135 1556 429 1605 discrepantibus
455 1558 695 1606 computandi
722 1558 926 1596 rationibus
943 1586 956 1604 ‚
985 1569 1139 1605 quarum
1172 1569 1245 1606 ope

134 1625 283 1665 initium
316 1627 622 1676 Peloponnesiaci
659 1627 746 1666 belli
787 1627 976 1666 definivit:
1019 1639 1040 1665 e
1077 1628 1242 1675 quibus,

135 1697 202 1735 ubi
246 1697 397 1741 Periclis
435 1698 580 1736 obitum
615 1707 903 1745 commemorat,
955 1698 1052 1735 illam
1093 1706 1244 1736 secutus

136 1773 223 1812 est,
262 1778 334 1814 qua
368 1767 523 1815 ponitur
561 1768 649 1806 belli
675 1768 824 1806 initium
861 1768 1010 1807 ineunte
1046 1780 1130 1806 vere
1161 1768 1245 1805 anni

134 1835 245 1885 primi
281 1835 438 1886 Olymp.
466 1838 701 1877 LXXXVII.
728 1839 777 1876 A.
809 1839 857 1877 C.
884 1850 978 1886 431.
1019 1839 1053 1876 E
1082 1838 1247 1875 testimo·

135 1905 199 1944 nio
229 1918 318 1944 vero
350 1908 511 1957 ejusdem
549 1908 808 1957 Thucydidis,
835 1897 1030 1956 per'duos
1063 1918 1179 1945 annos
1211 1916 1248 1945 et

133 1988 198 2017 sex
218 1989 359 2016 menses
383 1978 470 2016 huic
493 1978 593 2017 bello
608 1977 776 2017 interfuit
789 1979 948 2018 Pericles
963 1979 1031 2027 (2)
1045 2006 1057 2026 ,
1088 1986 1129 2016 ut
1149 1989 1247 2016 mor-

1159 2056 1246 2086 tuus

178 2142 231 2177 (1)
253 2143 344 2173 conf.
368 2146 438 2174 Obs.
459 2147 625 2175 XXXVII.

174 2198 225 2236 (2)
248 2199 345 2232 Thuc.
365 2202 407 2231 ll.
428 2210 494 2239 cap.
518 2206 566 2237 65.
