1538 2689
299 183 323 217 4
587 170 1138 210 PROOEMIUM.

297 280 429 328 copiae
456 279 758 327 expeditionibus
784 280 821 317 in
855 279 1080 327 longinquas
1110 288 1224 318 terras
1261 291 1416 329 suscep·

299 350 346 387 tis
384 359 604 397 magnopere
645 350 966 396 distraherentur,
1009 349 1287 397 potentissimas
1322 350 1416 387 civi·

296 428 388 457 tates
434 420 554 457 socias
587 419 878 467 tributa-riasque
903 418 973 457 sibi
1006 419 1284 468 adjunxerunt,
1325 421 1412 457 alias

297 490 406 536 plane
436 490 681 538 subegerunt.
759 490 848 528 Nec
877 489 971 528 foris
1005 498 1148 528 tantum
1185 488 1303 528 crevit
1337 501 1416 526 res-

296 559 473 607 publica,
503 560 568 597 sed
604 560 724 605 urbs,
753 571 874 608 nuper
909 559 1078 598 funditus
1110 571 1269 606 eversa,
1310 558 1416 597 brevi

297 628 463 665 omnium
495 628 532 665 in
569 628 723 666 Hellade
746 629 994 676 pulcherrima
1035 627 1132 666 facta
1164 637 1249 677 est,
1277 627 1418 677 magni-

295 697 621 747 ficentissimisque
652 700 819 738 Deorum
862 700 1013 747 templis
1043 707 1079 736 et
1105 698 1222 746 signis
1258 707 1414 745 ornata3

293 779 334 805 ac
356 768 529 816 Literae,
554 780 648 816 quae
683 769 803 807 adhuc
828 770 951 807 nullae
982 769 1156 816 fuerant,
1189 769 1419 815 simulatque

294 838 542 876 Athenienses
587 839 690 886 pacis
735 839 814 876 otio
853 838 930 877 frui
970 847 1204 887 coeperunt,
1249 838 1419 876 celeriter

295 918 365 944 tam
389 909 481 945 laete
504 909 713 947 floruerunt
729 938 742 957 ,
770 919 812 947 ut
829 918 1093 956 monumenta,
1124 920 1217 957 quae
1240 909 1349 947 nobis
1371 919 1417 946 ex

292 978 379 1021 istis
416 979 651 1027 temporibus
689 989 922 1028 supersunt,
952 980 1141 1027 hodieque
1167 979 1307 1027 optima
1332 989 1418 1016 cen-

293 1057 444 1087 seantur
490 1050 686 1096 exempla,
736 1049 874 1097 quibus
906 1058 942 1087 te
979 1050 1025 1087 ad
1058 1049 1323 1098 perfectionem
1362 1048 1418 1086 in-

291 1118 450 1156 formes0
503 1118 546 1156 In
581 1130 711 1156 causas
751 1126 872 1156 autern
910 1118 1113 1165 inquirenti
1151 1126 1273 1156 tantae
1299 1116 1419 1154 felici-

293 1189 392 1226 tatis'
415 1200 527 1236 atque
560 1188 800 1235 incrementi,
850 1189 957 1236 plura
993 1187 1063 1225 alia
1097 1189 1135 1224 in
1167 1186 1290 1224 animo
1328 1191 1419 1224 su'nt

292 1258 486 1305 habenda·,
513 1259 580 1296 sed
603 1258 785 1296 maximus
817 1258 940 1294 honos
974 1256 1194 1294 tribuendus
1221 1256 1417 1304 praeclar-is

293 1329 367 1366 illis
406 1327 493 1366 belli
530 1327 690 1366 ducibus
727 1339 926 1374 rerumque
963 1326 1200 1375 publicarum.
1238 1327 1419 1366 curatori-

294 1398 395 1444 bus,
425 1409 524 1446 quos
561 1409 605 1435 eo
643 1407 813 1446 ternpore
835 1397 1136 1436 Atheniensibus
1167 1398 1302 1436 habere
1326 1409 1417 1436 con-

292 1467 406 1516 tigit,
452 1479 612 1515 quorum
644 1469 770 1506 laudes
808 1478 999 1516 nunquam
1031 1468 1124 1506 satis
1157 1470 1411 1519 extolluntur,

295 1550 466 1586 quosque
499 1538 603 1576 omni
635 1550 751 1586 aevo,
804 1550 849 1577 ex
890 1538 1065 1576 omnibus
1091 1524 1243 1588 populis
1275 1530 1417 1588 posteri

291 1609 534 1647 admiratione
569 1609 763 1658 prosecuti
814 1619 918 1647 sunt.
997 1609 1181 1656 Perpetuo
1226 1609 1420 1647 celebrita-

291 1679 340 1717 tis
385 1679 584 1726 splendore
625 1678 772 1727 fulgent
806 1678 955 1716 nomina
992 1677 1201 1724 Miltiadis,
1243 1676 1418 1716 Themis·

293 1749 430 1795 toclis,
482 1748 689 1795 Aristidis,
739 1747 927 1786 Cimonis.
994 1749 1044 1785 At
1082 1747 1243 1785 siderum
1292 1748 1418 1786 lumen

292 1819 482 1857 evanescit
513 1819 594 1856 sole
623 1826 733 1856 orto:
768 1826 880 1865 atque
911 1818 966 1855 uti
997 1818 1084 1856 anni
1119 1826 1287 1866 tempora
1322 1817 1417 1856 solis

291 1889 557 1928 lucedefinire
594 1890 787 1935 solemus,
827 1888 996 1926 noctium
1033 1899 1150 1934 vem,
1194 1899 1416 1935 quamquam

292 1970 476 1998 astrorum
495 1960 711 2008 ,splendore
749 1959 1046 2006 magnificarum,
1089 1960 1280 1997 minorem
1302 1960 1418 1997 ratio-

293 2042 375 2068 nem
405 2031 612 2077 habemus3
651 2029 705 2067 sic
737 2030 864 2067 nullus
890 2042 936 2067 ex
965 2029 1039 2067 iliis
1062 2029 1420 2077 qtratuorviri'slnffi

292 2105 376 2138 men'
419 2101 549 2146 aetati,
574 2112 665 2147 ,qua
692 2099 875 2147 vivebat,
915 2101 1082 2148 ·tribuit;
1123 2101 1287 2142 Periclea
1322 2111 1419 2139 vero.

295 2179 412 2208 aetate
441 2170 692 2209 Athenienses
712 2170 756 2207 Jin'
787 2182 947 2214 summo
968 2173 1155 2211 steterunt
1175 2170 1418 2221 -pmsperita-

297 2240 344 2276 tis
380 2240 610 2289 gloriaeque⁴
630 2239 795 2289 fastigio.
1368 2273 1372 2276 .
1396 2260 1398 2263 ⁴

1381 2309 1418 2346 Is
