1502 2767
383 149 970 193 THEOLOGICA.
1186 165 1233 203 57

134 274 318 317 exponat,
358 264 512 304 eundem
538 265 584 302 ad
606 263 793 300 interitum
820 273 925 299 ruere
958 263 1053 300 sinat
1071 290 1083 307 ‚
1125 275 1236 310 quae·

136 349 209 385 que
249 336 327 374 suis
365 344 402 373 et
449 333 549 377 olim*
573 329 719 372 futurae
746 333 955 381 posteritati
986 333 1123 379 debet,
1152 334 1231 372 aliis

136 405 311 445 violentis
343 403 484 443 tradat!
618 416 622 418 ’
771 419 774 425 ·
907 434 909 437 .
1023 416 1027 445 5

127 460 129 462 Ι
183 476 331 526 Quibus
355 476 400 513 de
426 473 545 513 causis
560 503 573 521 ,
603 473 816 521 quicunque
837 472 993 521 principi
1017 473 1231 513 Christiano

133 546 292 584 bellandi
318 545 463 584 veniam
491 555 568 582 non
583 528 787 591 concedat,
801 554 866 581 nec
881 543 1071 581 civitatum
1095 545 1234 593 gravis*-

134 618 268 655 simum
286 615 480 655 consilium
499 643 512 663 ‚
536 626 602 652 nec
616 613 820 653 Christiani
836 613 1014 661 principis
1029 613 1234 652 officiorum

132 688 292 726 indolem
316 687 527 735 perspicere
543 714 555 731 ‚
582 686 645 724 sed
661 684 727 723 Dei
745 683 902 721 consilia
911 681 1036 720 fallere
1051 711 1064 730 ‚
1080 683 1238 722 civitati-

130 756 204 796 bus
231 757 325 794 tnale
355 757 548 793 consulere
568 783 581 802 ,
607 765 719 802 atque
742 754 831 791 adeo
855 753 1026 800 religioni
1059 754 1242 793 Christia-

133 838 200 866 nae
227 838 310 865 sese
343 838 386 864 ex
410 827 562 864 adverso
590 836 805 873 opponere,
831 835 879 862 ex
903 824 1102 872 disputatis
1128 826 1238 875 (cum

137 898 203 936 hae
218 925 232 945 ,
245 906 324 935 tum
336 895 528 945 superiore
541 893 792 943 paragrapho)
819 894 902 930 luce
920 894 1054 932 clarius
1071 904 1236 942 apparet.

234 1029 359 1068 Cuivis
384 1029 458 1066 civi
484 1027 696 1066 Christiano
722 1026 853 1069 bellum
877 1037 1009 1075 gerere
1037 1026 1136 1065 licet.

186 1171 238 1209 At
263 1181 351 1208 vero
377 1170 426 1207 sit
451 1170 522 1215 ita,
549 1169 708 1217 principi
738 1169 952 1208 Christiano
976 1170 1111 1208 bellum
1138 1181 1238 1218 gere-

133 1251 172 1278 re
199 1240 341 1278 licitum
366 1251 475 1286 esse,
504 1252 618 1287 quum
649 1240 711 1277 hic
740 1251 785 1277 eo
824 1239 981 1277 consilio
1009 1240 1238 1278 constitutus

135 1311 224 1357 sit‚·
242 1321 283 1349 ut
308 1310 446 1348 civium
476 1311 559 1360 jura
587 1310 751 1348 vindicet
787 1321 992 1357 eorumque
1016 1310 1127 1348 saluti
1151 1322 1243 1348 con-

135 1383 258 1429 sulat;
287 1391 412 1418 nonne
431 1381 498 1418 alia
519 1392 577 1419 res
600 1392 681 1419 esse
700 1380 847 1419 videtur
861 1408 874 1427 ‚
901 1380 1013 1418 nobis
1036 1380 1246 1428 disquiren-

137 1451 266 1498 tibus,
291 1462 336 1488 an
358 1453 474 1490 cuivis
499 1453 573 1490 civi
600 1451 814 1489 Christiano
840 1450 934 1488 idem
959 1450 1096 1489 liceat?
1125 1450 1247 1490 Suffe-

133 1521 225 1558 cerit
252 1521 391 1559 dixisse
410 1550 421 1568 ‚
450 1521 482 1558 si
506 1520 667 1569 principi
709 1520 926 1559 Christiano
962 1521 1142 1558 concedas
1169 1522 1248 1559 bel-

136 1592 213 1629 lum
241 1603 388 1639 gerere,
415 1600 550 1639 sponte
587 1590 757 1638 sequitur
775 1618 789 1636 ,
816 1602 901 1628 cum
934 1592 1037 1628 solus
1063 1591 1135 1628 hoc
1159 1602 1244 1638 age-

135 1673 175 1699 re
190 1671 346 1708 nequeat
359 1689 372 1708 ,
384 1661 455 1709 ipsi
470 1661 699 1709 reliquorum
713 1660 848 1705 civium
865 1659 1004 1698 auxilio
1027 1672 1123 1708 opus
1147 1672 1240 1698 esse.

136 1731 209 1770 Sed
224 1757 238 1778 ,
276 1742 350 1779 quo
390 1731 596 1769 accuratius
628 1743 685 1768 res
725 1739 878 1779 agatur,
918 1731 1045 1778 potius
1083 1742 1128 1768 ex
1165 1731 1247 1768 offi—

133 1801 298 1848 ciorum,
327 1812 420 1849 quae
453 1801 527 1839 civi
563 1801 779 1849 Christiano
815 1801 1065 1848 incumbunt,
1097 1800 1246 1849 indole,
1286 1851 1289 1853 Α

137 1871 267 1925 sedulo
290 1871 520 1919 inquiramus
535 1900 549 1920 ,
569 1883 657 1910 num
674 1881 711 1909 et
727 1871 813 1908 huic
836 1870 998 1909 bellandi
1023 1870 1129 1908 venia
1151 1883 1246 1910 con-

141 1941 260 1979 cedat.
288 1936 442 1988 Ex’iis,
470 1952 564 1990 quae
579 1943 651 1991 J'am
678 1941 950 1992 disputavimus
966 1969 978 1988 ‚
1002 1942 1162 1989 quisque
1190 1941 1246 1979 in-

134 2012 273 2061 telligit
287 2040 299 2058 ,
315 2013 566 2059 quaestionem
581 2011 680 2049 haud
694 2012 784 2050 adeo
802 2023 884 2049 esse
898 2011 1094 2049 difficiiem.
1123 2012 1217 2050 Nam
1229 2040 1243 2059 ,

140 2092 255 2128 quum
274 2081 428 2119 Ethices
444 2081 678 2120 Christianae
690 2082 857 2120 doctrina
871 2090 1070 2120 sectatores
1084 2083 1214 2120 doceat
1230 2110 1243 2131 ,

142 2150 212 2187 sub
238 2150 462 2199 ‘quacunque
493 2151 638 2200 imperii
677 2151 795 2189 forma
829 2151 1106 2201 magistratuum
1146 2152 1248 2190 dicto

143 2219 387 2262 obediendum
416 2233 520 2270 esse,
550 2223 594 2272 (1
611 2222 710 2260 Petr.
737 2221 785 2260 11.
810 2233 870 2270 13.
901 2223 1015 2260 Rom.
1033 2221 1136 2260 XIII.
1153 2233 1190 2270 5.
1211 2234 1251 2269 7.

1170 2291 1251 2332 Tit.
1280 2285 1286 2293 '
