1502 2767
240 179 311 217 160
461 172 1128 216 COMMENTATIO

231 283 380 334 ligionis
397 285 627 324 Christianae
650 284 855 324 doctrinam
883 286 970 324 haec
995 296 1120 323 revera
1136 283 1346 333 praestitis·-

237 367 277 393 se
301 365 337 393 et
357 364 507 394 eatenus
533 355 629 393 viam
649 355 853 393 munivisse
870 384 883 403 ‚
912 358 986 403 qua
999 355 1190 393 hominum
1204 355 1249 393 de
1266 354 1346 392 bel-

234 427 273 463 lo
297 426 462 474 gerundo
496 425 698 464 sententiae
727 427 1019 464 emendarentur.
1058 425 1173 476 Quod
1196 424 1344 472 quidem

238 504 420 543 quatenus
442 495 632 544 effecerit,
657 497 769 534 altera
793 496 904 545 hujus
927 496 1074 544 Capitis
1102 496 1267 534 sectione
1288 506 1349 534 ac·

236 565 400 603 curatius
425 566 674 604 definiendum
696 574 733 604 et
757 577 802 604 ex
826 566 982 604 historia
1009 565 1243 615 probandum
1263 565 1346 604 erit.

289 635 442 683 Duplex
469 636 530 674 hic
557 645 767 684 spectamus
788 636 987 675 eonsilium
1004 664 1016 684 ‚
1043 636 1241 675 nimirum:
1270 638 1353 687 pri-

239 718 324 752 mo,
347 706 540 744 hominum
568 706 770 745 sententias
796 717 925 744 revera
950 706 1157 744 emendatas
1179 716 1287 752 esse,
1313 715 1351 743 et

239 777 289 813 ita
315 776 463 824 quidem
487 786 528 815 ut
557 787 632 814 non
663 787 819 825 possent
849 787 926 814 non
963 776 1154 814 hominum
1195 785 1352 823 quoque

241 846 285 883 dc
302 847 392 884 bello
412 847 580 896 gerundo
611 843 814 885 sententiae
845 846 1052 894 emendari;
1079 845 1236 893 deinde,
1252 844 1354 882 cerni

242 918 335 954 hanc
369 917 562 955 hominum
592 918 856 955 sententiarum
887 915 1178 955 emendationem
1207 916 1246 953 in
1275 913 1358 953 tali·

242 988 340 1033 bus,
380 998 474 1034 quae
506 998 583 1025 non
613 997 775 1036 possunt
810 999 889 1026 non
920 989 961 1024 in
988 987 1121 1025 bellum
1151 984 1352 1024 beneficam

244 1058 403 1096 maxime
433 1058 509 1096 vim
543 1059 691 1095 habere.

296 1127 385 1166 Nisi
400 1139 456 1165 me
475 1127 596 1165 omnia
620 1126 776 1175 fallunt,
796 1127 1004 1176 Religionis
1026 1126 1258 1166 Christianae
1269 1124 1359 1165 doc-

243 1198 337 1235 trina
364 1196 597 1244 quadruplici
620 1197 761 1234 ratione
788 1196 882 1247 (nisi
906 1197 1011 1234 malis
1038 1198 1113 1234 una
1130 1224 1144 1243 ,
1169 1205 1252 1232 nam
1277 1206 1358 1232 om·

244 1268 304 1305 nia
333 1266 473 1315 reliqua
513 1276 556 1304 ex
589 1267 815 1304 humanitate
852 1265 1046 1314 profluunt
1061 1264 1098 1314 ‚)
1137 1264 1286 1312 effecit,
1314 1273 1357 1302 ut

246 1337 439 1375 hominum
469 1337 515 1374 de
547 1335 645 1374 bello
680 1337 845 1385 gerundo
882 1335 1086 1373 sententiae
1126 1335 1360 1374 emendaren-

246 1418 333 1455 tur,
375 1406 552 1454 quoniam

310 1493 344 1517 1.
387 1479 481 1516 inter
518 1478 687 1516 homines
737 1479 826 1515 tales
873 1476 1088 1514 excitaverit
1133 1476 1360 1522 sententias,

249 1561 369 1597 quae,
425 1550 527 1597 quod
570 1549 616 1587 ad
657 1549 793 1586 bellum
832 1547 991 1595 attinet,
1043 1548 1236 1586 salutarem
1281 1546 1358 1585 vim

251 1628 470 1667 exseruereg,

302 1704 340 1728 2.
368 1688 605 1739 conjunxerit
640 1691 834 1738 populos;

301 1773 337 1810 3.
365 1760 510 1808 imperii
534 1759 696 1806 formas,

301 1844 340 1877 4.
370 1832 468 1879 leges
499 1830 658 1877 denique
685 1839 721 1868 et
753 1829 922 1868 instituta
948 1830 1207 1869 emendaverit.

300 1902 406 1949 Quae
438 1900 582 1949 singula
612 1902 684 1950 jam
716 1908 823 1937 erunt
852 1900 1053 1948 probandai
