1564 2750
70 196 170 227 sectio
182 195 231 224 111.
241 195 267 231 ς.
281 203 310 229 3·

331 142 398 180 128
551 133 1215 177 COMMENTATIO

325 266 410 291 ποτε
445 249 589 296 πάτριον
617 251 860 296 ἡγεῖσθαι
891 253 954 293 τῆς
982 248 1177 296 Ἑλλάδος,
1203 248 1263 288 καὶ
1285 254 1356 293 τοῖς
1375 264 1437 289 τυ·

323 321 452 369 ροὲννοις
507 320 589 367 ὑπὲρ
635 323 698 362 τῆς
740 319 934 366 ἐλευθερίοις
978 319 1292 367 ἀνταγωνίζεσθαι.
1336 316 1434 362 οὗτος

319 391 337 428 ὅ
372 391 471 437 νόμος
501 389 629 437 ἤρξατο
661 390 725 435 μὲν
748 390 820 428 abab
852 388 1058 428 Μιλτιάδου,
1077 388 1264 436 πρότερον,
1291 389 1434 437 ἤκμασε

323 461 359 498 δὲ
385 459 442 498 ἐπὶ
470 459 771 506 Θεμιστοκλέους,
794 459 933 505 κατέβη
960 459 995 497 δὲ
1018 459 1067 501 εἷς
1086 458 1439 507 Κίμωνοι,ἐφυλοὶχ·

324 529 363 574 θη
394 530 429 569 δὲ
453 529 518 568 ὑπὸ
543 528 775 576 Περικλέους,
803 527 1004 574 ἐθαυμάσθη
1032 529 1068 568 δὲ
1101 528 1167 567 ὑπὸ
1188 527 1436 576 Ἀλκιβιάδου.

322 597 366 635 In
392 596 635 644 sequentibus
666 598 712 634 de
747 607 792 634 eo
824 597 928 643 queri
959 596 1112 644 fingitur
1139 596 1440 644 Demosthenes,

324 666 426 715 quod
441 666 644 715 malignitas
670 665 842 704 fortunae
866 674 902 703 et
922 666 1157 714 proditorum
1171 665 1439 704 assentationes

324 736 607 785 prohibuerint,
623 737 824 784 quominus
850 735 1047 774 conatibus
1074 735 1153 773 suis
1178 736 1241 773 illa
1257 735 1440 784 Hegemo-

324 808 382 845 nia
406 808 702 846 confirmaretur.
754 807 1006 873 Agnoscimus
1032 805 1070 844 in
1088 805 1148 843 his
1171 804 1370 854 Sophistae
1386 804 1443 842 in-

324 881 486 927 curiam,
515 878 581 927 qui
605 878 700 915 bella
726 885 855 915 contra
877 876 1058 915 Barbaros
1092 884 1196 925 gesta
1230 886 1313 913 cum
1340 873 1444 923 prin-

326 950 450 999 cipatu
486 947 779 987 Atheniensibus
816 956 998 984 concesso
1030 945 1250 994 conjungit,
1286 955 1355 982 nec
1391 952 1445 981 at-

326 1019 469 1065 tendit,
492 1027 581 1066 post
615 1018 781 1056 Athenas
805 1029 825 1055 a
854 1016 1049 1065 Lysandro
1079 1024 1231 1064 captas,
1259 1013 1446 1062 Hegemo-

327 1088 421 1127 niam
455 1100 474 1126 a
507 1086 806 1125 Lacedaemoniis
837 1085 957 1124 fuisse
994 1085 1189 1123 sublatam.
1258 1083 1332 1121 Sed
1360 1081 1446 1121 talia

326 1157 551 1206 ignoscenda
587 1156 772 1202 Rhetori,
817 1155 884 1203 qui
925 1154 1104 1193 orationis
1141 1153 1287 1192 ornatui
1325 1153 1447 1202 potis-

327 1229 460 1267 simum
491 1227 677 1265 studebat.
730 1225 857 1264 Verbo
875 1227 945 1274 J'am
972 1224 1214 1262 indicavimus
1235 1223 1327 1273 (1),
1355 1230 1445 1270 post

328 1299 540 1337 societatem
578 1297 622 1335 ab
655 1294 948 1334 Atheniensibus
971 1305 1055 1331 cum
1084 1292 1260 1330 insulanis
1287 1291 1445 1338 initam,

328 1369 471 1418 priores
486 1367 613 1417 majori
629 1378 694 1404 sua
716 1364 883 1414 potentia
907 1375 996 1401 usos
1014 1362 1132 1402 fuisse
1148 1390 1161 1409 ,
1188 1370 1230 1400 ut
1246 1360 1444 1399 debiliores

328 1440 400 1479 sibi
426 1438 612 1488 paullatim
634 1436 873 1485 subjicerent.
905 1435 1052 1472 Naxum
1077 1442 1114 1472 et
1127 1431 1293 1471 Thasum
1309 1459 1322 1479 ,
1351 1442 1445 1479 quae

328 1511 469 1547 insulae
506 1519 582 1546 non
617 1507 777 1555 amplius
818 1505 1006 1543 societatis
1044 1503 1244 1552 participes
1276 1513 1356 1539 esse
1378 1513 1446 1540 vo-

329 1581 481 1627 lebant,
518 1589 703 1617 armorum
745 1576 783 1614 vi
822 1575 1072 1624 subegerunt3
1117 1574 1326 1620 multaeque
1355 1570 1447 1609 civi-

331 1661 448 1698 tates,
478 1649 545 1688 etsi
570 1660 647 1686 non
676 1646 907 1692 defecerant,
935 1643 1072 1683 sensim
1107 1645 1152 1682 ad
1186 1643 1335 1682 eandem
1366 1652 1448 1679 sor-

332 1733 403 1760 tem
439 1721 603 1759 redactae
639 1717 803 1756 fuerunt.
869 1716 1038 1754 Multum
1072 1715 1145 1752 hue
1179 1712 1340 1751 contulit
1371 1710 1447 1749 cal-

332 1794 406 1831 lida
438 1791 608 1830 Cimonis
640 1787 767 1837 agendi
802 1786 895 1824 ratio
914 1814 927 1832 ,
961 1784 1140 1823 insulanis
1174 1780 1445 1832 permittentis,

334 1872 375 1900 ut
417 1872 484 1910 pro
535 1858 714 1897 militibus
757 1856 1012 1902 navibusque,
1066 1853 1240 1902 pecunias
1288 1853 1443 1899 darent3

335 1944 411 1980 quo
460 1929 604 1977 effecit,
664 1936 704 1965 ut
753 1926 791 1964 hi
840 1936 914 1962 rem
962 1924 1145 1961 nauticam
1192 1921 1445 1970 negligerent,

1360 1991 1448 2029 dum

377 2113 428 2149 (ι)
449 2112 520 2140 Non
538 2117 601 2144 est,
622 2107 724 2143 quod,
737 2112 805 2141 post
823 2101 1040 2131 Doctissimum
1060 2102 1163 2129 Groen
1183 2108 1242 2128 van
1262 2099 1448 2133 Prinsterer‚

337 2171 373 2198 de
392 2166 622 2197 Atheniensium
641 2161 828 2197 Hegemonia
846 2159 940 2188 fusius
961 2158 1107 2192 agendum
1124 2156 1278 2193 putemiiis.
1320 2158 1386 2187 Nee
1405 2162 1448 2183 ta-

338 2236 406 2256 men
425 2227 514 2255 Doct.
534 2224 601 2253 viro
617 2221 647 2249 in
667 2219 804 2249 omnibus
819 2216 908 2246 facile
923 2213 1105 2246 adsentiaris.
