1502 2767
243 175 290 210 82
463 164 1130 207 COMMENTATIO

246 289 400 327 eamque
435 279 571 323 talem,
620 277 764 324 qualem
802 274 957 314 Ethices
998 274 1234 313 Christianae
1266 274 1356 313 doc-

249 350 344 388 trina
380 348 598 386 condemnat
639 347 773 395 plane,
814 345 906 393 quin
941 345 1115 392 ignorat3
1165 343 1254 382 belli
1300 345 1354 382 ni-

253 420 412 465 mirum,
449 429 494 455 ex
529 415 714 466 perversis
744 414 855 453 animi
898 413 1091 453 affectibus
1145 421 1182 451 et
1221 423 1362 452 concu-

253 487 473 537 piscentiis,
508 497 554 524 ex
578 485 734 531 furore,
767 484 845 533 ira,
881 484 1061 522 vindictae
1095 481 1248 530 studio,
1289 493 1365 520 am-

254 559 428 606 bitione,
462 556 697 596 similibusve
717 554 839 593 causis
870 553 1042 602 oriundi,
1071 552 1175 601 quod
1208 563 1253 590 eo
1274 562 1367 590 con·

252 629 340 668 silio
377 620 547 676 geratur,
575 635 617 664 ut
647 624 738 663 aliae
771 623 941 673 regiones
976 631 1108 661 contra
1134 622 1197 671 jus
1233 620 1368 670 fasque

255 699 369 738 unius
397 696 552 746 imperio
570 694 946 745 subjiciantur-,aliae
966 693 1199 741 spolientur,
1224 699 1262 730 et
1285 702 1371 740 pes-

259 780 342 807 sum
363 768 526 815 .dentur;
554 765 664 820 obliti
683 764 822 802 bellum
844 764 987 813 J'ustum
1011 771 1048 800 et
1078 773 1238 810 aequum
1263 772 1371 809 esse,

256 849 336 887 quo
357 837 494 887 patriae
506 838 588 886 jura
606 863 620 883 ,
637 833 682 874 ab
705 832 787 875 aliis
809 832 947 872 violata
963 860 976 879 ,
993 843 1104 880 quam
1133 831 1313 872 citissime
1335 838 1373 868 et

259 907 558 948 mansuetissime
591 906 657 955 vi,
684 904 751 943 ubi
779 903 884 942 aliter
917 903 997 942 fieri
1029 911 1218 952 nequeat,
1251 901 1375 941 vindi-

259 988 406 1018 centur.

310 1048 390 1088 Has
417 1047 477 1096 si,
503 1046 542 1086 in
560 1044 851 1087 adversariorum
876 1043 1154 1093 objectionibus
1178 1042 1377 1091 exploran-

264 1118 351 1166 dis,
378 1126 568 1156 teneamus
595 1113 1075 1161 observationes‚i11asque
1097 1113 1143 1151 ad
1160 1113 1226 1152 has
1253 1111 1376 1158 exiga-

265 1198 349 1226 mus
366 1214 380 1234 ‚
395 1185 573 1224 refutatio
596 1185 697 1223 haud
717 1184 807 1222 adeo
821 1182 889 1221 erit
902 1182 1060 1222 difficilis
1077 1210 1091 1229 ‚
1104 1190 1141 1221 et
1161 1180 1270 1220 facile
1286 1190 1378 1218 con·

264 1256 379 1295 stabit
404 1267 464 1294 eas
488 1254 679 1296 maximam
711 1262 852 1302 partem
875 1253 1016 1290 nullius
1043 1262 1125 1289 esse
1151 1250 1348 1291 momenti.

315 1325 386 1365 His
400 1323 615 1374 praemissis
630 1351 644 1371 ‚
668 1324 742 1373 iam
766 1322 939 1370 singula,
969 1333 1064 1369 quae
1092 1322 1139 1360 ad
1164 1331 1267 1360 suam
1291 1332 1379 1360 sen-

262 1395 414 1435 tentiam
448 1394 629 1440 afferunt,
657 1394 738 1431 loca
776 1392 868 1440 quid
904 1390 1150 1440 perhibeant,
1188 1391 1379 1439 inquiren-

262 1467 349 1505 dum
380 1473 451 1503 est.
506 1462 656 1514 Quodsi
690 1461 873 1508 facimus,
901 1462 1082 1510 permulta
1120 1463 1202 1500 loca
1239 1463 1377 1504 nullam

263 1546 420 1585 prorsus
454 1533 530 1572 vim
564 1532 727 1579 habere,
765 1539 802 1570 et
838 1531 913 1570 nisi
946 1533 1007 1570 hic
1045 1533 1092 1570 de
1125 1531 1307 1571 industria
1334 1533 1380 1571 de

266 1606 355 1644 belli
388 1604 536 1644 licentia
572 1611 767 1653 ageretur,
805 1601 913 1640 facile
960 1602 1203 1652 praetermitti
1235 1614 1379 1651 posse,

265 1686 310 1715 ut
343 1676 482 1714 dudum
507 1674 679 1712 viderunt
715 1672 784 1711 viri
807 1673 938 1720 docti,
967 1673 1017 1710 ita
1043 1672 1193 1721 quivis,
1219 1673 1290 1713 rite
1323 1673 1381 1712 in-

267 1744 461 1794 terpretari
490 1744 640 1791 sciens,
681 1754 824 1781 mecum
857 1742 1049 1781 fatebitur.
1115 1743 1218 1787 Loca
1251 1743 1380 1783 afferre

269 1817 392 1871 soient
411 1826 495 1853 cum
518 1825 563 1852 ex
583 1813 732 1851 Veteris
749 1841 763 1861 ‚
785 1821 864 1851 tum
892 1825 913 1851 e
934 1813 1039 1852 Novi
1062 1814 1235 1852 Foederis
1257 1813 1378 1853 libris.

271 1886 356 1926 Alia
387 1884 528 1933 aliquid
555 1885 676 1922 valent
696 1911 710 1930 ‚
735 1883 804 1922 alia
829 1883 932 1921 omni
954 1883 1136 1932 probandi
1162 1883 1200 1922 vi
1221 1895 1379 1934 prorsus

270 1965 359 1997 sunt
382 1955 574 1995 destituta.
615 1952 779 1993 Primum
805 1953 1021 1993 videamus:
