1507 2876
271 231 321 268 26
489 225 1158 270 COMMENTATIO

267 340 372 378 Deus
397 337 550 375 omnino
579 348 648 386 pro
676 348 743 374 sua
770 336 998 385 benignitate
1029 348 1070 375 ac
1096 337 1277 386 sapientia
1313 338 1382 378 ho·

268 409 432 447 minibus
459 409 566 446 talem
601 418 750 445 sensum
775 406 921 454 induit,
947 419 1023 454 quo
1054 409 1136 446 loca
1170 416 1381 462 etlamoena

267 488 302 517 et
325 481 464 517 deserta
478 506 490 526 ,
510 480 622 516 immo
644 477 880 524 inhospitalia
896 505 909 524 ‚
925 488 1010 516 cum
1031 479 1225 533 voluptate
1236 490 1277 517 ac
1292 489 1382 517 con-

266 558 372 588 tento
407 550 529 588 animo
554 548 777 586 inhabitent.
831 548 1008 586 Attamen
1033 549 1164 598 religio
1195 548 1381 588 Christia-

265 632 312 658 na
346 621 446 658 hunc
466 630 616 658 sensum
639 617 813 656 nobilitat
841 625 1025 667 augetque
1051 620 1136 668 (1).
1175 620 1218 657 In
1242 631 1383 658 memo·

262 690 355 727 riam
379 700 551 727 revocare
566 689 627 726 illa
637 688 744 738 jubet
757 698 902 726 omnem
919 687 1184 727 beneficiorum
1204 690 1351 739 copiam
1364 717 1380 738 ‚

265 771 375 807 quam
399 772 419 796 a
443 759 594 797 civitate
625 757 783 806 percipit
809 758 938 796 homo.
960 758 1041 807 Jam
1074 770 1095 797 a
1117 768 1242 798 tenera
1264 767 1382 798 aetate

264 829 453 878 particeps
491 830 612 867 evadit
644 828 954 875 commodorum,
995 840 1089 876 quae
1121 830 1246 878 leges,
1273 829 1382 868 insti·

262 908 371 946 tuta,
398 898 621 949 reipublicae
660 898 929 937 administratio
966 897 1139 937 afferunt.
1204 899 1274 938 Ita·
1301 909 1380 948 quo

263 970 381 1019 magis
408 970 642 1018 singulorum
662 970 743 1018 J‘ura
765 968 803 1006 in
833 967 984 1007 civitate
1014 968 1228 1007 Christiana
1253 968 1382 1008 defen-

261 1041 429 1088 duntur,
457 1051 501 1077 eo
521 1038 635 1087 magis
657 1039 891 1087 singulorum
921 1038 1077 1077 felicitas
1104 1048 1274 1088 augetur.
1305 1040 1383 1079 De-

262 1110 378 1158 nique
408 1108 560 1148 civitate
580 1109 780 1157 prudenter
817 1119 858 1146 ac
890 1107 984 1146 bene
1017 1109 1248 1158 gubernata,
1277 1109 1382 1158 quis-

265 1192 341 1228 que
363 1181 486 1218 bonus
512 1178 744 1227 tranquillam
760 1207 772 1226 ‚
791 1189 957 1217 securam
972 1207 984 1226 ‚
1010 1180 1209 1228 iucundam
1225 1208 1240 1228 ‚
1268 1192 1380 1228 quam

262 1258 413 1299 potest,
440 1250 515 1298 agit
538 1249 668 1287 vitam.
698 1249 796 1287 Haec
827 1258 863 1287 et
888 1249 958 1288 alia
983 1249 1093 1287 debet
1117 1250 1210 1288 civis
1236 1251 1381 1290 civitati

264 1333 307 1359 ac
344 1319 621 1369 principisqui
660 1319 695 1356 ei
732 1328 877 1367 praeest
903 1330 1056 1368 eamque
1081 1320 1262 1368 gubernat
1294 1321 1380 1370 (2).

264 1391 439 1441 Quisque
459 1389 573 1438 igitur
589 1417 602 1436 ‚
632 1388 694 1436 qui
720 1388 875 1427 Christo
891 1401 1016 1427 revera
1037 1400 1172 1428 nomen
1185 1390 1309 1438 dedit,
1327 1391 1381 1429 ci-

265 1461 372 1499 vitati
399 1460 634 1509 principique
650 1467 794 1508 gratum
809 1470 890 1497 sese
916 1459 1070 1508 praebet
1092 1471 1133 1497 ac
1150 1460 1243 1497 bene
1257 1460 1378 1509 cupit.

265 1533 358 1571 Non
383 1533 486 1570 decet
502 1530 741 1569 Christianos
765 1531 985 1579 ἀχάριστους
1014 1540 1095 1567 esse
1121 1531 1208 1580 (3).
1248 1530 1383 1569 Chris-

264 1604 388 1642 tianus
422 1613 576 1650 quoque
601 1600 759 1649 gaudet,
795 1610 873 1637 non
902 1607 1046 1638 tantum
1078 1609 1195 1638 semet
1229 1601 1377 1649 ipsum,

264 1675 330 1712 sed
369 1683 499 1710 omnes
531 1671 658 1717 cives,
696 1669 865 1717 amicos,
898 1670 1157 1718 necessarios,
1194 1683 1382 1719 quemque

265 1741 523 1786 carissimum,
564 1750 660 1787 quos
695 1739 956 1786 complectitur
976 1739 1113 1787 patria,
1142 1741 1272 1778 multis
1311 1741 1380 1789 bo-

266 1813 356 1860 nis‚
396 1811 546 1849 civ-itate
581 1820 622 1847 ac
646 1808 813 1858 principe
841 1809 1085 1857 auctoribus,
1121 1809 1281 1848 maxime
1323 1821 1382 1849 re-

1287 1881 1382 1919 dun-

305 1973 546 2011 (1)Pestel.‚
569 1971 691 2000 1.1.11.
711 1978 743 2005 p.
769 1973 837 2002 827.
855 1969 1084 2007 Reinhard,
1102 1974 1377 2008 Proeye,p.108,

270 2041 334 2069 ¹09*

305 2090 356 2128 (2)
376 2090 466 2117 Rom.
482 2086 559 2115 xm.
575 2094 602 2119 3.
623 2092 634 2112 1
653 2083 735 2114 Tim.
753 2085 792 2113 11.
811 2093 840 2119 3.
862 2092 873 2111 1
890 2085 970 2113 Petr.
989 2086 1024 2114 11.
1041 2091 1162 2119 13—17.
1204 2086 1376 2122 Pestel.,

267 2152 289 2180 1.
307 2151 330 2178 1.
350 2151 373 2177 1.
390 2155 420 2181 p.
442 2147 507 2178 178.
529 2145 567 2171 ΙΙ.
585 2151 619 2177 p.
640 2145 708 2178 369.

307 2205 359 2241 (5)
379 2212 390 2232 1
410 2203 492 2230 Tim.
510 2202 547 2229 11.
566 2208 594 2232 3.
621 2213 657 2220 —
685 2199 776 2227 Conf.
797 2197 1028 2232 Reinhard,
1055 2199 1232 2233 Mor.,1ss.
1248 2206 1283 2233 p.
1304 2208 1374 2234 352.

266 2270 353 2298 seqq.
393 2259 506 2294 Digna,
525 2264 601 2292 quae
617 2257 752 2290 legantur
778 2256 815 2283 de
838 2262 921 2290 grato
948 2263 1016 2289 erga
1037 2254 1192 2284 civitatem
1214 2262 1245 2283 et
1261 2255 1376 2292 princi·

267 2327 338 2355 pem
356 2317 602 2353 animo,exstant
619 2313 697 2349 apud
712 2314 730 2342 S
741 2320 758 2342 e
768 2321 786 2342 n
798 2320 813 2341 e
823 2319 839 2341 c
849 2319 865 2340 a
878 2319 907 2341 m
917 2332 927 2348 ‚
947 2312 982 2340 de
1001 2311 1157 2347 benefieiis
1177 2314 1232 2343 IV.
1248 2318 1371 2345 18-20.
