1538 2689
481 127 825 167 MEDICA.
1160 127 1204 164 61

103 248 313 280 usu-tamen
334 237 497 286 practico
533 236 654 275 minus
681 237 804 282 valete,
833 246 987 283 magnus
1015 234 1108 272 enim
1140 235 1208 273 do-

99 310 163 346 lor
185 307 330 352 oritur,
360 305 444 353 quia
469 314 665 353 apparatus
691 315 817 352 magna
841 304 879 342 vi
897 304 997 352 agit,
1014 305 1100 342 dum
1122 315 1211 352 pos-

103 387 188 423 tea,
216 388 298 414 cum
332 374 436 413 filum
464 375 723 423 prolongatum
749 383 804 412 est
821 402 833 420 ‚
862 375 1056 411 relaxatur.
1085 374 1211 421 Scopo

105 447 220 495 igitur
255 447 378 483 minus
415 444 615 492 respondet
648 445 931 482 instrumentum
956 443 1072 489 illud,
1100 454 1213 490 quare

104 516 319 573 ingeniosus
355 515 415 552 ille
450 515 613 562 Kluge
650 514 873 562 excogitavit
897 514 1051 550 alterum
1075 512 1213 550 instru—

106 595 297 632 mentum,
347 596 422 633 quo
458 597 542 622 cum
581 584 706 623 fructu
740 595 831 621 usus
870 591 938 621 cst.
1001 583 1212 631 Apparatus

108 657 186 694 hic·
212 665 375 694 constat.
432 658 475 693 1⁰
517 653 588 702 (ι)
637 666 680 692 ex
723 654 872 691 duobus
913 652 1085 691 frustulis
1127 664 1217 701 qua-

106 725 388 774 drangularibus
414 724 592 773 spongiae
627 735 860 772 compressae
887 733 1029 761 ceratae
1050 724 1219 761 velcon-

107 797 334 845 glutinatae,
388 794 631 843 longitudinis
673 795 829 832 duorum
875 794 936 831 vel
971 793 1080 830 trium
1109 792 1220 841 polli-
1259 842 1261 844 Ι

109 878 223 912 cum,
264 876 421 913 quorum
464 863 679 911 superficies
711 863 883 911 superior
915 871 1029 900 totam
1059 862 1105 900 ad
1136 862 1220 901 lon-

107 935 309 984 gitudinem
337 933 438 971 tenui
461 932 592 970 lamina
618 933 737 979 lignea
764 941 857 969 tecta
885 941 963 969 est:
1009 934 1050 970 20
1079 932 1147 981 (2)
1173 943 1220 971 ex

109 1003 241 1041 bacillo
290 1001 568 1050 quadrangulari
612 1001 736 1049 ligneo
767 1001 1009 1049 longitudinis
1046 1001 1157 1039 unius
1184 1012 1222 1040 et

110 1073 250 1112 dimidii
281 1073 341 1110 vel
366 1071 523 1109 duorum
544 1070 747 1118 pollicum,
775 1070 812 1106 in
834 1070 951 1107 media
973 1078 1094 1108 autern
1117 1079 1221 1118 parte

112 1144 334 1181 rotundato:
392 1141 432 1189 3⁰
472 1152 516 1178 ex
561 1140 697 1184 rebus,
735 1138 873 1186 quibus
914 1139 1097 1177 destinato
1135 1142 1221 1177 loco

112 1214 174 1262 figi
210 1221 363 1262 potest,
411 1222 472 1249 ex.
512 1222 568 1259 gr.
609 1222 652 1247 ex
685 1210 891 1258 emplastris
922 1209 1222 1257 glutinantibm,

115 1283 185 1322 filis
215 1281 432 1331 bombyceis
461 1289 496 1318 et
522 1279 662 1317 fasciis.
1189 1319 1191 1321 ‚

164 1353 264 1391 Usus
300 1352 411 1400 hujus
457 1353 651 1398 apparatus
695 1360 855 1396 sequens
896 1357 976 1385 est:
1027 1347 1222 1386 Ambabus

114 1423 185 1460 illis
222 1421 391 1470 spongiis
430 1419 654 1470 compressis
674 1448 687 1464 ‚
711 1429 832 1466 partes
865 1419 970 1467 juxta
1005 1429 1044 1454 se
1077 1417 1126 1454 ita
1153 1428 1221 1465 po-

113 1501 274 1537 nuntur,
303 1501 343 1528 ut
372 1491 546 1539 ligaturae
575 1489 675 1526 filum
702 1489 739 1525 in
763 1489 884 1526 medio
910 1488 986 1533 sit,
1014 1485 1090 1524 fere
1115 1498 1224 1534 quar·

116 1573 186 1600 tarn
222 1563 281 1600 vel
316 1560 501 1600 dimidiam
541 1568 678 1608 partem
713 1559 860 1607 pollicis
901 1558 945 1596 ab
981 1558 1044 1595 illo
1081 1569 1224 1606 separa-

118 1642 222 1670 tum:
261 1642 361 1669 nunc
396 1641 485 1668 vero
521 1622 728 1678 emplastris
765 1629 988 1677 affiguntur,
1016 1639 1062 1666 ne
1081 1628 1223 1666 dilatari

117 1703 243 1750 possit
270 1701 352 1750 (3).
380 1726 432 1732 --
461 1701 543 1738 Hoc
565 1708 685 1737 autem
719 1710 827 1747 saepe
851 1699 974 1737 locum
998 1698 1131 1736 habere
1155 1709 1223 1746 po-

118 1781 213 1819 test,
266 1762 413 1808 melius
449 1770 561 1818 igitur
614 1777 693 1815 est,
748 1762 907 1806 cuilibet
940 1768 1117 1817 spongiae
1158 1768 1223 1806 fini

118 1843 221 1890 plura
251 1841 309 1879 fila
345 1840 456 1878 lintea
488 1841 544 1877 vel
576 1838 797 1886 bombycina
831 1848 1021 1876 annectere
1047 1837 1131 1885 (4).
1183 1838 1224 1876 Si

1094 1909 1220 1946 eodem

153 2025 203 2062 (ι)
223 2027 340 2061 krist,
362 2029 382 2054 l.
403 2028 425 2055 l.
448 2026 497 2061 fig.
520 2035 548 2060 ³·

160 2082 209 2117 (a)
230 2083 347 2116 Rust‚
369 2085 388 2110 l.
411 2085 432 2111 l.
456 2083 506 2118 fig.
529 2093 559 2119 4.

161 2141 213 2174 (3)
236 2140 354 2174 aust,
375 2139 424 2174 fig.
448 2148 475 2175 5.
496 2140 519 2167 f.

161 2200 212 2234 (4)
236 2198 347 2234 ἔζη-ι.
369 2197 416 2231 fia,
440 2206 469 2232 3.
492 2199 521 2226 h.
546 2205 575 2225 et
595 2197 619 2226 i.
