1523 2745
217 164 266 200 φο
409 148 1072 192 COMMENTATIO

215 261 340 300 denti&
385 260 555 308 factum,·
593 269 635 298 ut
668 261 803 298 multae
840 258 1009 297 civitates
1046 268 1117 306 pro
1153 256 1323 295 navibus

217 339 254 368 et
289 330 409 378 copiis
443 329 634 378 pecuniam
666 328 878 367 conferrent
905 328 990 377 (ι).

269 401 441 447 Denique
464 411 510 437 ne
538 399 629 447 quid
655 399 824 436 omisisse
851 398 1001 446 videar,
1027 398 1148 446 placet
1183 407 1332 435 monere

219 468 338 507 fuisse
364 467 466 508 illum
492 469 599 507 etiam
636 469 731 507 inter
755 476 942 506 curatores
985 479 1139 516 operum
1161 466 1334 515 publico-

221 550 303 576 rum
338 539 554 586 (ἐπιστάτῃ
590 549 625 577 s.
668 540 882 588 ἐπιμελήτοιι
919 543 986 579 τῶν
1011 539 1182 587 δημοσίων
1199 535 1331 587 ἔργων)

221 609 335 656 idque
359 608 536 656 saepius,
576 619 691 656 quum
718 616 754 645 et
780 607 967 655 Lycaeum
1000 608 1079 656 eJ'us
1117 618 1229 655 opera
1267 605 1334 644 ab·

224 679 389 718 solutum
421 678 488 727 (2)
514 678 678 716 tradatur
705 685 743 716 et
769 677 963 715 Minervae
998 684 1155 714 statuam
1188 675 1336 714 Phidiae

222 749 305 796 ipse
333 747 510 786 locaverit
536 748 620 797 (3).
658 748 848 786 Postremo
870 746 1111 785 athlothetam
1138 746 1241 784 illum
1255 756 1337 782 mu-

225 819 387 855 sicorum
423 817 611 856 certamini
641 817 740 865 leges
771 817 978 866 posuisse,
1015 825 1166 856 auctore
1195 815 1340 855 Plutar-

227 888 300 925 cho
326 888 396 937 (4)
412 915 426 935 ,
454 898 566 935 supra
594 887 824 926 monuimus.

722 1045 762 1092 §-
800 1057 842 1084 2.

276 1195 348 1234 His
376 1175 615 1246 praemissis,
652 1197 787 1236 accedo
813 1196 860 1235 ad
897 1197 1114 1246 exponenda
1149 1197 1230 1246 ipsa
1252 1208 1343 1235 con·

227 1264 307 1303 silia
339 1265 490 1303 Periclis
528 1264 679 1314 politica
717 1275 753 1304 et
786 1267 832 1304 ad
868 1267 1132 1317 Judicandum,
1187 1266 1340 1315 profue—

227 1335 348 1372 rintne
370 1335 431 1372 illa
446 1335 731 1373 Atheniensium
762 1335 934 1383 civitati,
961 1347 1029 1374 nec
1049 1347 1119 1374 ne:
1136 1338 1210 1383 qua
1235 1335 1274 1374 in
1299 1347 1340 1373 re

226 1404 320 1442 hanc
347 1403 437 1442 mihi
463 1415 628 1443 normam
658 1393 869 1454 proposui,
910 1416 987 1443 non
1019 1418 1077 1445 me
1102 1406 1168 1444 ulli
1193 1414 1340 1444 senten-

229 1473 300 1511 tiae
331 1473 568 1522 mancipare,
595 1476 659 1512 sed
695 1475 807 1512 libere
833 1486 931 1513 meas
956 1477 1233 1524 qualescunque
1260 1476 1343 1525 opi-

228 1543 360 1582 niones
398 1544 612 1592 depromere
629 1573 642 1592 ‚
669 1545 763 1583 nihil
788 1545 935 1583 silentio
958 1555 1181 1595 prementem
1197 1575 1210 1594 ‚
1239 1548 1342 1596 quod

230 1615 481 1662 perniciosum
500 1614 618 1653 fuisse
642 1615 829 1662 videatur,
857 1616 950 1653 nihil
973 1616 1089 1664 item,
1127 1617 1229 1665 quod
1255 1628 1344 1666 pro·
1373 1631 1377 1636 ⁴

230 1683 392 1721 bandum
434 1693 470 1721 et
506 1684 680 1722 laudabili
717 1685 877 1723 consilio
897 1684 1035 1724 factum
1063 1695 1203 1735 putem.
1257 1687 1345 1725 Uti-

229 1763 310 1793 nam
345 1753 466 1792 videar
503 1766 580 1794 non
610 1756 716 1802 plane
751 1755 958 1805 neglexisse
991 1756 1175 1806 egregium
1204 1756 1343 1796 Heere·

1289 1826 1345 1865 nii

267 1941 321 1978 (ι)
340 1942 418 1970 Plut.
443 1940 523 1970 Cim.
548 1949 595 1971 ιι.
618 1942 714 1971 Thuc.
732 1941 757 1972 1.
777 1951 827 1979 99.
849 1943 894 1971 De
920 1942 1014 1972 auctis
1035 1941 1260 1972 Euboeensium
1287 1941 1343 1971 ui·

231 1997 309 2025 butis
328 1999 431 2026 schol.
452 1997 545 2027 Arist.
567 1999 649 2028 Nub.
673 2008 742 2035 2¹3·

266 2052 318 2088 (2)
340 2053 417 2081 Vide
435 2053 649 2082 Philochorum
670 2056 750 2090 apud
771 2055 909 2091 suidam,
936 2058 987 2084 vel
1012 2065 1044 2091 p.
1081 2063 1127 2090 53.
1156 2056 1231 2086 edit.
1259 2056 1342 2085 Lenz

232 2115 262 2138 et
285 2108 424 2139 Siebelis.
445 2111 489 2137 De
516 2111 601 2139 Odeo
621 2110 700 2139 idem
725 2118 848 2140 testatur
865 2113 948 2141 Plut.
977 2112 1036 2140 Per
1058 2119 1105 2148 14.

267 2163 318 2201 (3)
339 2166 430 2194 Diod.
452 2165 510 2195 Sic.
535 2167 605 2196 XII.
629 2176 677 2205 39.

233 2216 236 2222 '
265 2221 318 2257 (4)
337 2221 415 2249 Plut.
433 2222 501 2251 Per.
525 2231 560 2258 ¹4
