1477 2725
341 182 1102 225 OBSERVAT1oNes
1206 193 1278 232 ιη

169 294 315 334 obitum
328 294 387 333 die
403 295 527 334 salvos
543 294 708 333 Athenas
722 294 885 347 rediisse.
916 293 1064 332 Etenim
1077 322 1089 340 ,
1101 295 1132 331 si
1146 293 1182 330 in
1195 294 1279 330 nul-

167 368 227 404 los
255 365 469 404 incidissent
493 365 649 411 hostes,
678 375 755 402 non
782 373 879 402 esset
906 365 1007 412 quod
1037 364 1275 410 miraremur,

169 447 234 474 eos
260 436 465 474 incolumes
477 435 664 482 appulisse
684 435 728 472 ad
742 434 898 483 patrium
915 435 1062 481 solum3
1081 444 1179 471 nunc
1191 444 1280 471 vero

170 506 342 545 Cimonis
373 515 536 551 nomen,
597 516 704 552 quem
743 505 872 543 Persae
914 505 1032 543 adhuc
1085 514 1281 551 superesse

170 575 390 622 credebant,
412 585 541 613 omnes
556 583 658 612 tanto
689 584 788 612 metu
814 575 996 622 perculit,
1021 582 1063 612 ut
1086 559 1181 611 terra
1206 585 1282 611 ma-

169 645 277 694 rique
291 646 420 683 hostes
433 644 573 683 fuerint
595 644 794 693 profligati.
822 645 1013 691 Fuerunt,
1041 644 1106 691 qui
1121 644 1282 682 Diodori

169 715 390 754 auctoritate
431 714 534 761 nixi,
562 715 850 761 contenderent,
891 715 1083 752 Persarum
1123 725 1276 762 regem,

170 785 274 824 hisce
311 784 417 822 bellis
443 785 661 822 exhaustum
681 813 693 830 ,
721 796 803 822 cum
831 784 1124 822 Atheniensibus
1151 794 1279 832 pacem

168 855 620 903 composuisse,eamque
633 853 752 893 fuisse
778 855 909 892 dictam
927 853 1153 893 Cimoniam.
1181 853 1282 901 Alii,

169 935 218 965 ut>
237 927 456 965 Plutarchus
481 925 550 974 (ι)
566 953 579 971 ,
606 925 808 974 Lycurgus
832 925 900 974 (2)
918 953 931 972 ,
958 932 994 961 et
1023 924 1155 961 Suidas
1183 923 1282 973 (3),

168 999 241 1036 ista
275 997 456 1035 accidisse
499 996 628 1034 dicunt
676 1005 764 1044 post
819 1005 980 1043 pugnam
1019 995 1065 1031 ad
1099 994 1285 1042 Euryme-

170 1069 336 1112 dontem.
369 1068 441 1106 Sed
465 1067 505 1103 in
531 1066 619 1112 his,
650 1075 689 1103 ut
717 1066 789 1114 Jam
827 1076 939 1112 supra
976 1064 1163 1110 indicavi,
1195 1075 1282 1102 cum

158 1140 364 1194 ‘Kruegero
392 1137 546 1174 omnino
580 1135 707 1182 facio3
737 1137 844 1184 qu'us
880 1136 1218 1182 argumentationes
1253 1134 1287 1174 si

167 1207 229 1246 hic
251 1215 416 1256 repetere
447 1206 576 1243 vellem
591 1233 605 1252 ,
645 1205 793 1243 otiosus
813 1204 958 1243 viderer
974 1204 1061 1253 (4).

179 1392 182 1397 ,
222 1349 308 1388 Obs.
340 1350 480 1388 XVIII.
511 1349 597 1387 Nisi
628 1349 821 1386 erraverim
849 1357 1039 1396 statuens,
1060 1361 1283 1398 quamquam

173 1418 210 1457 id
231 1419 445 1458 dubitanter
469 1419 569 1467 feci,
599 1419 775 1457 Periclem
795 1420 934 1468 legatos
962 1421 1066 1457 circa
1091 1421 1180 1458 hacc
1194 1429 1284 1458 tem-

120 1483 122 1485 ’
163 1500 262 1540 pora
278 1501 347 1540 per
360 1490 563 1529 Graeciam
590 1492 729 1528 misisse
742 1505 758 1539 ‚·
785 1489 870 1527 inde
903 1489 1009 1527 etiam
1035 1490 1174 1542 aliquid
1197 1501 1286 1538 pro-

167 1559 255 1597 ferri
282 1569 406 1608 potest
426 1588 439 1607 ,
466 1571 542 1607 quo
566 1571 608 1598 ea
630 1588 641 1607 ‚
671 1572 764 1607 quae
787 1559 826 1597 in
846 1559 1190 1598 fineantecedentis
1218 1560 1287 1598 ob·

165 1630 387 1667 servationis
429 1630 527 1677 dixi,
567 1631 681 1678 magis
719 1631 824 1668 etiam
864 1630 1146 1668 confirmentur.
1213 1631 1283 1669 Et-

167 1700 265 1737 enim
294 1711 372 1737 non
400 1701 598 1738 admodum
636 1700 836 1738 verisimile
871 1709 928 1739 est
947 1727 959 1747 ,
1004 1701 1284 1749 Athenienses,

169 1781 257 1817 pace
290 1781 410 1818 nuper
442 1782 526 1808 cum
567 1771 685 1808 Persis
722 1771 958 1820 composita,
1001 1772 1168 1810 Graecos
1195 1781 1285 1811 con-

169 1851 351 1887 vocasse,
377 1848 419 1877 ut
450 1840 692 1879 deliberarent
718 1841 763 1878 de
793 1841 942 1890 templis
971 1841 1233 1890 urbibusque,
1264 1854 1285 1880 a

1196 1911 1284 1949 Per-

134 2021 138 2024 η
170 2072 173 2075 ,
208 2041 261 2079 (1)
282 2045 357 2072 Plut.
380 2043 411 2070 in
425 2042 502 2072 Cim.
522 2051 588 2078 cap.
607 2051 655 2078 13.
676 2051 708 2078 p.
730 2046 800 2080 486.
819 2044 854 2073 F.
876 2052 922 2079 sq.

210 2098 262 2138 (2)
283 2101 318 2128 In
340 2101 542 2135 Leocratem,
566 2108 594 2130 c.
621 2108 666 2136 17.
688 2108 721 2135 p.
747 2108 812 2136 1⁵7·

206 2162 260 2198 (3)
285 2162 319 2189 ln
339 2171 416 2191 voce
440 2160 564 2201 Κίμων.

170 2250 171 2254 ,
207 2218 259 2255 (4)
280 2220 372 2248 Conf.
402 2221 483 2249 Mus.
513 2221 644 2250 Seebod.
662 2222 798 2257 laud.1,
826 2232 852 2252 2.
878 2230 909 2257 p.
937 2230 1002 2257 205.
1029 2229 1060 2251 et
1088 2222 1227 2254 Wichers
1253 2223 1285 2252 in

169 2275 248 2304 Ann-
270 2275 306 2303 ad
331 2275 451 2311 Theop.
475 2285 507 2312 p.
529 2285 594 2313 219.
610 2285 657 2313 sq.
