1523 2745
241 167 289 213 56
459 159 1121 202 COMMENTATIO

240 285 314 310 rem
344 271 555 319 opprimere
592 281 669 308 non
712 270 857 317 valuit,
887 270 952 308 sed
985 279 1161 308 coronam
1199 279 1350 308 mortuo

241 343 438 389 imponens
470 341 599 378 densas
623 341 735 378 simul
769 342 946 389 lacrymas
967 339 1117 386 effudit:
1149 351 1240 388 quae
1265 351 1351 378 sane

240 420 411 460 paternae
446 410 606 447 caritatis
635 419 745 447 testes
782 411 1026 457 luculentae,
1067 410 1180 458 magis
1216 409 1249 447 ei
1293 411 1355 448 de.

241 481 318 518 cori
349 488 464 527 sunt,
505 492 615 528 quam
659 480 691 517 si
729 480 836 518 siccis
874 482 992 518 oculis
1025 489 1060 517 et
1103 480 1197 517 duro
1232 479 1353 517 animo

242 550 380 588 cladem
407 550 501 587 hanc
528 550 741 597 pertulisset
773 549 934 586 ultimam
975 549 1062 599 (ι).
1114 548 1353 598 Longissime

244 619 306 656 ille
332 619 455 657 aberat
485 619 528 656 ab
567 619 713 667 ignavia
738 627 774 656 et
804 619 986 665 mollitia,
1013 619 1078 656 sed
1109 619 1204 657 idem
1235 619 1356 658 imbu-

245 697 306 725 tus
334 699 423 726 vero
454 688 692 726 humanitatis
728 700 867 736 sensu,
901 688 966 736 qui
991 688 1027 726 in
1055 688 1147 736 ipsis
1182 688 1270 726 belli
1291 699 1356 736 pe·

245 758 372 795 riculis
403 758 497 795 nihil
519 758 710 805 antiquius
737 758 890 805 habuit,
920 770 1027 806 quam
1055 766 1095 795 ut
1122 758 1255 795 milites
1278 768 1357 794 ser-

244 836 346 864 varet
371 828 601 874 incolumes,
632 828 772 875 quique
795 827 1031 877 profecturus
1070 829 1114 866 ad
1147 827 1354 877 bellaKhaec

244 907 369 934 secum
401 896 520 935 dicere
558 896 731 935 solebat:
761 925 792 945 ‚,
820 898 978 945 Cogita,
1005 897 1143 936 Pericle
1160 926 1173 944 ,
1201 905 1236 935 te
1254 896 1358 945 prae·

246 977 327 1005 esse
370 966 496 1004 liberis
543 966 786 1013 hominibus,
837 966 990 1005 Graecis
1043 975 1079 1005 et
1121 966 1358 1005 Atheniensi·

246 1036 317 1074 bus
355 1035 474 1086 (2).”
538 1035 694 1074 Silentio
727 1036 815 1074 item
860 1037 1055 1085 praeterire
1091 1038 1214 1084 nolo,
1255 1037 1357 1084 quod

245 1117 360 1153 quum
388 1105 425 1142 in
455 1106 686 1143 exstruendis
716 1106 931 1154 Propylaeis
957 1107 1132 1154 opificum
1171 1106 1304 1153 aliquis
1337 1117 1357 1142 e

243 1182 344 1211 tecto
372 1175 546 1222 delapsus
578 1175 616 1212 in
641 1186 685 1212 eo
728 1184 852 1222 esset,
881 1185 922 1213 ut
958 1177 1103 1225 jamjam
1128 1185 1354 1222 moreretur,

245 1244 403 1282 Pericles
421 1255 497 1281 non
531 1243 626 1281 infra
663 1244 873 1292 dignitatern
899 1245 1066 1282 habuerit
1087 1273 1101 1291 ‚
1142 1246 1175 1282 ei
1200 1245 1357 1282 remedia

245 1314 328 1351 dare
355 1314 421 1362 (3)
437 1312 579 1360 quibus
607 1313 731 1350 salvus
758 1313 873 1350 evasit
894 1323 904 1350 ι
933 1314 1035 1360 quod
1055 1325 1075 1350 a
1099 1314 1243 1361 populo
1263 1313 1358 1350 divi-

247 1394 297 1420 no
332 1382 511 1419 tributum
550 1381 670 1420 fuisse
704 1381 841 1419 auxilio
866 1408 879 1428 ,
923 1393 1000 1420 non
1028 1391 1083 1420 est
1123 1383 1224 1430 quod
1250 1382 1358 1421 mire-

244 1463 342 1490 mur.

297 1520 449 1569 Sprevit
470 1520 565 1559 idem
595 1521 825 1569 voluptatem
841 1550 853 1569 ‚
880 1533 1002 1569 neque
1031 1522 1079 1560 ira
1103 1522 1149 1560 ad
1176 1522 1355 1572 injustum

246 1590 391 1629 facinus
430 1591 601 1638 abrumpi
636 1603 675 1630 se
707 1603 840 1640 passus
871 1600 953 1629 estz
981 1603 1090 1639 quam
1123 1591 1355 1629 securitatem
1413 1642 1416 1643 ⁷

246 1660 411 1698 omnium
450 1673 611 1699 amorem
644 1663 677 1700 ei
707 1662 948 1708 conciliasse,
980 1662 1269 1710 dignitatemque
1303 1671 1357 1700 at·

244 1731 401 1777 tulisse,
429 1732 513 1778 quis
547 1731 725 1780 negabit?
752 1731 827 1770 Sua
864 1731 977 1779 igitur
1000 1732 1137 1770 virtute
1156 1740 1357 1771 contentus

244 1809 478 1838 contemnere
515 1809 661 1849 poterat
693 1801 919 1839 comicorum
949 1801 1130 1850 imprimis
1155 1802 1356 1841 cavillatio-

1258 1883 1352 1919 nes,

284 2010 338 2047 (1)
358 2009 456 2041 Aliter
483 2014 586 2048 paullo
612 2014 680 2042 Val.
706 2013 792 2042 Max.
813 2015 849 2042 V.
871 2022 915 2044 10.
937 2023 964 2045 1·
988 2020 1019 2043 et
1041 2016 1112 2044 Ael.
1141 2014 1177 2043 V·
1196 2014 1236 2044 H.
1253 2013 1304 2044 IX.
1325 2017 1356 2044 6.

247 2069 296 2103 qui
317 2077 368 2097 sua
382 2070 492 2097 habent
509 2078 525 2097 e
550 2071 702 2099 Plutarch.
728 2072 854 2100 consol.
876 2071 912 2100 ad
930 2070 1148 2106 Apollonium,
1168 2078 1201 2106 p.
1222 2073 1287 2100 118.
1313 2069 1350 2099 E.

251 2127 301 2154 ubi
326 2127 369 2155 cf.
389 2129 544 2161 Wyttenb.
565 2129 633 2157 adn.

284 2184 337 2220 (2)
359 2186 436 2214 Plut.
459 2187 595 2220 Apopht.
613 2194 646 2221 p.
667 2189 729 2217 186.
748 2188 783 2216 C.
807 2187 911 2216 Praec.
934 2185 1100 2221 Reip.ger.
1121 2191 1154 2219 p.
1174 2183 1239 2226 813.
1261 2182 1305 2220 Dp,

288 2239 339 2286 (g)
359 2242 437 2271 Plut.
456 2242 523 2270 Per.
550 2251 595 2277 13.
