1507 2876
346 224 943 266 THEOLOGICA.
1161 239 1205 276 31

101 335 233 376 cendio
265 344 378 385 atque
408 336 518 376 caede
551 336 797 375 contaminata
835 334 1015 384 reliquit,
1064 335 1104 373 in
1146 335 1216 373 ho-

105 407 232 446 mines.
252 407 396 455 saevit,
422 418 531 457 agros
558 407 748 454 devastat,
777 406 888 444 urbes
915 413 1051 443 cremat
1085 417 1127 444 ac
1153 407 1217 444 de-

103 478 336 527 populatur,
377 477 452 517 utri
489 477 632 516 civitati
675 489 786 527 opem
831 476 986 523 afferas,
1031 487 1109 515 non
1150 478 1220 515 du-

103 546 206 586 bium
235 555 308 587 est.
361 547 451 586 Illos
485 547 702 587 innocentes
728 559 806 587 non
837 546 1032 587 defendere
1068 559 1109 586 ac
1140 556 1222 586 tue-

104 616 165 665 ri,
216 617 249 657 si
295 617 421 666 possis
472 618 662 667 nullisque
711 618 791 657 aliis
855 619 983 657 officiis
1045 618 1222 668 impedia-

106 687 158 726 ris
175 714 190 736 ,
239 688 389 726 minime
445 689 621 728 convenit
673 689 840 738 Justitiae
879 700 922 727 ac
963 688 1119 727 caritati.
1166 709 1222 720 -

109 758 193 797 En!
234 758 422 798 hominem
455 759 597 808 magnis
629 759 768 808 ingenii
803 759 956 798 dotibus
986 760 1221 808 praeditum,

109 828 212 867 omni
262 837 383 867 autern
432 829 591 868 malitiae
636 830 823 878 deditum,
868 828 940 879 ¹qui
985 842 1107 871 rerum
1155 844 1224 881 po-

108 898 229 947 titus,
253 907 297 938 ut
325 900 485 949 primurn
521 911 603 939 sese
625 912 695 938 suo
722 901 866 949 populo
901 903 1096 950 extulerit,
1132 904 1226 952 Jam-

113 969 187 1020 iam
223 969 341 1008 avidis
387 969 554 1007 adoritur
576 970 673 1018 salias
714 978 842 1018 gentes
883 971 1016 1019 armis,
1064 974 1230 1021 populo-

112 1045 211 1078 rum‘
235 1038 480 1088 religionem,
508 1050 656 1087 mores,
683 1040 807 1088 leges,
835 1040 1033 1089 instituta,
1062 1043 1227 1090 gentium

112 1108 262 1148 foedera
279 1138 294 1158 ,
353 1108 542 1148 literarum
592 1109 734 1147 cultum
785 1118 904 1148 mutat
920 1138 934 1159 ,
994 1113 1229 1162 corrumpit,

115 1177 341 1227 perfringit,
380 1176 516 1227 perdit.
591 1178 719 1227 Quum
757 1179 875 1217 adhuc
919 1191 1011 1228 pace
1044 1183 1231 1231 gaudeaS,

115 1248 281 1287 attendas
323 1257 472 1297 tamen,
525 1248 620 1286 hanc
662 1251 823 1297 molem,
867 1251 1034 1299 undique
1084 1252 1230 1292 viribus

117 1319 313 1366 collectis,
342 1327 493 1368 repente
521 1318 560 1357 in
585 1319 765 1367 patriam,
800 1319 856 1358 uti
886 1320 1023 1359 flumen
1048 1323 1093 1361 de
1112 1334 1232 1373 rupe,

118 1397 372 1439 protuturam.
437 1389 500 1427 Ne
523 1388 672 1428 dubites
698 1389 836 1438 igitur,
875 1391 966 1439 quin
1001 1393 1066 1431 has
1104 1403 1234 1442 gentes

121 1460 232 1499 armis
260 1458 463 1506 defendas,
490 1458 629 1507 quibus
651 1467 794 1497 tantum
821 1459 1017 1499 defendere
1035 1463 1161 1510 possis
1198 1465 1236 1502 in

122 1531 219 1570 istos
250 1530 395 1569 hostes.
446 1528 545 1568 Nam
572 1539 685 1577 supra
702 1530 776 1579 Jam
801 1529 990 1579 vidimus,
1018 1533 1235 1572 Christiano

127 1613 232 1640 suam
268 1600 455 1639 civitatem
490 1598 703 1638 defendenti
732 1600 886 1639 omnino
910 1601 1049 1651 licere,
1091 1613 1127 1642 et
1159 1617 1235 1644 rem

124 1672 346 1710 contrariam
366 1671 528 1710 maxime
550 1670 596 1708 ab
620 1670 751 1709 officiis
766 1670 977 1711 abhorrere.
1006 1691 1045 1700 —
1072 1674 1158 1713 Alia
1181 1688 1237 1715 re-

127 1750 240 1791 putes
256 1769 270 1789 ,
297 1752 450 1788 quaeso.
505 1740 669 1780 Omnino
703 1740 813 1790 licet,
841 1742 896 1781 uti
916 1755 1029 1793 supra
1046 1744 1208 1785 vidimus
1223 1777 1237 1796 ‚

127 1813 227 1851 illam
258 1811 442 1850 civitatem
481 1822 562 1850 sese
594 1811 633 1850 in
666 1812 796 1850 hostes
812 1812 913 1852 istos
934 1814 1044 1853 armis
1068 1816 1257 1856 defende-⁷

128 1895 198 1933 τες
227 1885 287 1922 cui
303 1881 418 1932 igitur
439 1882 473 1921 si
491 1894 601 1931 opem
621 1882 752 1922 afferas
766 1892 966 1932 armatam,
993 1897 1071 1924 non
1095 1895 1238 1927 tantum

131 1955 347 1994 innocentes
359 1965 446 2002 prae
457 1953 607 2003 injustis
621 1953 787 1992 defendis
798 1984 811 2003 ,
822 1956 887 1993 sed
902 1967 976 1994 rem
992 1969 1144 2006 quoque
1153 1971 1241 2007 pro-

132 2036 261 2064 moves
284 2025 385 2062 haud
408 2023 587 2062 illicitam.
615 2024 745 2072 Itaque
759 2052 773 2072 ,
789 2026 862 2063 nisi
877 2026 958 2064 aliis
982 2027 1113 2066 officiis
1135 2028 1241 2078 fungi

133 2095 266 2134 debeas
284 2123 297 2142 ,
318 2094 375 2133 his
403 2093 558 2133 infirmis
584 2094 712 2133 deesse
741 2095 845 2132 valde
868 2096 1046 2145 dedecet3
1076 2099 1161 2138 dees
1186 2111 1243 2138 re-

136 2177 222 2204 vera
236 2193 248 2213 ,
263 2173 304 2203 ut
322 2165 484 2214 primum
504 2174 580 2202 non
591 2176 688 2203 arma
700 2165 845 2216 capias3
874 2167 1009 2214 quodsi
1031 2179 1108 2206 non
1131 2181 1214 2218 agas
1227 2199 1241 2218 ,

139 2235 225 2273 dum
236 2235 383 2284 possis,
395 2235 620 2282 etrelinquis
637 2246 712 2273 rem
722 2224 975 2275 innocentium
995 2247 1031 2276 et
1045 2238 1147 2278 faves
1157 2241 1246 2279 hos-

141 2305 232 2344 tium
265 2305 464 2355 injustitiae
502 2316 543 2343 ac
570 2305 794 2353 improbati,
833 2307 959 2345 saltem
987 2309 1107 2346 eadem
1135 2310 1248 2348 ratio-

1199 2391 1244 2418 ne
