1523 2745
425 171 937 215 LITERARIA.
1193 178 1245 215 29

134 289 340 335 urbemque
357 287 481 325 denuo
495 284 691 324 obsidione
703 282 834 330 cingit,
850 280 985 318 malens
999 287 1076 316 eam
1090 284 1248 324 sumptu

132 367 171 397 et
182 368 349 407 tempore
363 385 376 404 ‚
410 368 517 405 quam
534 355 715 404 sanguine
731 362 767 390 et
781 352 937 399 perculo
957 348 1092 387 civium
1111 357 1254 395 capere,

133 426 299 467 Tandem
316 455 329 474 2
357 438 471 474 quum
511 424 668 463 militum
692 422 875 460 alacritate
901 419 1069 458 resistere
1105 416 1253 456 diutius

134 509 212 537 non
235 505 366 547 posset
383 524 396 543 ,
424 494 638 533 exercituin
659 503 746 530 octo
759 499 882 540 partes
907 489 1030 527 diviso
1054 486 1252 525 machinis-

136 580 209 616 que
220 567 365 605 bellicis
386 574 475 604 tunc
493 565 652 613 primum
668 561 843 600 adhibitis
862 560 931 608 (1)
949 587 961 604 ‚
991 559 1087 596 illam
1108 565 1252 604 expug-

133 639 259 686 navit,
289 637 510 683 Samiosque
542 646 582 673 se
605 633 735 672 dedere
775 630 899 679 coegit
936 629 994 667 his
1021 625 1248 665 conditioni-

131 709 234 757 bus,
261 718 303 746 ut
328 718 455 745 muros
474 707 558 743 solo
590 711 812 751 aequarent,
840 711 952 738 naves
988 698 1171 736 traderent
1208 704 1246 733 et

130 791 191 819 cc.
224 779 359 817 talenta
383 788 453 826 pro
492 774 580 813 belli
602 772 834 822 sumptubus
860 769 970 808 variis
1003 765 1249 817 pensionibus

130 850 321 888 solverent
345 846 428 896 (2).

178 921 224 959 In
248 920 321 958 hoc
361 917 461 957 bello
498 916 672 963 utrinque
703 924 846 953 summa
880 907 1034 949 saevitia
1073 905 1244 955 captivos

131 989 335 1029 affecerunt
348 1002 362 1038 ς
375 988 440 1027 sed
461 998 538 1025 non
558 997 638 1024 esse
652 1014 665 1033 ‚
683 984 787 1032 quod
811 982 918 1020 fidem
944 979 1146 1017 habeamus
1170 977 1252 1015 Du-

130 1059 202 1098 ridi
228 1058 352 1098 Samio
372 1087 385 1106 ,
423 1056 573 1096 Periclis
605 1055 711 1093 etiam
756 1061 844 1101 post
869 1049 1064 1090 victoriam
1090 1045 1251 1084 crudeli-

127 1138 238 1168 tatem
268 1127 519 1173 memoranti,
560 1125 649 1163 satis
682 1124 838 1162 declarat
877 1132 962 1158 cum
1002 1118 1159 1156 aliorum
1194 1116 1246 1155 si-

127 1199 282 1239 lentium
303 1227 316 1247 ‚
343 1206 379 1236 et
404 1195 593 1236 Plutarchi
617 1193 821 1238 refutatio,
851 1200 931 1229 tum
959 1188 1030 1228 viri
1055 1187 1199 1226 animus
1224 1197 1246 1224 a

126 1270 193 1309 tali
227 1281 292 1317 re,
319 1277 362 1307 ut
384 1267 450 1316 qui
473 1266 629 1305 maxime
654 1263 811 1301 alienus.
866 1261 1038 1308 Ineptum
1071 1256 1243 1296 Alexidis

128 1340 241 1380 Samii
264 1346 516 1378 commentum
536 1334 605 1386 (3)
632 1335 679 1372 de
704 1332 844 1380 templo
873 1330 1031 1368 Veneris
1053 1340 1098 1366 eo
1126 1327 1165 1365 in
1190 1328 1246 1365 lo-

126 1423 172 1450 co
209 1423 231 1449 a
266 1407 546 1452 meretricibus,
575 1415 668 1454 quae
700 1399 929 1451 expeditioni
963 1396 1237 1443 interfuerunt,

123 1480 314 1521 aedificato
342 1491 387 1517 ex
427 1485 584 1526 quaestu
600 1503 614 1523 ‚
652 1484 763 1522 quem
789 1481 948 1519 corpore
980 1467 1211 1516 quaesierant
1228 1494 1242 1513 ,

124 1563 174 1592 ne
207 1547 429 1589 refutatione
461 1547 608 1595 quidem
636 1544 788 1592 dignum
812 1550 1022 1579 censemus.

174 1620 333 1663 Pericles
358 1619 526 1658 Athenas
567 1615 682 1653 redux
711 1610 910 1659 exsequias
942 1618 1136 1647 caesorum
1172 1617 1239 1655 pa-

1190 1687 1247 1714 ta·

163 1861 219 1898 (ι)
240 1858 333 1888 Diod.
354 1856 414 1887 Sic.
443 1857 508 1886 XII.
541 1860 589 1886 28.
620 1854 671 1884 Cf.
688 1854 790 1883 Schol.
817 1852 852 1880 ad
886 1848 1046 1882 Aristoph.
1077 1846 1170 1879 vesp.
1208 1850 1241 1872 va

123 1927 190 1956 283.
217 1919 296 1951 Plin.
331 1920 373 1949 H.
398 1920 436 1948 N.
474 1918 541 1946 Vll.
570 1919 618 1951 56.
650 1923 668 1944 a
699 1913 817 1942 Pericle
842 1909 932 1939 tradit
959 1909 1099 1938 inventas
1118 1904 1242 1946 χεῖρας

121 1982 256 2026 σιδηρᾶς
280 1986 303 2014 i.
325 1992 354 2013 e·
382 1992 500 2018 uncos,
519 1981 585 2012 sive
611 1988 715 2009 manus
739 1979 875 2013 ferreas,
897 1984 970 2011 quas
988 1973 1132 2004 classiarii
1150 1973 1182 2001 in
1197 1979 1240 2001 ta-

122 2044 262 2074 tabulatis
280 2040 423 2072 collocati
443 2040 475 2069 in
491 2047 583 2068 naves
600 2037 729 2067 hostiles
748 2035 951 2069 conjicerent.

161 2101 214 2138 (2)
235 2101 317 2130 Plut.
345 2100 417 2129 Per.
434 2100 486 2128 26.
511 2097 537 2125 f.
564 2096 656 2124 Diod.
674 2094 734 2123 Sic.
759 2095 782 2122 1.
809 2101 838 2121 c.
876 2094 915 2121 At
932 2089 1004 2118 vide
1031 2089 1186 2124 Nepotem
1202 2087 1235 2115 in

125 2156 262 2187 Thimot.
281 2159 313 2186 h.
335 2164 362 2185 1.
382 2154 470 2189 cujus
490 2154 581 2183 fidem
601 2152 755 2188 potiorem
775 2149 889 2184 judicat
912 2146 1088 2177 Boeckh.d.
1108 2145 1239 2176 Staatsh.

120 2216 149 2244 d.
165 2215 236 2245 Διὶ).
255 2214 277 2243 1.
296 2222 327 2248 p.
345 2219 412 2245 312.

163 2277 214 2315 (3)
237 2272 394 2308 Servavit,
417 2274 475 2308 qua
492 2278 536 2301 est
558 2268 668 2299 malitia
681 2290 689 2305 ξ
709 2268 883 2297 Athenaeus
897 2264 973 2292 Xlll.
993 2269 1058 2297 572.
1078 2262 1110 2292 1³,
