1523 2745
285 180 359 223 2'2'4
439 175 1258 219 COM-M.L1TERAR1A.

279 284 456 323 Aelianus
492 286 684 333 perhibet3
725 284 881 324 fortasse
917 295 1103 334 posterlor
1134 288 1267 336 priorIs
1299 300 1388 337 pro-

279 355 532 402 positionem,
582 357 626 393 ad
671 366 798 394 omnes
845 357 1012 404 captivos
1052 358 1219 406 cujusvis
1265 359 1384 407 gentis

281 435 533 473 spectantem,
571 427 616 462 ad
652 427 851 474 Aeginetas
889 428 1092 465 restrinxit.
1144 426 1411 467 Lacedaemo-'

279 495 333 533 nii
359 496 504 533 exsules
532 504 782 543 exceperunt3
811 496 933 543 iisque
965 496 1150 544 Thyream
1177 497 1384 546 oppidum,

275 565 315 603 in
352 565 524 603 confiniis
563 565 753 613 Argolidis
789 567 899 602 situm
921 593 933 611 ‚
975 560 1206 604 incolendum
1249 567 1388 615 permi-

273 644 430 682 serunt,
484 635 550 672 ubi
590 634 800 672 habitarunt
840 646 958 682 usque
990 636 1036 672 acl
1067 636 1233 683 cladem,
1271 648 1381 684 quam

271 704 516 742 Athenienses
542 715 561 741 a
585 704 782 752 Lysandro
809 706 853 742 ad
875 706 1000 752 Aegos
1030 695 1204 743 Potatnos
1230 717 1380 754 accepe-

267 782 357 812 runt
393 776 477 824 (1).
527 774 683 812 Coloni
709 774 762 811 ‘ab
798 774 1092 812 Atheniensibus
1123 774 1162 812 in
1199 775 1378 823 Aeginam

1292 857 1380 883 mls-

263 953 496 982 confundendus
514 961 582 982 cum
600 955 753 982 Archonte
769 957 806 983 Α.
823 955 860 983 C.
881 961 947 990 459·
976 955 1065 984 Conf.
1084 955 1215 984 wessel.
1234 955 1271 983 ad
1281 954 1375 985 Diod.

264 1011 329 1040 XII.
358 1021 406 1048 44.
437 1010 487 1040 n⁰.
518 1021 545 1041 2.
588 1026 624 1033 —
660 1012 741 1039 Huic
768 1019 801 1039 se
837 1011 984 1046 opposuit
1017 1013 1204 1047 Muellerus,
1233 1010 1263 1039 in
1297 1000 1376 1041 libro

263 1069 513 1103 Aegineticorum
533 1078 563 1103 p.
580 1070 631 1098 180
663 1076 731 1103 sqq.
756 1069 811 1096 Sed
831 1067 903 1095 etin
922 1067 986 1096 aliis
1006 1077 1021 1096 a
1038 1076 1113 1096 vero
1133 1069 1283 1096 aberrasse
1300 1067 1374 1095 mihi

267 1126 388 1162 quidem
409 1125 546 1158 videtui-3
579 1132 666 1159 quem
693 1133 791 1152 autem
812 1124 836 1152 si
855 1124 954 1153 dedita
981 1131 1072 1158 opera
1096 1125 1227 1152 refutare
1261 1124 1376 1154 voluis-

263 1191 347 1218 sem,
365 1183 399 1210 ab
416 1189 589 1216 argumento
607 1182 694 1209 uirnis
711 1182 853 1209 recedere
870 1182 995 1209 fuissem
1014 1188 1155 1214 coactus;
1178 1181 1373 1216 quamobrem

262 1238 347 1272 ejus,
376 1246 407 1266 ut
432 1238 504 1266 mihi
529 1246 611 1266 certe
636 1238 797 1272 videntur,
829 1246 946 1266 errores
974 1238 1064 1265 tacite
1089 1239 1249 1265 emendare
1282 1245 1372 1265 cona-

257 1303 304 1324 tus
329 1303 404 1323 sum.
449 1296 500 1323 Sic
528 1302 558 1322 et
586 1296 658 1322 haec
685 1294 783 1322 omnia
811 1295 949 1321 fabellam
983 1301 1092 1327 vocat,
1122 1300 1153 1321 et
1183 1293 1213 1320 in
1249 1297 1372 1328 Wesse5

258 1352 385 1386 lingium
415 1352 555 1385 insultat,
585 1351 660 1378 nihil
686 1359 741 1385 pro
769 1358 820 1378 sua
846 1349 998 1378 sententia
1023 1350 1168 1385 afferens,
1197 1351 1280 1385 quod
1307 1358 1369 1378 non

256 1409 347 1437 facile
384 1408 522 1442 redargui
557 1408 663 1441 possit.
725 1406 783 1442 Qui
818 1406 876 1440 jam
909 1414 994 1434 antea
1025 1407 1143 1435 scilicet
1178 1417 1240 1435 rem
1273 1409 1368 1443 ipsam

250 1456 458 1498 refutaverat,
499 1464 610 1491 nullius
639 1463 721 1492 ducit
746 1463 836 1498 pretii
864 1463 991 1498 obloqui
1023 1466 1172 1499 testibus,
1203 1465 1284 1492 uude
1316 1474 1369 1494 sua

252 1509 341 1550 habet
379 1522 515 1555 cognita:
549 1522 601 1548 sed
627 1528 738 1548 tautum
773 1522 875 1548 locum
909 1528 925 1548 e
956 1516 1168 1555 Xenophontis
1197 1523 1364 1552 Hellenicis

254 1580 326 1608 Lib.
348 1580 388 1608 ΙΙ.
414 1589 439 1608 1.
511 1587 557 1612 31.
581 1578 721 1610 adducit,
750 1579 785 1605 ad
808 1578 1012 1612 probandum,
1042 1578 1094 1613 id,
1126 1580 1208 1613 quod
1227 1579 1366 1609 fabellam

256 1645 365 1670 vocat,
389 1637 458 1664 inde
477 1644 560 1664 suum
573 1643 672 1664 ortum
689 1635 807 1669 cepisse
832 1635 888 1662 Sed
904 1634 984 1662 idem
1002 1635 1055 1662 ille
1073 1637 1159 1664 locus
1168 1638 1365 1665 vehementer

254 1702 363 1729 pugnat
390 1702 445 1728 pro
472 1700 571 1720 nostra
597 1692 762 1720 sententia:
784 1691 859 1718 nihil
885 1690 965 1719 enim
990 1691 1081 1726 magis
1107 1691 1137 1719 in
1159 1700 1280 1727 promtu
1299 1700 1365 1727 est,

256 1759 344 1786 quarn
366 1759 394 1778 ur
417 1752 519 1778 hostes
540 1748 774 1776 Atheniensibus
801 1748 990 1784 objicerent,
1013 1756 1088 1782 eos,
1116 1750 1278 1778 dummodo
1302 1749 1366 1778 vic-

254 1817 334 1837 tores
370 1808 554 1840 evasissent,
591 1805 729 1839 captivos
764 1804 898 1832 manibus
938 1805 1051 1832 dextris
1089 1805 1257 1839 privatin-os
1290 1806 1366 1835 fuis·

252 1874 283 1894 se
326 1866 397 1892 Dux
424 1865 535 1898 quippe
564 1870 624 1889 erat
650 1862 729 1889 idem
761 1861 930 1896 Philocles,
959 1861 1010 1895 qui
1036 1863 1070 1889 B.
1098 1863 1127 1889 Ρ.
1155 1861 1243 1890 initio
1272 1865 1364 1891 Athe-

254 1921 408 1950 niensibus
434 1926 637 1955 persuaserat,
667 1926 699 1946 ut
729 1918 882 1946 Aeffinetis
907 1920 1010 1952 pollex
1043 1918 1240 1952 adimeretur;
1272 1927 1360 1955 atque

253 1979 451 2007 Athenienses
488 1977 517 2003 iu
554 1976 606 2003 illo
632 1976 712 2002 bello
746 1974 804 2007 jam
837 1974 955 2009 saepius
997 1975 1208 2010 ostenderant,
1239 1983 1271 2003 se
1299 1984 1361 2005 non

247 2037 376 2062 multum
393 2034 428 2061 ab
447 2033 496 2060 illa
519 2031 641 2060 saevitia
659 2031 830 2064 remisisse,
853 2031 1016 2058 Meliorum
1033 2040 1065 2060 v.
1084 2040 1111 2060 c.
1132 2031 1363 2061 scionaeorum-

251 2100 309 2126 que
337 2089 494 2124 suppliciis
522 2089 639 2123 (Thuc.
658 2089 694 2116 V.
713 2081 752 2121 ξε
785 2087 891 2121 ιιό.>;
922 2087 993 2120 quin
1024 2087 1103 2115 idem
1130 2088 1181 2115 ille
1212 2088 1362 2118 Philocles

252 2156 366 2183 nuper,
385 2154 460 2181 quos
484 2155 499 2173 e
526 2146 639 2173 duabus
666 2144 790 2172 navibus
816 2151 939 2179 ceperat
964 2144 1074 2179 vivos,
1097 2153 1201 2174 omnes
1226 2146 1262 2174 de
1285 2154 1359 2181 rupe

254 2206 442 2239 dejiciendos
469 2210 639 2230 curaverat.

290 2261 342 2300 (ι)
365 2262 462 2289 Thuc.
480 2268 508 2287 et
530 2259 620 2287 Diod.
644 2260 678 2286 ll.
695 2259 732 2286 :td
756 2265 869 2285 texmtn
896 2265 943 2285 cc.
960 2265 1005 2278 -ο
1027 2257 1111 2285 Paus.
1133 2257 1271 2288 Corinth.
1293 2266 1360 2294 cap.

1313 2326 1363 2352 ²9·
