1502 2767
266 154 338 190 114
490 134 1157 178 COMMENTATIO

267 252 395 299 doque
422 248 586 289 restitit?
614 259 660 287 ex
682 248 743 285 illa
765 255 903 286 mutata
929 246 1122 285 civitatum
1145 245 1388 292 ratione5sne

267 321 336 360 alia
349 319 494 359 afferam
508 348 520 367 ‚
538 327 660 357 ortum
673 317 815 355 ducunt
827 316 972 365 copiae,
985 316 1149 354 mercede
1162 317 1384 363 conductae,

267 402 364 441 quae
385 389 538 440 publice
561 390 725 427 aluntur.
778 387 879 425 Haec
895 395 993 424 ‘sane
1016 385 1386 424 institutio'multut'n

266 461 429 500 contulit
457 460 504 498 ad
536 458 675 496 bellum
699 456 935 505 fugiendum.
965 473 1019 488 ⁶-—
1054 457 1135 494 Hac
1164 455 1203 493 in
1228 467 1269 494 re
1297 455 1389 494 Hie·

266 531 430 570 rarchiae
466 540 544 567 non
582 539 670 567 suae
705 527 937 574 denegandae
966 536 1055 565 sunt
1090 528 1233 566 laudes.
1265 527 1387 566 .Cum

264 601 389 640 medio
421 611 514 638 aevo
539 599 700 637 Barones
724 597 988 646 principesque
1027 596 1197 636 bellando
1220 596 1389 645 indulge-

265 682 307 709 re
326 670 540 719 coepissent
555 697 570 716 ‚
583 668 724 708 Clerici
746 679 827 706 sese
849 667 935 705 belli
949 669 1064 705 amori
1093 676 1354 716 opposuerunt
1373 693 1387 715 ,

263 741 305 780 in
317 741 477 788 duellia,
493 741 587 778 bella
607 739 751 787 privata
774 737 983 786 similiaque
997 737 1251 785 ,monitorum
1264 736 1388 778 consi-

262 812 477 860 liorumque
512 820 614 859 ope,
642 818 811 858 egerunt.
830 831 841 836 -
867 808 929 846 Sic
963 808 1002 846 in
1034 808 1168 847 Gallia
1201 807 1388 857 Episcopi

264 894 310 920 ex
359 881 590 930 synodorum
634 879 791 917 decretis
830 878 1116 926 denuntiarunt,
1169 879 1381 918 Batonibus

261 951 442 1000 aliisque,
482 951 556 989 nisi
587 950 793 988 simultates
829 951 1086 998 deponerent,
1127 952 1256 989 saltem
1296 952 1381 1001 nul.

261 1023 296 1060 la
327 1021 402 1060 sibi
436 1021 596 1059 invicem
642 1020 736 1058 bella
764 1019 904 1058 inferre
930 1022 1043 1058 licere
1077 1020 1163 1058 inde
1197 1032 1218 1059 a
1255 1021 1383 1060 Satur-

260 1092 301 1130 ni
324 1091 409 1139 die‚
436 1102 615 1139 vesperae
634 1090 777 1129 scilicet
810 1093 912 1130 nona
939 1091 1031 1129 hora
1047 1119 1059 1137 ,
1085 1102 1206 1139 usque
1228 1092 1275 1129 ad
1309 1092 1383 1130 diei

259 1160 391 1199 Lunae
403 1160 637 1199 meridianam
652 1160 778 1199 horam
793 1161 965 1209 primam.
993 1161 1182 1210 Deinceps
1194 1162 1266 1200 hoc
1287 1171 1380 1200 tem·

260 1231 364 1278 poris
377 1230 537 1279 spatium
559 1230 806 1269 constitutum
819 1230 892 1269 fuit
910 1243 931 1269 a
943 1231 1126 1269 Mercurii
1139 1230 1211 1269 diei
1222 1243 1378 1280 vespera

258 1301 303 1338 ad
316 1301 447 1339 Lunae
470 1300 542 1338 diei
558 1302 779 1339 matutinum
803 1310 967 1350 tempus.
995 1302 1039 1340 In
1063 1301 1144 1340 aliis
1161 1301 1376 1351 regionibus

256 1371 318 1409 alii
341 1369 495 1409 fuerunt
523 1371 600 1408 dies
618 1398 631 1417 .,
660 1371 799 1418 quibus
833 1373 1064 1410 simultatum
1101 1375 1213 1411 causa
1257 1383 1377 1411 armo·

254 1452 337 1479 rum
368 1452 460 1478 usus
499 1439 713 1489 prohibitus
753 1440 828 1478 fuit
859 1441 1060 1481 Interdicti
1096 1443 1234 1491 poena.
1289 1443 1376 1482 Hoc

253 1512 412 1548 salutare
440 1510 655 1548 institutum
682 1511 716 1548 Τ
713 1522 856 1560 reuga,
879 1511 959 1550 sive
994 1513 1070 1550 Dei
1093 1513 1206 1560 Pax,
1234 1513 1373 1551 dictum

252 1589 309 1619 est
346 1581 429 1631 (1).
465 1605 523 1615 .-.
549 1581 738 1619 Praeterea
791 1592 907 1627 vero,
947 1584 1084 1631 cuique
1118 1583 1220 1632 leges
1254 1592 1375 1621 atten-

253 1650 383 1697 denti,
411 1661 503 1698 quas
545 1660 672 1698 gentes
700 1650 950 1701 Eur-opacam
988 1662 1187 1700 postquam
1216 1652 1373 1692 Christo

248 1730 384 1758 nomen
419 1720 619 1768 dederunt,
671 1721 864 1767 tulerunt,
913 1721 971 1758 vis
1022 1722 1192 1761 salutaris
1224 1722 1373 1772 religio·

248 1789 308 1827 nis
347 1790 581 1829 Christianae
628 1790 665 1827 in
713 1789 846 1828 oculos
889 1790 1062 1831 incurrit.
1130 1792 1243 1832 Haud
1286 1804 1369 1832 raro

1311 1863 1372 1902 lex

280 1991 335 2029 (ι)
356 1993 415 2022 eff.
438 1993 614 2029 monet,
634 1993 656 2025 i.
675 1995 698 2023 1.
721 1997 800 2031 289,
821 2000 852 2023 et
870 1994 1077 2030 stantum,
1096 1995 1161 2024 1.1.
1178 1995 1232 2024 lv.
1248 2003 1269 2030 p
1290 1998 1367 2036 ηιξ,

241 2060 313 2086 513,
338 2053 410 2084 607.
434 2065 472 2073 -—
492 2050 755 2087 Hincmarus,
776 2051 912 2080 libellum
942 2053 1091 2088 quendam
1108 2051 1254 2080 carolo
1280 2054 1365 2082 Cal-

238 2115 259 2136 v
272 2115 291 2135 ο
315 2107 459 2144 tradidit,
479 2115 539 2144 quo
557 2116 628 2136 eum
645 2108 681 2137 ad
708 2108 786 2137 bella
807 2109 1014 2137 tantummodo
1030 2108 1110 2142 justa
1129 2110 1240 2143 agenda
1256 2110 1363 2140 adhor-

237 2170 314 2193 tatus
338 2163 410 2196 fuit.
447 2181 489 2188 —
527 2164 598 2194 Vid.
626 2164 692 2200 ejus
723 2165 797 2202 opp.
828 2166 918 2194 Omn.
946 2164 1067 2195 Parisiis
1096 2167 1180 2203 ¹⁶4⁵·
1216 2167 1288 2197 Vol.
1323 2168 1362 2196 Π.

234 2231 265 2258 Ρ.
285 2227 396 2253 1-280
