<?xml version="1.0" encoding="UTF-8"?>
<!DOCTYPE html PUBLIC "-//W3C//DTD XHTML 1.0 Transitional//EN"
    "http://www.w3.org/TR/xhtml1/DTD/xhtml1-transitional.dtd">
<html xmlns="http://www.w3.org/1999/xhtml" xml:lang="en" lang="en">
 <head>
  <title>
</title>
<meta http-equiv="Content-Type" content="text/html;charset=utf-8" />
  <meta name='ocr-system' content='tesseract 3.04.00' />
  <meta name='ocr-capabilities' content='ocr_page ocr_carea ocr_par ocr_line ocrx_word'/>
</head>
<body>
  <div class='ocr_page' id='page_1' title='image "annalesacademiae33rhen_0427.png"; bbox 0 0 1502 2767; ppageno 0'>
   <div class='ocr_carea' id='block_1_1' title="bbox 449 205 1290 264">
    <p class='ocr_par' dir='ltr' id='par_1_1' title="bbox 449 205 1290 264">
     <span class='ocr_line' id='line_1_1' title="bbox 449 205 1290 264; baseline 0.013 -22"><span class='ocrx_word' id='word_1_1' title='bbox 449 205 1038 251; x_wconf 81' lang='lat' dir='ltr'><strong>THEOLOGICA.</strong></span> <span class='ocrx_word' id='word_1_2' title='bbox 1218 224 1290 264; x_wconf 79' lang='lat'><strong>143</strong></span> 
     </span>
    </p>
   </div>
   <div class='ocr_carea' id='block_1_2' title="bbox 177 312 1303 1860">
    <p class='ocr_par' dir='ltr' id='par_1_2' title="bbox 180 312 1300 1423">
     <span class='ocr_line' id='line_1_2' title="bbox 212 312 1294 369; baseline 0.009 -19"><span class='ocrx_word' id='word_1_3' title='bbox 212 322 214 327; x_wconf 76' lang='grc'>’</span> <span class='ocrx_word' id='word_1_4' title='bbox 246 312 371 362; x_wconf 90' lang='lat' dir='ltr'><strong>Quum</strong></span> <span class='ocrx_word' id='word_1_5' title='bbox 400 312 513 361; x_wconf 89' lang='lat' dir='ltr'><strong>igitur</strong></span> <span class='ocrx_word' id='word_1_6' title='bbox 538 323 686 354; x_wconf 89' lang='lat' dir='ltr'><strong>constet</strong></span> <span class='ocrx_word' id='word_1_7' title='bbox 716 325 800 354; x_wconf 87' lang='lat' dir='ltr'><strong>ante</strong></span> <span class='ocrx_word' id='word_1_8' title='bbox 835 317 980 356; x_wconf 77' lang='lat' dir='ltr'>Christi</span> <span class='ocrx_word' id='word_1_9' title='bbox 1013 327 1177 369; x_wconf 88' lang='lat' dir='ltr'><strong>tempora</strong></span> <span class='ocrx_word' id='word_1_10' title='bbox 1200 320 1294 360; x_wconf 86' lang='lat' dir='ltr'>nihil</span> 
     </span>
     <span class='ocr_line' id='line_1_3' title="bbox 198 383 1298 438; baseline 0.009 -17"><span class='ocrx_word' id='word_1_11' title='bbox 198 383 373 432; x_wconf 86' lang='lat' dir='ltr'><strong>reperiri,</strong></span> <span class='ocrx_word' id='word_1_12' title='bbox 388 395 408 422; x_wconf 89' lang='lat' dir='ltr'><strong>a</strong></span> <span class='ocrx_word' id='word_1_13' title='bbox 431 395 507 432; x_wconf 90' lang='lat' dir='ltr'><strong>quo</strong></span> <span class='ocrx_word' id='word_1_14' title='bbox 531 385 786 425; x_wconf 87' lang='lat' dir='ltr'><strong>hominumde</strong></span> <span class='ocrx_word' id='word_1_15' title='bbox 805 387 901 426; x_wconf 92' lang='lat' dir='ltr'><strong>bello</strong></span> <span class='ocrx_word' id='word_1_16' title='bbox 923 391 1086 438; x_wconf 89' lang='lat' dir='ltr'><strong>gerundo</strong></span> <span class='ocrx_word' id='word_1_17' title='bbox 1101 393 1298 430; x_wconf 86' lang='lat' dir='ltr'><strong>sententia·</strong></span> 
     </span>
     <span class='ocr_line' id='line_1_4' title="bbox 194 454 1299 510; baseline 0.009 -20"><span class='ocrx_word' id='word_1_18' title='bbox 194 465 275 491; x_wconf 89' lang='lat' dir='ltr'><strong>rum</strong></span> <span class='ocrx_word' id='word_1_19' title='bbox 290 454 492 492; x_wconf 87' lang='lat' dir='ltr'><strong>emendatio</strong></span> <span class='ocrx_word' id='word_1_20' title='bbox 514 456 653 503; x_wconf 89' lang='lat' dir='ltr'><strong>sperari</strong></span> <span class='ocrx_word' id='word_1_21' title='bbox 674 458 820 505; x_wconf 87' lang='lat' dir='ltr'>possit,</span> <span class='ocrx_word' id='word_1_22' title='bbox 848 458 939 506; x_wconf 91' lang='lat' dir='ltr'><strong>quin</strong></span> <span class='ocrx_word' id='word_1_23' title='bbox 962 461 1085 498; x_wconf 81' lang='lat' dir='ltr'><strong>omnia</strong></span> <span class='ocrx_word' id='word_1_24' title='bbox 1104 461 1220 510; x_wconf 88' lang='lat' dir='ltr'><strong>magis</strong></span> <span class='ocrx_word' id='word_1_25' title='bbox 1235 473 1299 500; x_wconf 90' lang='lat' dir='ltr'><strong>va-</strong></span> 
     </span>
     <span class='ocr_line' id='line_1_5' title="bbox 191 523 1297 575; baseline 0.008 -15"><span class='ocrx_word' id='word_1_26' title='bbox 191 523 334 571; x_wconf 84' lang='lat' dir='ltr'><strong>luisse,</strong></span> <span class='ocrx_word' id='word_1_27' title='bbox 362 533 404 563; x_wconf 92' lang='lat' dir='ltr'><strong>ut</strong></span> <span class='ocrx_word' id='word_1_28' title='bbox 432 525 656 563; x_wconf 88' lang='lat' dir='ltr'><strong>contrarium</strong></span> <span class='ocrx_word' id='word_1_29' title='bbox 684 526 894 575; x_wconf 88' lang='lat' dir='ltr'><strong>efficerent;</strong></span> <span class='ocrx_word' id='word_1_30' title='bbox 922 529 1059 567; x_wconf 90' lang='lat' dir='ltr'><strong>nemini</strong></span> <span class='ocrx_word' id='word_1_31' title='bbox 1082 531 1214 568; x_wconf 84' lang='lat' dir='ltr'><strong>mirum</strong></span> <span class='ocrx_word' id='word_1_32' title='bbox 1241 533 1297 570; x_wconf 87' lang='lat' dir='ltr'><strong>vi-</strong></span> 
     </span>
     <span class='ocr_line' id='line_1_6' title="bbox 193 593 1296 651; baseline 0.009 -21"><span class='ocrx_word' id='word_1_33' title='bbox 193 593 344 641; x_wconf 86' lang='lat' dir='ltr'><strong>deatur,</strong></span> <span class='ocrx_word' id='word_1_34' title='bbox 373 605 500 633; x_wconf 88' lang='lat' dir='ltr'><strong>omnes</strong></span> <span class='ocrx_word' id='word_1_35' title='bbox 519 596 563 633; x_wconf 87' lang='lat' dir='ltr'><strong>acl</strong></span> <span class='ocrx_word' id='word_1_36' title='bbox 586 607 698 634; x_wconf 84' lang='lat' dir='ltr'><strong>unum</strong></span> <span class='ocrx_word' id='word_1_37' title='bbox 725 597 840 646; x_wconf 89' lang='lat' dir='ltr'><strong>magis</strong></span> <span class='ocrx_word' id='word_1_38' title='bbox 865 598 1063 648; x_wconf 84' lang='lat' dir='ltr'><strong>minusve,</strong></span> <span class='ocrx_word' id='word_1_39' title='bbox 1091 601 1296 651; x_wconf 87' lang='lat' dir='ltr'><strong>(paucissi-</strong></span> 
     </span>
     <span class='ocr_line' id='line_1_7' title="bbox 190 664 1298 720; baseline 0.009 -20"><span class='ocrx_word' id='word_1_40' title='bbox 190 664 259 701; x_wconf 89' lang='lat' dir='ltr'><strong>mis</strong></span> <span class='ocrx_word' id='word_1_41' title='bbox 282 664 377 702; x_wconf 89' lang='lat' dir='ltr'><strong>inter</strong></span> <span class='ocrx_word' id='word_1_42' title='bbox 400 676 464 702; x_wconf 91' lang='lat' dir='ltr'><strong>eos</strong></span> <span class='ocrx_word' id='word_1_43' title='bbox 479 693 492 712; x_wconf 91' lang='lat'><strong>,</strong></span> <span class='ocrx_word' id='word_1_44' title='bbox 510 665 574 713; x_wconf 88' lang='lat' dir='ltr'><strong>qui</strong></span> <span class='ocrx_word' id='word_1_45' title='bbox 595 666 799 704; x_wconf 85' lang='lat' dir='ltr'><strong>virtutibus</strong></span> <span class='ocrx_word' id='word_1_46' title='bbox 822 667 995 706; x_wconf 89' lang='lat' dir='ltr'><strong>civilibus</strong></span> <span class='ocrx_word' id='word_1_47' title='bbox 1015 671 1179 708; x_wconf 87' lang='lat' dir='ltr'><strong>colendis</strong></span> <span class='ocrx_word' id='word_1_48' title='bbox 1191 683 1298 720; x_wconf 89' lang='lat' dir='ltr'><strong>prae·</strong></span> 
     </span>
     <span class='ocr_line' id='line_1_8' title="bbox 190 733 1298 789; baseline 0.009 -18"><span class='ocrx_word' id='word_1_49' title='bbox 190 733 367 781; x_wconf 88' lang='lat' dir='ltr'><strong>stabant,</strong></span> <span class='ocrx_word' id='word_1_50' title='bbox 395 735 580 784; x_wconf 86' lang='lat' dir='ltr'><strong>exceptis)</strong></span> <span class='ocrx_word' id='word_1_51' title='bbox 612 735 734 775; x_wconf 90' lang='lat' dir='ltr'><strong>fuisse</strong></span> <span class='ocrx_word' id='word_1_52' title='bbox 759 737 986 786; x_wconf 86' lang='lat' dir='ltr'><strong>bellicosos,</strong></span> <span class='ocrx_word' id='word_1_53' title='bbox 1015 740 1183 780; x_wconf 86' lang='lat' dir='ltr'><strong>crudeles</strong></span> <span class='ocrx_word' id='word_1_54' title='bbox 1200 770 1213 789; x_wconf 92' lang='lat'><strong>,</strong></span> <span class='ocrx_word' id='word_1_55' title='bbox 1240 743 1298 781; x_wconf 88' lang='lat' dir='ltr'><strong>in-</strong></span> 
     </span>
     <span class='ocr_line' id='line_1_9' title="bbox 185 803 1294 861; baseline 0.009 -21"><span class='ocrx_word' id='word_1_56' title='bbox 185 803 311 852; x_wconf 87' lang='lat' dir='ltr'><strong>justos</strong></span> <span class='ocrx_word' id='word_1_57' title='bbox 327 832 341 852; x_wconf 84' lang='lat'><strong>,</strong></span> <span class='ocrx_word' id='word_1_58' title='bbox 365 803 515 852; x_wconf 89' lang='lat' dir='ltr'><strong>iniquos</strong></span> <span class='ocrx_word' id='word_1_59' title='bbox 530 833 543 853; x_wconf 85' lang='lat'><em>‚</em></span> <span class='ocrx_word' id='word_1_60' title='bbox 571 805 755 845; x_wconf 88' lang='lat' dir='ltr'><strong>vindictae</strong></span> <span class='ocrx_word' id='word_1_61' title='bbox 779 807 906 846; x_wconf 88' lang='lat' dir='ltr'><strong>studio</strong></span> <span class='ocrx_word' id='word_1_62' title='bbox 930 810 1060 857; x_wconf 89' lang='lat' dir='ltr'><strong>plenos</strong></span> <span class='ocrx_word' id='word_1_63' title='bbox 1073 838 1087 858; x_wconf 90' lang='lat'><em>‚</em></span> <span class='ocrx_word' id='word_1_64' title='bbox 1101 811 1264 858; x_wconf 86' lang='lat' dir='ltr'><strong>perfidos</strong></span> <span class='ocrx_word' id='word_1_65' title='bbox 1278 841 1294 861; x_wconf 91' lang='lat'><em>‚</em></span> 
     </span>
     <span class='ocr_line' id='line_1_10' title="bbox 187 873 1294 927; baseline 0.009 -16"><span class='ocrx_word' id='word_1_66' title='bbox 187 873 403 912; x_wconf 84' lang='lat' dir='ltr'><strong>luxuriosos</strong></span> <span class='ocrx_word' id='word_1_67' title='bbox 431 874 691 924; x_wconf 86' lang='lat' dir='ltr'><strong>similibusque</strong></span> <span class='ocrx_word' id='word_1_68' title='bbox 711 876 856 915; x_wconf 87' lang='lat' dir='ltr'><strong>deditos</strong></span> <span class='ocrx_word' id='word_1_69' title='bbox 876 878 1004 926; x_wconf 89' lang='lat' dir='ltr'><strong>vitiis,</strong></span> <span class='ocrx_word' id='word_1_70' title='bbox 1032 879 1169 927; x_wconf 77' lang='lat' dir='ltr'><strong>quibus</strong></span> <span class='ocrx_word' id='word_1_71' title='bbox 1199 880 1294 921; x_wconf 88' lang='lat' dir='ltr'><strong>bella</strong></span> 
     </span>
     <span class='ocr_line' id='line_1_11' title="bbox 185 942 1296 998; baseline 0.006 -17"><span class='ocrx_word' id='word_1_72' title='bbox 185 942 296 982; x_wconf 88' lang='lat' dir='ltr'><strong>facile</strong></span> <span class='ocrx_word' id='word_1_73' title='bbox 348 944 528 982; x_wconf 88' lang='lat' dir='ltr'><strong>exsistant</strong></span> <span class='ocrx_word' id='word_1_74' title='bbox 542 972 556 992; x_wconf 94' lang='lat'><strong>‚</strong></span> <span class='ocrx_word' id='word_1_75' title='bbox 607 945 807 994; x_wconf 89' lang='lat' dir='ltr'><strong>eademque</strong></span> <span class='ocrx_word' id='word_1_76' title='bbox 847 947 972 995; x_wconf 87' lang='lat' dir='ltr'><strong>pravis</strong></span> <span class='ocrx_word' id='word_1_77' title='bbox 1015 949 1211 998; x_wconf 87' lang='lat' dir='ltr'><strong>principiis</strong></span> <span class='ocrx_word' id='word_1_78' title='bbox 1258 960 1296 989; x_wconf 88' lang='lat' dir='ltr'><strong>et</strong></span> 
     </span>
     <span class='ocr_line' id='line_1_12' title="bbox 187 1014 1297 1069; baseline 0.008 -19"><span class='ocrx_word' id='word_1_79' title='bbox 187 1024 297 1060; x_wconf 89' lang='lat' dir='ltr'><strong>quam</strong></span> <span class='ocrx_word' id='word_1_80' title='bbox 336 1014 565 1052; x_wconf 89' lang='lat' dir='ltr'><strong>atrocissime</strong></span> <span class='ocrx_word' id='word_1_81' title='bbox 605 1026 778 1063; x_wconf 87' lang='lat' dir='ltr'><strong>gerantur</strong></span> <span class='ocrx_word' id='word_1_82' title='bbox 824 1017 908 1065; x_wconf 83' lang='lat'>(1).</span> <span class='ocrx_word' id='word_1_83' title='bbox 971 1018 1078 1056; x_wconf 89' lang='lat' dir='ltr'><strong>Dicta</strong></span> <span class='ocrx_word' id='word_1_84' title='bbox 1117 1021 1297 1069; x_wconf 88' lang='lat' dir='ltr'><strong>exemplis</strong></span> 
     </span>
     <span class='ocr_line' id='line_1_13' title="bbox 184 1082 1293 1138; baseline 0.01 -19"><span class='ocrx_word' id='word_1_85' title='bbox 184 1082 427 1130; x_wconf 86' lang='lat' dir='ltr'><strong>comprobare</strong></span> <span class='ocrx_word' id='word_1_86' title='bbox 452 1083 545 1122; x_wconf 91' lang='lat' dir='ltr'><strong>velle</strong></span> <span class='ocrx_word' id='word_1_87' title='bbox 566 1096 720 1132; x_wconf 88' lang='lat' dir='ltr'><strong>prorsus</strong></span> <span class='ocrx_word' id='word_1_88' title='bbox 737 1097 1048 1134; x_wconf 86' lang='lat' dir='ltr'><strong>supervacaneum</strong></span> <span class='ocrx_word' id='word_1_89' title='bbox 1069 1089 1144 1137; x_wconf 89' lang='lat' dir='ltr'><strong>sit,</strong></span> <span class='ocrx_word' id='word_1_90' title='bbox 1176 1102 1293 1138; x_wconf 90' lang='lat' dir='ltr'><strong>quum</strong></span> 
     </span>
     <span class='ocr_line' id='line_1_14' title="bbox 185 1150 1296 1205; baseline 0.013 -18"><span class='ocrx_word' id='word_1_91' title='bbox 185 1150 339 1189; x_wconf 84' lang='lat' dir='ltr'><strong>historia</strong></span> <span class='ocrx_word' id='word_1_92' title='bbox 360 1150 588 1202; x_wconf 88' lang='lat' dir='ltr'><strong>populorum</strong></span> <span class='ocrx_word' id='word_1_93' title='bbox 618 1163 702 1193; x_wconf 86' lang='lat' dir='ltr'><strong>ante</strong></span> <span class='ocrx_word' id='word_1_94' title='bbox 723 1156 923 1196; x_wconf 68' lang='lat' dir='ltr'><strong>,Christum</strong></span> <span class='ocrx_word' id='word_1_95' title='bbox 938 1187 951 1205; x_wconf 86' lang='lat'><strong><em>‚</em></strong></span> <span class='ocrx_word' id='word_1_96' title='bbox 966 1170 1034 1197; x_wconf 90' lang='lat' dir='ltr'><strong>nec</strong></span> <span class='ocrx_word' id='word_1_97' title='bbox 1054 1171 1142 1199; x_wconf 91' lang='lat' dir='ltr'><strong>vero</strong></span> <span class='ocrx_word' id='word_1_98' title='bbox 1173 1162 1296 1205; x_wconf 87' lang='lat' dir='ltr'><strong>minus</strong></span> 
     </span>
     <span class='ocr_line' id='line_1_15' title="bbox 185 1222 1300 1278; baseline 0.013 -21"><span class='ocrx_word' id='word_1_99' title='bbox 185 1229 277 1269; x_wconf 89' lang='lat' dir='ltr'><strong>post</strong></span> <span class='ocrx_word' id='word_1_100' title='bbox 306 1222 528 1272; x_wconf 87' lang='lat' dir='ltr'><strong>Christum,</strong></span> <span class='ocrx_word' id='word_1_101' title='bbox 562 1226 661 1274; x_wconf 83' lang='lat' dir='ltr'><strong>apud</strong></span> <span class='ocrx_word' id='word_1_102' title='bbox 686 1238 783 1275; x_wconf 89' lang='lat' dir='ltr'><strong>quos</strong></span> <span class='ocrx_word' id='word_1_103' title='bbox 828 1227 1036 1278; x_wconf 88' lang='lat' dir='ltr'><strong>Religionis</strong></span> <span class='ocrx_word' id='word_1_104' title='bbox 1066 1231 1300 1271; x_wconf 86' lang='lat' dir='ltr'><strong>Christianae</strong></span> 
     </span>
     <span class='ocr_line' id='line_1_16' title="bbox 180 1291 1294 1351; baseline 0.011 -23"><span class='ocrx_word' id='word_1_105' title='bbox 180 1291 348 1332; x_wconf 88' lang='lat' dir='ltr'><strong>doctrina</strong></span> <span class='ocrx_word' id='word_1_106' title='bbox 397 1295 562 1332; x_wconf 89' lang='lat' dir='ltr'><strong>nondum</strong></span> <span class='ocrx_word' id='word_1_107' title='bbox 599 1305 744 1345; x_wconf 88' lang='lat' dir='ltr'><strong>recepta</strong></span> <span class='ocrx_word' id='word_1_108' title='bbox 784 1307 840 1336; x_wconf 91' lang='lat' dir='ltr'><strong>est</strong></span> <span class='ocrx_word' id='word_1_109' title='bbox 857 1327 869 1345; x_wconf 89' lang='lat'><strong>,</strong></span> <span class='ocrx_word' id='word_1_110' title='bbox 910 1299 1003 1337; x_wconf 87' lang='lat' dir='ltr'><strong>nihil</strong></span> <span class='ocrx_word' id='word_1_111' title='bbox 1032 1299 1110 1338; x_wconf 87' lang='lat' dir='ltr'><strong>fere</strong></span> <span class='ocrx_word' id='word_1_112' title='bbox 1152 1303 1294 1351; x_wconf 87' lang='lat' dir='ltr'><strong>tradat,</strong></span> 
     </span>
     <span class='ocr_line' id='line_1_17' title="bbox 182 1362 1299 1423; baseline 0.012 -25"><span class='ocrx_word' id='word_1_113' title='bbox 182 1362 254 1400; x_wconf 90' lang='lat' dir='ltr'><strong>nisi</strong></span> <span class='ocrx_word' id='word_1_114' title='bbox 282 1364 349 1411; x_wconf 76' lang='lat' dir='ltr'><strong>qui</strong></span> <span class='ocrx_word' id='word_1_115' title='bbox 373 1363 493 1412; x_wconf 87' lang='lat' dir='ltr'><strong>bella,</strong></span> <span class='ocrx_word' id='word_1_116' title='bbox 519 1376 604 1405; x_wconf 89' lang='lat' dir='ltr'><strong>cum</strong></span> <span class='ocrx_word' id='word_1_117' title='bbox 627 1367 793 1416; x_wconf 86' lang='lat' dir='ltr'><strong>interna,</strong></span> <span class='ocrx_word' id='word_1_118' title='bbox 815 1376 895 1407; x_wconf 88' lang='lat' dir='ltr'><strong>tum</strong></span> <span class='ocrx_word' id='word_1_119' title='bbox 921 1378 1068 1408; x_wconf 89' lang='lat' dir='ltr'><strong>externa</strong></span> <span class='ocrx_word' id='word_1_120' title='bbox 1099 1382 1145 1410; x_wconf 84' lang='lat' dir='ltr'><strong>ex</strong></span> <span class='ocrx_word' id='word_1_121' title='bbox 1176 1373 1265 1411; x_wconf 88' lang='lat' dir='ltr'><strong>odio</strong></span> <span class='ocrx_word' id='word_1_122' title='bbox 1283 1402 1299 1423; x_wconf 86' lang='lat'><strong>,</strong></span> 
     </span>
    </p>

    <p class='ocr_par' dir='ltr' id='par_1_3' title="bbox 177 1443 1303 1860">
     <span class='ocr_line' id='line_1_18' title="bbox 1215 1443 1299 1482; baseline 0 0"><span class='ocrx_word' id='word_1_123' title='bbox 1215 1443 1299 1482; x_wconf 90' lang='lat' dir='ltr'><strong>vin-</strong></span> 
     </span>
     <span class='ocr_line' id='line_1_19' title="bbox 181 1525 1303 1579; baseline 0.011 -27"><span class='ocrx_word' id='word_1_124' title='bbox 181 1530 250 1553; x_wconf 83' lang='lat' dir='ltr'><strong>ann.</strong></span> <span class='ocrx_word' id='word_1_125' title='bbox 268 1532 336 1561; x_wconf 74' lang='lat'><strong>422.</strong></span> <span class='ocrx_word' id='word_1_126' title='bbox 356 1525 568 1563; x_wconf 86' lang='lat' dir='ltr'><strong>Gieseler,</strong></span> <span class='ocrx_word' id='word_1_127' title='bbox 591 1527 752 1557; x_wconf 80' lang='lat' dir='ltr'><strong>Lehrhuch</strong></span> <span class='ocrx_word' id='word_1_128' title='bbox 762 1529 1141 1570; x_wconf 70' lang='lat' dir='ltr'><strong>derKichengest-htchte,</strong></span> <span class='ocrx_word' id='word_1_129' title='bbox 1160 1535 1255 1564; x_wconf 88' lang='lat' dir='ltr'><strong>Tom.</strong></span> <span class='ocrx_word' id='word_1_130' title='bbox 1271 1537 1303 1579; x_wconf 47' lang='lat'><strong>1,</strong></span> 
     </span>
     <span class='ocr_line' id='line_1_20' title="bbox 177 1582 1300 1628; baseline 0.01 -18"><span class='ocrx_word' id='word_1_131' title='bbox 177 1589 211 1616; x_wconf 84' lang='lat' dir='ltr'><strong>p.</strong></span> <span class='ocrx_word' id='word_1_132' title='bbox 223 1586 271 1613; x_wconf 83' lang='lat'><strong>28·</strong></span> <span class='ocrx_word' id='word_1_133' title='bbox 283 1582 330 1610; x_wconf 83' lang='lat' dir='ltr'><strong>ed.</strong></span> <span class='ocrx_word' id='word_1_134' title='bbox 342 1582 440 1618; x_wconf 83' lang='lat' dir='ltr'><strong>prior.</strong></span> <span class='ocrx_word' id='word_1_135' title='bbox 465 1583 586 1621; x_wconf 86' lang='lat' dir='ltr'><strong>Quodsi</strong></span> <span class='ocrx_word' id='word_1_136' title='bbox 596 1586 745 1613; x_wconf 82' lang='lat' dir='ltr'><strong>concedas</strong></span> <span class='ocrx_word' id='word_1_137' title='bbox 755 1585 848 1615; x_wconf 88' lang='lat' dir='ltr'><strong>fuisse</strong></span> <span class='ocrx_word' id='word_1_138' title='bbox 858 1595 981 1623; x_wconf 89' lang='lat' dir='ltr'><strong>quoque</strong></span> <span class='ocrx_word' id='word_1_139' title='bbox 990 1587 1070 1617; x_wconf 90' lang='lat' dir='ltr'><strong>inter</strong></span> <span class='ocrx_word' id='word_1_140' title='bbox 1078 1589 1278 1626; x_wconf 86' lang='lat' dir='ltr'><strong>Philosophos</strong></span> <span class='ocrx_word' id='word_1_141' title='bbox 1287 1612 1300 1628; x_wconf 91' lang='lat'><em>‚</em></span> 
     </span>
     <span class='ocr_line' id='line_1_21' title="bbox 179 1639 1299 1681; baseline 0.01 -15"><span class='ocrx_word' id='word_1_142' title='bbox 179 1639 231 1674; x_wconf 89' lang='lat' dir='ltr'><strong>qui</strong></span> <span class='ocrx_word' id='word_1_143' title='bbox 249 1647 410 1674; x_wconf 85' lang='lat' dir='ltr'><strong>praecepta</strong></span> <span class='ocrx_word' id='word_1_144' title='bbox 430 1640 553 1669; x_wconf 84' lang='lat' dir='ltr'><strong>moralia</strong></span> <span class='ocrx_word' id='word_1_145' title='bbox 576 1642 790 1678; x_wconf 84' lang='lat' dir='ltr'><strong>praeciperent</strong></span> <span class='ocrx_word' id='word_1_146' title='bbox 810 1652 932 1678; x_wconf 86' lang='lat' dir='ltr'><strong>prorsus</strong></span> <span class='ocrx_word' id='word_1_147' title='bbox 950 1646 1086 1681; x_wconf 73' lang='lat' dir='ltr'><strong>egregia,</strong></span> <span class='ocrx_word' id='word_1_148' title='bbox 1109 1647 1183 1676; x_wconf 84' lang='lat' dir='ltr'><strong>haec</strong></span> <span class='ocrx_word' id='word_1_149' title='bbox 1199 1655 1299 1678; x_wconf 91' lang='lat' dir='ltr'><strong>tamen</strong></span> 
     </span>
     <span class='ocr_line' id='line_1_22' title="bbox 178 1696 1297 1738; baseline 0.011 -15"><span class='ocrx_word' id='word_1_150' title='bbox 178 1703 240 1724; x_wconf 88' lang='lat' dir='ltr'><strong>non</strong></span> <span class='ocrx_word' id='word_1_151' title='bbox 260 1696 322 1724; x_wconf 90' lang='lat' dir='ltr'><strong>vim</strong></span> <span class='ocrx_word' id='word_1_152' title='bbox 344 1696 493 1725; x_wconf 86' lang='lat' dir='ltr'><strong>habebant</strong></span> <span class='ocrx_word' id='word_1_153' title='bbox 525 1699 561 1726; x_wconf 84' lang='lat' dir='ltr'><strong>ad</strong></span> <span class='ocrx_word' id='word_1_154' title='bbox 590 1699 747 1728; x_wconf 84' lang='lat' dir='ltr'><strong>hominum</strong></span> <span class='ocrx_word' id='word_1_155' title='bbox 765 1700 922 1731; x_wconf 85' lang='lat' dir='ltr'><strong>rudiorum</strong></span> <span class='ocrx_word' id='word_1_156' title='bbox 948 1711 1058 1738; x_wconf 87' lang='lat' dir='ltr'><strong>pravos</strong></span> <span class='ocrx_word' id='word_1_157' title='bbox 1081 1704 1171 1733; x_wconf 87' lang='lat' dir='ltr'><strong>animi</strong></span> <span class='ocrx_word' id='word_1_158' title='bbox 1192 1714 1297 1735; x_wconf 82' lang='lat' dir='ltr'><strong>sensus</strong></span> 
     </span>
     <span class='ocr_line' id='line_1_23' title="bbox 177 1755 1298 1798; baseline 0.009 -17"><span class='ocrx_word' id='word_1_159' title='bbox 177 1755 436 1789; x_wconf 84' lang='lat' dir='ltr'><strong>compescendos,</strong></span> <span class='ocrx_word' id='word_1_160' title='bbox 469 1755 528 1785; x_wconf 86' lang='lat' dir='ltr'><strong>nisi</strong></span> <span class='ocrx_word' id='word_1_161' title='bbox 553 1756 770 1787; x_wconf 81' lang='lat' dir='ltr'><strong>efficacissimis</strong></span> <span class='ocrx_word' id='word_1_162' title='bbox 799 1766 981 1788; x_wconf 86' lang='lat' dir='ltr'><strong>moveantur</strong></span> <span class='ocrx_word' id='word_1_163' title='bbox 1003 1760 1225 1798; x_wconf 86' lang='lat' dir='ltr'><strong>incitamentis,</strong></span> <span class='ocrx_word' id='word_1_164' title='bbox 1246 1771 1298 1791; x_wconf 82' lang='lat' dir='ltr'><strong>au-</strong></span> 
     </span>
     <span class='ocr_line' id='line_1_24' title="bbox 177 1808 1296 1860; baseline 0.013 -23"><span class='ocrx_word' id='word_1_165' title='bbox 177 1808 309 1846; x_wconf 81' lang='lat' dir='ltr'><strong>xiliaque</strong></span> <span class='ocrx_word' id='word_1_166' title='bbox 327 1810 364 1840; x_wconf 85' lang='lat' dir='ltr'><strong>iis</strong></span> <span class='ocrx_word' id='word_1_167' title='bbox 380 1819 499 1847; x_wconf 83' lang='lat' dir='ltr'><strong>praesto</strong></span> <span class='ocrx_word' id='word_1_168' title='bbox 517 1813 589 1843; x_wconf 88' lang='lat' dir='ltr'><strong>sint.</strong></span> <span class='ocrx_word' id='word_1_169' title='bbox 604 1814 668 1844; x_wconf 87' lang='lat' dir='ltr'><strong>Cfr.</strong></span> <span class='ocrx_word' id='word_1_170' title='bbox 681 1815 709 1843; x_wconf 91' lang='lat' dir='ltr'>R</span> <span class='ocrx_word' id='word_1_171' title='bbox 722 1824 740 1844; x_wconf 91' lang='grc' dir='ltr'>ο</span> <span class='ocrx_word' id='word_1_172' title='bbox 750 1824 763 1844; x_wconf 90' lang='lat' dir='ltr'><strong>s</strong></span> <span class='ocrx_word' id='word_1_173' title='bbox 776 1823 792 1844; x_wconf 91' lang='lat' dir='ltr'><strong>e</strong></span> <span class='ocrx_word' id='word_1_174' title='bbox 802 1824 856 1844; x_wconf 87' lang='lat' dir='ltr'><strong>nm</strong></span> <span class='ocrx_word' id='word_1_175' title='bbox 868 1818 950 1846; x_wconf 88' lang='lat' dir='ltr'><strong>ulle</strong></span> <span class='ocrx_word' id='word_1_176' title='bbox 963 1826 995 1853; x_wconf 87' lang='lat' dir='ltr'><strong>r,</strong></span> <span class='ocrx_word' id='word_1_177' title='bbox 1006 1819 1057 1848; x_wconf 92' lang='lat'><strong>1.1.</strong></span> <span class='ocrx_word' id='word_1_178' title='bbox 1066 1827 1134 1854; x_wconf 85' lang='lat' dir='ltr'><strong>pag.</strong></span> <span class='ocrx_word' id='word_1_179' title='bbox 1146 1827 1210 1857; x_wconf 84' lang='lat'>347.</span> <span class='ocrx_word' id='word_1_180' title='bbox 1223 1829 1296 1860; x_wconf 25' lang='lat' dir='ltr'><strong>sqq.-</strong></span> 
     </span>
    </p>
   </div>
   <div class='ocr_carea' id='block_1_3' title="bbox 174 1866 1296 2196">
    <p class='ocr_par' dir='ltr' id='par_1_4' title="bbox 174 1866 1296 2017">
     <span class='ocr_line' id='line_1_25' title="bbox 175 1866 1296 1912; baseline 0.012 -18"><span class='ocrx_word' id='word_1_181' title='bbox 175 1866 223 1895; x_wconf 87' lang='lat' dir='ltr'><strong>Ne</strong></span> <span class='ocrx_word' id='word_1_182' title='bbox 251 1867 346 1896; x_wconf 56' lang='lat' dir='ltr'><strong>dicim</strong></span> <span class='ocrx_word' id='word_1_183' title='bbox 365 1868 550 1904; x_wconf 82' lang='lat' dir='ltr'><strong>singulorum</strong></span> <span class='ocrx_word' id='word_1_184' title='bbox 578 1871 831 1908; x_wconf 85' lang='lat' dir='ltr'><strong>philosophorum</strong></span> <span class='ocrx_word' id='word_1_185' title='bbox 864 1874 1029 1903; x_wconf 86' lang='lat' dir='ltr'><strong>doctrinam</strong></span> <span class='ocrx_word' id='word_1_186' title='bbox 1057 1879 1223 1912; x_wconf 84' lang='lat' dir='ltr'><strong>moralem,</strong></span> <span class='ocrx_word' id='word_1_187' title='bbox 1244 1882 1296 1907; x_wconf 83' lang='lat' dir='ltr'><strong>so·</strong></span> 
     </span>
     <span class='ocr_line' id='line_1_26' title="bbox 174 1925 1296 1970; baseline 0.008 -15"><span class='ocrx_word' id='word_1_188' title='bbox 174 1925 285 1955; x_wconf 74' lang='lat' dir='ltr'><strong>cratica</strong></span> <span class='ocrx_word' id='word_1_189' title='bbox 313 1928 461 1964; x_wconf 77' lang='lat' dir='ltr'><strong>excepta,</strong></span> <span class='ocrx_word' id='word_1_190' title='bbox 495 1928 538 1957; x_wconf 82' lang='lat' dir='ltr'><strong>ita</strong></span> <span class='ocrx_word' id='word_1_191' title='bbox 567 1929 701 1965; x_wconf 84' lang='lat' dir='ltr'><strong>proponi</strong></span> <span class='ocrx_word' id='word_1_192' title='bbox 729 1931 850 1967; x_wconf 81' lang='lat' dir='ltr'><strong>solere,</strong></span> <span class='ocrx_word' id='word_1_193' title='bbox 875 1938 910 1959; x_wconf 82' lang='lat' dir='ltr'><strong>ut</strong></span> <span class='ocrx_word' id='word_1_194' title='bbox 937 1933 1075 1968; x_wconf 84' lang='lat' dir='ltr'><strong>plerique</strong></span> <span class='ocrx_word' id='word_1_195' title='bbox 1100 1941 1208 1970; x_wconf 84' lang='lat' dir='ltr'><strong>capere</strong></span> <span class='ocrx_word' id='word_1_196' title='bbox 1233 1942 1296 1964; x_wconf 87' lang='lat' dir='ltr'><strong>non</strong></span> 
     </span>
     <span class='ocr_line' id='line_1_27' title="bbox 175 1989 313 2017; baseline 0.007 -8"><span class='ocrx_word' id='word_1_197' title='bbox 175 1989 313 2017; x_wconf 84' lang='lat' dir='ltr'><strong>possent.</strong></span> 
     </span>
    </p>

    <p class='ocr_par' dir='ltr' id='par_1_5' title="bbox 177 2038 1293 2196">
     <span class='ocr_line' id='line_1_28' title="bbox 211 2038 1293 2087; baseline 0.014 -21"><span class='ocrx_word' id='word_1_198' title='bbox 211 2038 264 2076; x_wconf 85' lang='grc' dir='ltr'><strong>(ι)</strong></span> <span class='ocrx_word' id='word_1_199' title='bbox 284 2039 349 2067; x_wconf 81' lang='lat' dir='ltr'><strong>Cfr.</strong></span> <span class='ocrx_word' id='word_1_200' title='bbox 369 2040 408 2068; x_wconf 91' lang='lat' dir='ltr'><strong>N.</strong></span> <span class='ocrx_word' id='word_1_201' title='bbox 434 2041 475 2069; x_wconf 89' lang='lat' dir='ltr'><strong>G.</strong></span> <span class='ocrx_word' id='word_1_202' title='bbox 514 2048 588 2069; x_wconf 88' lang='lat' dir='ltr'><strong>van</strong></span> <span class='ocrx_word' id='word_1_203' title='bbox 611 2043 803 2080; x_wconf 83' lang='lat' dir='ltr'><strong>Kampen‚</strong></span> <span class='ocrx_word' id='word_1_204' title='bbox 826 2046 936 2076; x_wconf 85' lang='lat' dir='ltr'><strong>Comm.</strong></span> <span class='ocrx_word' id='word_1_205' title='bbox 963 2049 1022 2076; x_wconf 77' lang='lat' dir='ltr'><strong>eit.</strong></span> <span class='ocrx_word' id='word_1_206' title='bbox 1043 2055 1110 2083; x_wconf 80' lang='lat' dir='ltr'><strong>pag.</strong></span> <span class='ocrx_word' id='word_1_207' title='bbox 1139 2056 1205 2084; x_wconf 82' lang='lat'>125.</span> <span class='ocrx_word' id='word_1_208' title='bbox 1225 2058 1293 2087; x_wconf 84' lang='lat' dir='ltr'><strong>sqq.</strong></span> 
     </span>
     <span class='ocr_line' id='line_1_29' title="bbox 177 2095 1292 2141; baseline 0.014 -19"><span class='ocrx_word' id='word_1_209' title='bbox 177 2095 284 2123; x_wconf 88' lang='lat' dir='ltr'><strong>summi</strong></span> <span class='ocrx_word' id='word_1_210' title='bbox 332 2096 473 2125; x_wconf 83' lang='lat' dir='ltr'><strong>Grotii</strong></span> <span class='ocrx_word' id='word_1_211' title='bbox 513 2097 754 2129; x_wconf 72' lang='lat' dir='ltr'><strong>Commentarius</strong></span> <span class='ocrx_word' id='word_1_212' title='bbox 798 2102 839 2132; x_wconf 81' lang='lat' dir='ltr'><strong>ad</strong></span> <span class='ocrx_word' id='word_1_213' title='bbox 881 2104 995 2134; x_wconf 78' lang='lat' dir='ltr'><strong>Pauli</strong></span> <span class='ocrx_word' id='word_1_214' title='bbox 1041 2105 1215 2141; x_wconf 78' lang='lat' dir='ltr'><strong>Epistolam</strong></span> <span class='ocrx_word' id='word_1_215' title='bbox 1250 2110 1292 2137; x_wconf 77' lang='lat' dir='ltr'><strong>ad</strong></span> 
     </span>
     <span class='ocr_line' id='line_1_30' title="bbox 180 2152 1290 2196; baseline 0.014 -17"><span class='ocrx_word' id='word_1_216' title='bbox 180 2152 265 2182; x_wconf 80' lang='lat' dir='ltr'><strong>Rom.</strong></span> <span class='ocrx_word' id='word_1_217' title='bbox 296 2154 372 2188; x_wconf 76' lang='lat' dir='ltr'><strong>Cap.</strong></span> <span class='ocrx_word' id='word_1_218' title='bbox 405 2155 426 2182; x_wconf 89' lang='grc' dir='ltr'><strong>Ι.</strong></span> <span class='ocrx_word' id='word_1_219' title='bbox 457 2163 501 2183; x_wconf 79' lang='lat' dir='ltr'><strong>vs,</strong></span> <span class='ocrx_word' id='word_1_220' title='bbox 531 2157 652 2186; x_wconf 70' lang='lat'>18-22.</span> <span class='ocrx_word' id='word_1_221' title='bbox 688 2158 893 2196; x_wconf 57' lang='lat' dir='ltr'><strong>Mehers,</strong></span> <span class='ocrx_word' id='word_1_222' title='bbox 932 2162 1104 2191; x_wconf 79' lang='lat' dir='ltr'><strong>Grundriss</strong></span> <span class='ocrx_word' id='word_1_223' title='bbox 1138 2173 1198 2192; x_wconf 81' lang='lat' dir='ltr'><strong>zur</strong></span> <span class='ocrx_word' id='word_1_224' title='bbox 1232 2166 1290 2194; x_wconf 78' lang='lat' dir='ltr'><strong>Ge-</strong></span> 
     </span>
    </p>
   </div>
   <div class='ocr_carea' id='block_1_4' title="bbox 178 2207 1287 2299">
    <p class='ocr_par' dir='ltr' id='par_1_6' title="bbox 178 2207 1287 2299">
     <span class='ocr_line' id='line_1_31' title="bbox 179 2207 1287 2260; baseline 0.015 -26"><span class='ocrx_word' id='word_1_225' title='bbox 179 2207 309 2236; x_wconf 67' lang='lat' dir='ltr'><strong>rchu’chte</strong></span> <span class='ocrx_word' id='word_1_226' title='bbox 339 2210 392 2238; x_wconf 77' lang='lat' dir='ltr'><strong>der</strong></span> <span class='ocrx_word' id='word_1_227' title='bbox 416 2212 632 2250; x_wconf 65' lang='lat' dir='ltr'><strong>Mente-hbett,</strong></span> <span class='ocrx_word' id='word_1_228' title='bbox 654 2222 721 2250; x_wconf 82' lang='lat' dir='ltr'><strong>pag.</strong></span> <span class='ocrx_word' id='word_1_229' title='bbox 749 2224 817 2246; x_wconf 75' lang='lat'>222.</span> <span class='ocrx_word' id='word_1_230' title='bbox 850 2218 1040 2254; x_wconf 80' lang='lat' dir='ltr'><strong>Tacitus,</strong></span> <span class='ocrx_word' id='word_1_231' title='bbox 1066 2220 1096 2250; x_wconf 87' lang='lat' dir='ltr'><strong>in</strong></span> <span class='ocrx_word' id='word_1_232' title='bbox 1116 2222 1287 2260; x_wconf 73' lang='lat' dir='ltr'><strong>Agricola,</strong></span> 
     </span>
     <span class='ocr_line' id='line_1_32' title="bbox 178 2262 319 2299; baseline 0.035 -10"><span class='ocrx_word' id='word_1_233' title='bbox 178 2262 254 2299; x_wconf 82' lang='lat' dir='ltr'><strong>Cap.</strong></span> <span class='ocrx_word' id='word_1_234' title='bbox 272 2273 319 2299; x_wconf 78' lang='lat'><strong>30.</strong></span> 
     </span>
    </p>
   </div>
  </div>
 </body>
</html>
