1502 2767
420 187 1023 231 THEOLOGICA.
1243 207 1288 243 57

168 295 259 333 mini
287 307 463 345 supremo
499 308 569 345 pro
599 299 698 337 dono
735 298 799 337 illo
834 301 992 339 maximo
1028 301 1161 350 gratias
1199 312 1284 350 aga-

166 377 275 414 mus,
303 375 366 413 et,
395 376 573 415 quantum
604 369 765 417 quisque
799 382 868 418 pro
899 370 1041 409 viribus
1068 373 1278 417 valeamus,

129 435 255 473 'hanc
292 447 376 474 cum
417 438 592 477 omnibus
627 441 778 488 populis
806 441 1101 486 communicare,
1141 449 1177 479 et
1203 430 1278 478 effi-

159 515 265 551 cere,
296 513 338 543 ut
370 518 474 545 suam
497 510 692 547 salutarem
728 512 766 548 in
801 511 991 549 hominum
1024 511 1167 549 ani-mos
1199 511 1272 550 vim

157 584 347 622 exerceat,
375 577 491 624 magis
519 579 713 627 magisque
739 581 966 620 studeamus.

326 803 598 842 CAPUT
645 805 1083 845 ALTERUM.

151 931 235 970 QUO
260 931 487 961 PROBATUR
503 951 515 969 ,
541 933 596 960 Ex
614 934 804 964 ETHICES
828 935 1133 965 CHRISTIANAE
1162 937 1260 967 Doc-

248 1001 384 1028 TRINA
409 1002 602 1030 PRINCIPI
627 1003 685 1030 ET
715 1004 872 1032 HOMINI
901 1006 1167 1035 CHRISTIANO

335 1070 510 1099 BELLUM
538 1072 710 1101 GERERE
740 1073 929 1102 LlclTUM
953 1077 1069 1104 ESSE.

372 1253 690 1293 SECTIO
742 1257 1015 1299 PRIOR.

162 1367 456 1395 EXPONUNTUR
481 1367 749 1399 ARGUMENTA
763 1387 777 1407 2
793 1371 944 1408 QUIBUS
960 1373 1017 1400 Ex
1038 1374 1219 1415 ETmcssj

220 1437 510 1466 CHRISTIANAE
539 1439 763 1468 DOCTRINA
789 1440 980 1471 PRINCIPI
1005 1443 1063 1471 ET
1090 1445 1162 1472 Ho-

285 1503 383 1534 M1N1
412 1508 671 1536 CHRISTIANO
706 1509 885 1539 BELLUM
916 1491 1088 1542 CERERE

388 1577 574 1605 LICITUM
600 1579 699 1607 ESSE
728 1581 975 1610 PROBATUR.

617 1671 651 1720 §·
709 1689 743 1717 1.

128 1774 307 1824 Quomodo
322 1773 528 1825 disquisitio
541 1806 553 1825 ,
568 1787 696 1816 utrum
722 1793 741 1817 c
760 1780 932 1819 doctrina
947 1783 1096 1823 Ethices
1108 1782 1234 1824 Chris·

172 1845 301 1883 tianae
324 1846 461 1884 homini
485 1856 520 1885 et
547 1847 719 1899 Principi
729 1849 941 1891 Christiano
966 1853 1108 1892 licitum
1130 1857 1180 1893 siss

248 1914 380 1969 bellum
399 1927 530 1965 gerere
554 1928 605 1954 an
617 1918 759 1965 minus,
785 1920 1016 1959 instituenda
1042 1924 1105 1960 sit.

171 2018 320 2092 Quum
354 2040 419 2090 (ut
447 2040 485 2077 in
523 2041 803 2081 Introductione
834 2044 1021 2093 vidimus)
1058 2045 1225 2094 fuerint,

123 2109 188 2156 qui
220 2109 299 2148 sive
333 2110 458 2149 minus
488 2120 653 2149 accurate
679 2112 772 2151 hanc
803 2116 1055 2162 quaestionem
1092 2125 1224 2155 tracta-

121 2186 226 2225 rent,
264 2176 341 2217 siVe
357 2189 594 2227 argumenta,
621 2181 764 2228 quibus
786 2184 926 2222 veniam
957 2185 1043 2224 belli
1067 2188 1223 2235 gerundi

117 2246 192 2286 dari
214 2247 436 2297 probarent,
454 2249 595 2288 nullius
617 2250 693 2289 fere
708 2253 814 2300 pretii
842 2254 877 2291 in
904 2255 1062 2294 medium
1077 2257 1222 2306 profer·

1108 2336 1188 2366 rent
1203 2350 1217 2374 -,
