1523 2745
341 209 1103 252 OBSERVATIONES.
1210 207 1283 262 163

160 319 288 360 fusius
314 320 403 369 quid
429 320 650 368 explicatum
689 319 812 360 videre
834 321 979 368 velint,
1017 320 1115 359 adire
1139 320 1284 359 utiliter

168 390 581 440 poteruntClintonum
607 390 645 429 in
670 391 844 439 Append.
875 392 943 440 (1)
969 399 1005 429 et
1027 391 1177 431 Ludov.
1198 390 1284 430 Dis-

168 461 263 499 senii
280 461 559 509 Explicationes
575 461 783 499 Pindaricas
810 462 854 499 ad
874 460 1006 499 Odam.
1035 461 1104 500 VI.
1133 460 1283 509 Isthmi·

166 542 290 569 carum
319 530 416 579 (2);
458 530 522 568 ubi
556 531 719 569 Platonis
754 531 827 568 loci
854 531 922 579 (3)
948 530 1021 568 huc
1053 531 1281 579 pertinentes

166 599 316 638 collecti
346 609 465 648 atque·
491 600 668 649 explicati
707 608 810 639 sunt.
850 600 1084 650 Quamquam
1121 601 1211 639 mihi
1236 602 1282 639 de

164 681 209 709 eo
241 681 319 708 non
344 679 517 716 constat,
557 682 746 719 pugnam,
775 681 869 717 quae
905 671 943 708 in
980 671 1193 709 Menexeno
1234 673 1280 711 ad

164 740 392 789 Oenophyta
416 741 616 778 commissa
642 750 867 778 memoratur
883 768 896 787 ,
925 742 1071 779 eandem
1089 742 1280 780 aPlatone

163 811 350 859 intelligi,
379 822 487 858 quam
524 822 544 848 a
574 809 812 858 Thucydide.
868 810 1114 849 statuendum
1144 811 1279 850 fortas-

162 892 233 927 se,
286 882 477 919 Platonem
493 909 505 928 ,
547 881 690 929 quippe
723 880 761 918 in
795 891 834 917 re
857 881 1016 918 oratoria
1042 888 1247 919 versantem
1264 908 1279 929 ,

160 953 290 992 eodem
326 953 464 998 modo,
493 964 569 999 quo
604 951 780 988 Oratores
800 978 815 998 ,
856 951 949 988 hanc
978 949 1183 988 Historiam
1220 961 1281 988 or-

159 1033 293 1070 nasse3
350 1035 424 1070 qua
463 1023 508 1060 de
542 1034 582 1060 re
623 1020 729 1059 conf.
773 1021 1039 1075 Stallbaumius
1083 1021 1120 1058 in
1155 1020 1277 1060 Praef.

159 1092 207 1130 ad
239 1092 442 1130 Menexen.
472 1104 513 1140 p.
547 1103 606 1129 11.
637 1092 695 1128 De
731 1090 916 1139 Argivis,
947 1089 1012 1138 qui
1042 1090 1283 1128 Atheniensi-

157 1162 229 1200 bus
251 1162 416 1199 auxiliati
442 1170 555 1207 sunt,
584 1159 732 1197 consuli
769 1160 909 1207 poterit
942 1159 1159 1198 Boeckths
1189 1160 1275 1209 (4).

209 1231 428 1281 Adjicienda
450 1232 539 1269 sunt
556 1241 672 1278 pauca
698 1230 743 1268 de
757 1229 930 1268 Cimonis
951 1229 1086 1268 reditu.
1110 1230 1190 1280 Jam
1213 1241 1278 1268 an-

157 1310 196 1339 te
221 1312 384 1349 pugnam
411 1300 676 1348 Tanagraicam
712 1309 873 1337 armatus
912 1300 950 1336 in
987 1300 1277 1339 Atheniensium

157 1370 359 1408 exercitum
390 1370 516 1417 venit,
545 1381 660 1416 seque
697 1370 743 1407 ad
773 1369 911 1408 tribum
946 1381 1047 1407 suam
1075 1369 1277 1416 Oeneidem

157 1440 397 1488 aggregavit,
425 1451 551 1478 verum
580 1439 729 1477 Periclis
756 1439 954 1478 necessarii
983 1439 1211 1488 effecerunt,
1235 1450 1279 1479 ut

157 1509 459 1559 Quingentorum
489 1510 646 1548 Senatus
670 1510 860 1547 Praetores
881 1510 1051 1558 juberet,
1080 1510 1275 1548 Cimonem

157 1591 389 1627 nequaquam
413 1581 620 1618 admittere.
654 1579 732 1629 Qui
747 1591 860 1627 quum
879 1579 928 1617 ita
943 1580 1175 1628 abigeretur,
1190 1581 1280 1619 ami-

159 1661 226 1689 cos
242 1661 331 1688 suos
348 1679 361 1697 ,
386 1661 481 1697 quos
505 1650 611 1687 etiam
632 1650 849 1687 Laconismi
865 1651 1034 1698 suspicio
1060 1651 1248 1698 premebat
1262 1681 1276 1696 ‚

160 1720 281 1758 oravit
295 1748 308 1766 ,
330 1728 371 1757 ut
385 1729 534 1757 strenue
554 1732 637 1757 cum
663 1720 839 1757 hostibus
853 1720 1069 1758 dimicantes
1083 1721 1278 1767 ,crimina-

159 1789 300 1827 tionem
326 1790 425 1837 apud
447 1789 548 1826 cives
572 1788 679 1826 factis
705 1790 903 1827 diluerent.
943 1789 994 1826 Hi
1030 1798 1179 1828 centum
1206 1802 1276 1828 nu-

158 1870 288 1905 mer0,
329 1858 501 1897 Cimonis
531 1859 641 1897 armis
675 1859 713 1896 in
749 1859 977 1907 manipulum
1014 1861 1200 1906 receptis,
1238 1870 1275 1898 et
1313 1871 1316 1873 ’

158 1928 274 1977 globo
297 1928 394 1965 inter
422 1940 461 1966 se
487 1927 615 1975 facto,
646 1940 774 1966 omnes
803 1938 957 1966 mortem
986 1930 1274 1978 oppetiverunt,

159 2008 410 2047 magnumque
447 1997 506 2035 sui
537 1997 757 2035 desiderium
794 1997 1087 2035 Atheniensibus
1116 1998 1275 2045 relique-

158 2076 262 2107 runt.
316 2069 408 2106 Non
441 2067 504 2106 diu
543 2068 682 2106 Cimon
718 2068 816 2116 apud
842 2079 907 2105 eos
934 2067 972 2104 in
999 2066 1141 2106 offensa
1171 2066 1274 2115 fuit,

1167 2137 1279 2187 quip-

201 2199 253 2241 (1)
275 2203 351 2236 cap.
373 2202 453 2231 VIII.
476 2209 508 2236 p.
532 2203 599 2237 269.
621 2209 669 2236 sq.

199 2258 253 2296 (2)
274 2259 334 2287 Ed.
352 2257 488 2287 Boeckh.
508 2265 583 2287 tom.
602 2258 641 2287 11.
657 2264 735 2292 part.
755 2265 784 2287 2.
801 2266 832 2292 p.
855 2267 923 2293 532-
942 2266 1007 2294 sqq.

200 2316 254 2352 (3)
274 2314 378 2344 Alcib.
396 2316 419 2344 1.
439 2323 506 2350 cap.
529 2319 558 2345 8.
578 2323 610 2350 p.
631 2322 697 2344 112.
729 2316 897 2344 Menexen.
917 2323 986 2351 cap.
1013 2323 1059 2351 13.
1082 2323 1112 2350 Ρ.
1134 2325 1202 2353 242.
1225 2316 1258 2344 B.

200 2372 256 2410 (4)
276 2373 325 2402 Ad
343 2372 463 2408 Corpus
481 2371 634 2410 Inscriptt.
655 2372 678 2400 1.
699 2380 732 2407 p.
750 2379 818 2408 29⁵·
837 2379 884 2407 sq.

668 2428 750 2467 L2
