1502 2767
195 157 261 201 138
411 150 1069 192 COMMENTATIO

191 271 228 300 et
258 261 355 299 varia
379 269 467 299 sunt
492 272 562 309 pro
591 261 878 308 sententiarum,
921 272 1012 308 quas
1046 259 1204 308 fovent,
1239 262 1293 299 di·

192 331 365 369 versitate
380 358 394 377 ,
427 331 465 367 id
491 329 638 377 egisse,
667 339 709 367 ut
729 330 940 377 levissima,
963 338 1075 378 atque
1100 331 1189 382 adeo
1215 342 1293 369 sae-

190 400 276 448 pius
309 402 411 438 nulla
445 400 490 437 de
515 411 625 438 causa
641 427 654 447 ‚
680 400 798 448 bella,
825 411 909 439 cum
934 409 1110 447 externa,
1132 409 1209 439 tum
1238 401 1294 440 in·

190 479 321 517 terna,
362 469 607 517 exsisterent,
645 481 760 517 eaque
792 482 900 518 quam
935 471 1167 510 atrocissime
1194 482 1297 521 gere·

191 539 341 578 rentur!

238 607 387 659 Quodsi
421 608 466 646 ad
505 607 694 646 Orientem
731 609 862 646 oculos
900 618 1120 656 convertas,
1172 608 1296 647 ubivis

187 678 288 716 omni
336 680 405 717 sua
439 679 478 715 vi
513 678 613 727 viget
652 678 930 726 despotismus,
981 689 1127 717 omnem
1161 677 1299 732 ingenii

187 749 329 786 cultum
355 748 568 796 opprimens
586 776 599 795 ,
641 748 815 796 variaque
839 748 953 795 vitia,
977 748 1190 796 luxuriam,
1215 759 1300 786 cru-

186 819 399 865 delitatem,
435 818 719 867 oppressionem
741 818 841 856 alens
871 817 971 866 (1);
1013 820 1088 865 qua
1118 816 1298 867 pestifera

186 889 332 936 imperii
366 887 488 926 forma
523 888 656 936 populi
689 888 914 935 aliquamdiu
955 887 1130 936 quidem,
1169 898 1218 926 ne
1260 887 1300 925 in

187 959 389 997 seditiones
427 968 647 1006 erumpant,
697 959 935 996 continentur
971 966 1010 996 et
1060 957 1187 996 servili
1214 957 1302 996 reti-

184 1038 320 1067 nentur
335 1038 459 1066 metu:
491 1029 558 1065 sed
581 1028 727 1066 tandem
753 1028 951 1076 aliquando
966 1055 979 1075 ‚
1008 1028 1074 1066 ubi
1091 1027 1301 1076 libertatis,

187 1098 330 1137 homini
363 1098 494 1136 insitae
510 1127 523 1145 ,
546 1109 622 1136 vox
647 1098 843 1145 loquitur,
878 1098 1083 1136 libertatem
1112 1097 1303 1137 vindicare

184 1168 365 1215 student,
393 1176 454 1215 et,
498 1166 727 1216 despotismo
768 1179 878 1214 quam
905 1167 1160 1205 crudelissime
1195 1179 1302 1216 agere

187 1238 332 1285 edocti,
368 1236 526 1275 ferarum
549 1237 687 1283 instar,
729 1248 872 1274 summa
896 1236 979 1274 imis
1011 1235 1235 1284 miscentes,
1262 1235 1302 1274 in

187 1317 448 1354 quemcunque
485 1305 559 1343 sibi
605 1303 759 1342 noxium
795 1304 1062 1352 suspicantur,
1111 1304 1295 1347 saeviunt,

186 1377 256 1415 Uti
292 1378 379 1414 haec
407 1376 553 1423 imperii
586 1373 708 1413 forma
730 1363 935 1420 efficiebat,
969 1382 1011 1412 ut
1040 1374 1212 1414 homines
1236 1387 1301 1424 pa·

186 1447 274 1484 triae
297 1447 437 1484 viscera
462 1445 728 1492 dilacerarent3
769 1442 820 1482 ita
848 1445 915 1490 qui
941 1443 980 1481 in
1015 1444 1108 1482 alios
1133 1446 1301 1493 populos

185 1517 274 1554 tales
296 1515 500 1561 saevirent,
528 1514 680 1552 uberius
701 1515 896 1562 explanare
917 1524 994 1551 non
1018 1525 1117 1562 opus
1135 1524 1191 1552 est
1214 1517 1297 1563 (2).

185 1587 301 1636 Apud
356 1586 543 1624 Graecos.
573 1593 608 1622 et
657 1584 855 1622 Romanos
894 1583 981 1622 licet
1022 1583 1297 1631 Aristocratia,

184 1655 435 1703 Democratia‚
484 1655 750 1702 Ochlocratia,
802 1654 862 1691 vel
909 1654 1016 1692 XXX
1056 1663 1299 1702 tyrannorum

187 1726 380 1775 imperium
421 1726 588 1774 vigeret,
611 1734 757 1772 tamen,
806 1734 849 1762 ut
886 1724 967 1773 ipsa
1003 1724 1056 1762 rei
1088 1725 1213 1773 ratio,
1240 1726 1302 1765 ‚ita

185 1796 341 1834 historia
372 1796 524 1842 docuit,
553 1804 648 1842 quot
672 1794 802 1833 turbae
835 1795 954 1832 ethic
979 1794 1141 1832 fuerint!
1171 1795 1299 1845 Quum

187 1866 373 1905 nescirent
394 1877 507 1903 unum
527 1866 648 1903 Deum
673 1864 836 1902 omnium
859 1875 941 1902 esse
962 1875 1101 1913 patrem
1115 1893 1128 1912 ‚
1156 1863 1303 1902 munes-

186 1949 261 1985 que
271 1948 352 1975 esse
367 1936 535 1983 aequales
551 1963 563 1980 ,
578 1934 786 1973 nobiliores
801 1934 946 1984 plebem
972 1932 1186 1983 oppressam
1200 1936 1305 1973 vole·

1183 2004 1271 2042 bant

224 2071 277 2108 ζ.)
300 2073 376 2099 Van
398 2071 631 2105 1{ampen,l.
654 2071 676 2098 1.
695 2071 820 2105 pag-36
835 2078 918 2104 -99.
958 2069 1033 2096 Van
1062 2068 1188 2097 Oordr
1215 2032 1300 2098 Disst

183 2131 265 2158 laud.
286 2137 352 2163 ng.
376 2131 423 2157 86.
451 2126 556 2162 ibique
585 2126 749 2162 scriptores
771 2126 874 2153 laudd.

225 2185 276 2223 (α)
298 2186 369 2213 Vid.
393 2183 654 2218 Muntinghe‚
689 2180 846 2210 G‘eschied.
866 2181 919 2209 der
943 2179 1100 2208 Mensam.
1125 2179 1213 2208 Tom.
1242 2181 1293 2209 111.

184 2250 250 2278 pag.
272 2251 335 2277 103.
355 2249 384 2269 et
403 2248 493 2270 annot
514 2240 551 2269 ad
571 2241 600 2268 h.
626 2247 656 2273 p.
