1502 2767
389 190 979 241 THEOLOGICA.
1177 219 1248 256 ¹77

141 295 243 344 cipes
278 297 375 337 inter
420 309 458 340 et
495 306 709 354 populum,
760 309 879 357 qualis
925 321 1010 351 ante
1049 315 1243 357 Christum

135 377 292 413 prorsus
324 378 399 408 erat
434 371 580 421 ignota,
620 376 827 418 intercessit
863 384 1129 435 necessitudo,
1165 388 1244 427 sin·

132 438 304 484 gulorum
345 441 485 489 quippe
515 445 662 492 J'uribus
686 451 813 496 aequis
852 452 997 500 legibus
1021 458 1241 498 constitutis

130 515 168 543 et
204 508 371 548 sancitis.
433 512 531 551 Hinc
570 514 607 552 in
641 517 797 567 Europa
835 522 1049 563 Christiana
1092 528 1241 577 Despo-

127 573 227 614 tismi
265 588 341 617 non
374 581 448 619 nisi
494 592 630 623 nomen
676 599 857 637 superest.
913 592 1039 641 Ignoti
1080 609 1238 646 prorsus

127 646 267 686 Xerxes
288 677 302 696 ,
340 650 510 701 Tiberii,
563 655 775 706 Caligulae,
819 664 1085 714 Aurengzebi,
1126 669 1238 709 Mah-

124 717 241 755 mudi.
297 720 490 760 Summum
514 724 708 772 imperium
740 731 816 769 non
857 744 970 780 penes
1009 747 1122 775 unum
1150 749 1235 788 est,

123 786 189 824 sed
223 788 304 836 ipse
336 794 529 840 populus,
555 796 765 845 Religionis
793 802 1026 843 Christianae
1062 809 1235 850 doctrina

120 856 316 896 humanior
348 859 468 900 factus
512 873 548 902 et
590 867 806 908 melioribus
850 869 1032 913 libeftatis
1069 880 1235 917 notioni-

120 924 193 965 bus
226 927 422 978 imbutus‚
450 932 592 981 imperii
628 938 813 987 particeps
840 950 910 980 est.
964 944 1112 993 Imperii
1155 949 1233 987 for·

119 1006 176 1034 ma
202 1008 248 1035 ex
278 1000 536 1049 Democratia,
564 1004 808 1046 Aristocratia
832 1019 869 1049 et
891 1011 1113 1053 Monarchia
1138 1018 1231 1056 mix·

114 1073 176 1113 ta,
202 1068 388 1106 veteribus
419 1082 576 1118 prorsus
617 1084 694 1113 erat
729 1078 882 1127 ignota,
910 1083 982 1120 nisi
1008 1084 1136 1124 forsan
1164 1089 1230 1126 ali-

114 1137 199 1183 quis
228 1135 482 1178 Romanorum
508 1142 792 1192 Rempublicam
825 1151 886 1190 hie
912 1154 1081 1202 excipere
1105 1158 1225 1207 velit3

111 1206 177 1244 sed
219 1208 291 1246 sub
323 1209 403 1257 ipsa
435 1212 502 1250 hac
543 1213 688 1263 imperii
722 1222 821 1267 apud
852 1222 1046 1263 Romanos
1077 1226 1226 1276 forma,

109 1275 267 1315 Senatus
311 1279 361 1317 ita
396 1284 658 1334 praevalebat,
702 1298 745 1326 ut
784 1293 917 1339 populi
946 1305 1112 1342 potestas
1146 1296 1226 1336 fere

105 1346 207 1384 nulla
250 1357 363 1388 esset.
428 1351 554 1391 Haece
603 1355 747 1406 imperii
781 1359 932 1410 forma,
972 1376 1068 1411 quae
1112 1368 1225 1408 hodie

107 1415 233 1455 ubivis
269 1417 347 1457 fere
372 1420 410 1458 in
439 1423 593 1472 Europa
630 1428 745 1475 magis
780 1430 951 1470 minusve
980 1435 1223 1488 dominatur,

104 1486 179 1535 ipsi
202 1490 336 1537 populi
358 1503 426 1539 per
453 1493 572 1541 viros,
599 1497 770 1538 moribus
797 1509 835 1538 et
865 1502 969 1540 civili
988 1505 1139 1545 scientia
1164 1510 1220 1547 in-

103 1557 255 1606 signes,
291 1570 459 1608 regnant.
522 1564 599 1613 Ipsi
642 1566 715 1605 sibi
748 1570 846 1618 leges
886 1571 1040 1623 ferunt,
1079 1577 1219 1619 tributa

103 1634 139 1664 et
170 1628 311 1676 reliqua
348 1630 562 1679 imponunt.
617 1637 678 1675 Sic
707 1639 897 1680 hominum
915 1671 930 1691 ,
958 1648 1034 1693 qua
1057 1648 1215 1696 talium,

99 1705 135 1735 et
163 1697 302 1738 civium
339 1701 548 1742 vindicatur
566 1706 739 1755 dignitas.

149 1768 236 1806 Dici
267 1770 329 1809 vix
355 1781 510 1822 potest,
562 1787 743 1824 quantum
786 1781 933 1831 singula
969 1786 1057 1824 haec
1096 1798 1137 1826 ut
1177 1790 1216 1830 in

99 1839 240 1886 reliqua
287 1841 434 1890 omnia,
486 1843 535 1882 ita
575 1846 746 1896 inprimis
779 1853 824 1890 ad
862 1866 987 1901 pacem
1025 1859 1213 1900 stabilien-

95 1909 175 1947 dam
204 1918 241 1947 et
274 1909 391 1959 bella,
425 1924 509 1952 cum
536 1924 712 1965 externa,
741 1930 816 1959 tum
843 1922 985 1963 interna
1010 1930 1213 1968 amovenda

93 1980 252 2018 valeant.
325 1981 440 2021 Nunc
471 1985 566 2023 enim
604 1999 732 2027 omnes
772 1994 1054 2045 prudentiores,
1104 2010 1212 2039 verae

95 2047 277 2087 libertatis
310 2051 466 2090 notione
504 2053 636 2094 imbuti
654 2070 677 2104 ,'
695 2070 836 2108 suaque
863 2063 945 2112 Jura
969 2066 1121 2115 agnosci
1147 2079 1210 2105 ex·

93 2119 219 2167 perti,
270 2119 480 2171 principum
531 2133 568 2163 et
611 2126 732 2175 legum
775 2134 1031 2172 auctoritatem
1078 2147 1208 2178 contra

95 2186 246 2226 levioris
277 2191 388 2228 animi
422 2194 607 2243 vulgum,
659 2198 932 2241 immoderatam
969 2205 1202 2257 libertatem,

98 2267 192 2303 quae
226 2268 303 2297 non
338 2261 411 2299 nisi
446 2264 580 2303 damno
617 2279 702 2306 esse
736 2280 891 2321 potest,
938 2275 1203 2317 desiderantem

145 2339 241 2376 JUN.
632 2337 676 2374 M
1165 2358 1201 2385 et
