1502 2767
244 178 312 215 ηε
479 146 1148 218 COMMENT'A‘Tlo

246 285 416 324 videmus
430 286 504 325 levi
528 287 573 325 de
587 298 696 325 causa
716 286 873 334 bellari,
893 285 951 324 uti
965 297 1006 325 v.
1028 297 1063 325 c.
1086 282 1139 324 ob'
1155 284 1360 324 nonnullo-

247 367 327 394 rum
353 356 498 394 caedem
513 384 527 404 ‚
554 356 603 394 ob
629 355 772 395 furatos
797 367 932 403 canes,
958 365 1022 394 aut
1045 354 1357 404 currum‘,³pe1·li-

245 427 318 464 bus
354 435 531 465 onustum
570 427 655 477 (ι).
708 426 882 465 Sanctius
914 428 1092 465 servanda
1123 433 1256 474 putant
1286 436 1357 474 po-

245 494 328 544 puli
369 495 545 544 foedera,
582 508 631 535 ne
668 496 765 534 bella
797 506 1030 545 erumperent
1065 487 1163 546 (2),
1191 497 1284 545 quin
1316 503 1354 534 et

243 564 393 604 foedera
426 576 593 616 pangunt
620 568 665 606 ad
688 568 782 605 bella
808 567 1028 614 avertenda,
1056 566 1103 605 ad
1135 561 1356 604 controverss

243 636 317 674 sias
357 636 473 675 amice
508 637 605 675 inter
641 649 681 675 se
723 637 1015 687 componendas.
1068 637 1155 675 Hoc
1196 632 1357 674 consino

242 706 424 758 Europae
447 707 635 756 principes
660 707 792 747 foedus
808 735 822 756 ,
851 709 955 756 quod
984 707 1120 746 dicitur
1148 706 1327 745 Sanctum
1343 733 1357 753 ,

245 777 392 825 aliaque
423 787 529 826 pacta
564 778 755 826 inierunt,
795 787 832 816 et
868 779 964 816 inter
998 777 1164 817 diversas
1189 777 1357 815 civitates

245 847 505 896 aequilibrium
532 848 760 887 constituere
778 849 1006 887 studuerunt
1023 847 1108 898 (3).
1152 847 1214 886 Sic
1241 847 1357 896 magis

249 917 468 967 magisque,
495 918 669 956 omnibus
691 918 792 968 pacis
817 920 930 957 causa
951 918 1089 957 frustra
1107 917 1286 965 tentatis,
1313 916 1360 954 ad

248 999 347 1026 arma
377 987 581 1037 confugere
599 997 805 1038 coeperunt
827 1000 943 1036 eaque
969 999 1093 1037 gerere
1126 987 1232 1036 pacis
1252 998 1359 1025 recu-

249 1059 429 1107 perandae
460 1061 587 1097 causa.
615 1059 670 1097 Ita
692 1060 798 1097 Rex
823 1067 1006 1097 noster
1040 1057 1163 1096 tribus
1188 1066 1274 1095 ante
1296 1067 1362 1094 an-

249 1129 333 1176 nis,
369 1140 452 1167 cum
489 1131 592 1169 nulla
633 1130 763 1168 salutis
798 1130 944 1168 aliunde
975 1129 1242 1178 comparandae
1271 1133 1360 1175 spes

248 1208 489 1247 superesset,
541 1199 715 1237 omnibus
750 1200 930 1246 tentatis,
974 1201 1013 1237 vi
1052 1210 1093 1236 ac
1129 1197 1362 1246 temporibus

251 1278 433 1317 coactus,
474 1281 573 1308 arma
607 1269 790 1319 suscepit.
844 1270 928 1308 Rex
955 1268 1364 1318 ille-augustissimus,

249 1349 353 1389 pater
392 1339 530 1388 patriae
570 1348 719 1378 nostrae
738 1368 751 1387 ,
787 1340 854 1378 hac
895 1339 1038 1378 ratione
1085 1341 1236 1378 locutus
1276 1347 1362 1377 est:

1257 1435 1284 1457 „
1307 1408 1369 1447 Ex

289 1512 343 1550 (ι)
366 1514 450 1542 Hunc
475 1515 514 1543 ob
543 1523 662 1544 causam
691 1515 955 1551 Gengiskhan
991 1515 1166 1545 saevissima
1191 1515 1254 1550 egit
1282 1515 1362 1545 bella

252 1571 313 1605 (cf.
332 1571 353 1599 Β
364 1579 380 1598 e
390 1572 436 1600 ck
447 1573 599 1607 er,Vlll.
619 1581 651 1608 p.
665 1574 752 1610 76.),
765 1574 810 1602 uti
821 1581 850 1602 et
869 1575 960 1602 Picti
977 1581 1007 1602 et
1019 1575 1123 1608 Scon’,
1133 1581 1192 1602 nec
1208 1581 1270 1602 non
1281 1573 1365 1601 Bur-

252 1628 432 1664 gundiones.
460 1629 518 1666 (cf.
548 1631 785 1660 Gronovius
812 1633 848 1660 ad
870 1631 1036 1660 Aeliani
1067 1632 1144 1660 Var,
1178 1631 1268 1660 His-t.
1291 1629 1361 1659 Lib.

254 1684 310 1713 XI.
331 1693 360 1715 c.
388 1686 457 1722 35.)
478 1687 566 1716 Aliae
588 1695 693 1722 gemes
717 1688 757 1716 ob
774 1689 908 1717 camelos
929 1695 1052 1724 ereptos
1069 1695 1250 1724 captamque
1275 1695 1365 1716 unam

249 1741 414 1770 foeminam
446 1742 634 1773 internecina
659 1752 807 1781 ceperunt
826 1754 917 1775 arma.
943 1746 994 1774 Cf.
1008 1746 1274 1782 Muntinghe,
1301 1747 1324 1775 Ι.
1339 1746 1363 1777 1.

253 1799 310 1828 111.
331 1808 364 1835 p.
386 1804 442 1837 89,
464 1810 513 1837 90.

292 1855 345 1895 (α)
367 1858 425 1887 eff.
453 1859 598 1894 lselin,
618 1861 675 1889 1.1.
699 1860 723 1888 1.
739 1868 771 1888 ct
796 1860 1066 1897 Tzschirner‚
1086 1862 1162 1890 iiber
1176 1861 1227 1891 die
1245 1861 1365 1897 Kriag,

250 1921 282 1947 pa
307 1918 370 1950 184.

291 1975 344 2012 (3)
365 1977 415 2005 cf.
440 1978 517 2006 Van
542 1979 697 2007 Voorst
713 1998 723 2013 ,
749 1978 780 2007 in
799 1978 891 2006 Orat.
907 1978 942 2006 dc
962 1978 1117 2006 commodis
1135 1985 1170 2006 ac
1185 1977 1365 2005 emolumen-

259 2034 322 2067 tis,
345 2042 377 2068 p.
400 2042 448 2071 34.
477 2042 508 2063 et
530 2043 600 2063 nota
624 2037 660 2064 ad
676 2037 707 2064 h.
724 2037 746 2064 1.
774 2035 844 2064 Vid.
866 2037 1004 2064 Annales
1032 2036 1132 2064 Acad.
1158 2035 1270 2071 Lagea!
1289 2035 1367 2062 Bat.

258 2093 329 2120 1816
345 2103 382 2111 -
400 2096 484 2121 1815.
521 2092 570 2120 ef.
605 2094 643 2121 de
675 2093 953 2128 conventionibus,
988 2094 1024 2121 ad
1059 2101 1131 2128 quas
1158 2093 1293 2121 ernnae
1334 2099 1366 2120 et

250 2149 448 2184 Aquisgrano
478 2149 612 2185 quinque
648 2150 931 2184 potentissimorum
957 2149 1100 2186 Europae
1126 2148 1298 2185 principum
1321 2151 1366 2178 le·

250 2204 309 2240 gari
332 2206 486 2241 congressi
510 2213 600 2242 sunt,
626 2207 931 2243 schmeltzing,
953 2208 973 2236 1.
991 2208 1014 2238 1.
1032 2206 1086 2236 111.
1103 2214 1134 2250 p,
1151 2215 1211 2243 73,
1228 2215 1278 2243 77.
1295 2214 1367 2244 sqq.

250 2263 402 2299 Gai-ve,
418 2264 563 2295 Ahlmnd.
582 2273 615 2301 p.
642 2273 700 2302 90,
723 2275 773 2303 91.
795 2265 919 2301 aliique.
