1502 2767
242 172 332 205 η,
489 147 1150 190 coMMENTATto

258 259 494 299 leustein
518 259 589 298 iste
613 259 741 307 copias
769 269 854 297 suas
882 256 1078 306 promissis
1111 268 1152 295 ac
1181 257 1291 296 minis
1311 268 1372 296 ac·

258 330 411 368 cendete
423 341 463 368 ac
478 329 835 385 stimulareconatus
852 337 907 366 est
923 341 938 376 3
967 327 1004 365 in
1020 328 1130 365 altera
1145 338 1234 366 vero
1248 328 1369 377 campi

252 409 354 448 parte
368 400 405 438 G
423 412 444 436 u
459 412 475 436 s
490 408 534 436 ta
550 411 572 436 v
588 411 608 435 u
624 410 641 436 s
659 427 671 442 ‚
688 398 752 446 qui
783 409 926 436 omnem
952 399 988 436 in
1016 399 1095 436 neo
1123 398 1248 446 posuit
1274 398 1370 437 fidu-

250 471 342 509 ciam
372 470 461 520 (ι),
515 470 686 517 precibus
720 469 765 506 ad
800 470 917 506 Deum
948 467 1108 514 effusis,
1159 467 1368 507 animorum

251 541 349 580 vires
388 540 668 584 corroboravit,
698 550 775 586 quo
807 538 965 576 consilio
997 548 1030 575 et
1060 538 1140 585 ipse
1178 547 1213 576 et
1237 538 1369 587 copiae

252 613 426 659 quaedam
463 610 672 647 cecinerunt
696 609 854 646 carmina
883 607 968 656 (2).
1022 607 1203 658 Quamvis
1234 608 1279 645 ab
1305 607 1364 646 his

249 680 289 718 in
318 682 463 728 proelio
497 679 632 716 fortius
669 678 879 715 dimicatum
909 685 1034 724 esset,
1062 688 1125 714 rex
1152 677 1232 724 ipse
1252 689 1366 715 occu-

249 749 358 794 buit,
401 751 438 787 in
474 751 582 799 cnjiis
625 748 786 787 tentorio
821 747 1004 786 Grotii
1041 747 1160 786 nostri
1191 747 1285 786 liber
1319 746 1365 786 de

251 820 358 868 Jure
398 819 485 857 belli
536 828 571 857 ct.
611 821 715 870 pacis
757 818 935 856 evolutus
975 816 1144 865 repertus
1182 827 1239 855 est
1277 819 1362 867 (3).

248 889 466 929 pancissimi
501 900 588 927 sane
619 889 652 926 ei
699 888 837 926 virtute
871 888 1147 935 adaequarunt3
1198 887 1265 925 sed
1308 896 1363 925 ta·

250 970 334 996 men
366 957 543 1005 suerunt,
570 969 637 995 nec
658 969 734 996 non
761 958 797 995 in
819 967 946 996 nostra
972 958 1102 1006 patria.
1144 958 1359 995 Ruterus

248 1028 331 1066 talis
359 1028 455 1074 fuit,
497 1029 562 1076 qui
596 1036 766 1075 tanquam
807 1029 917 1065 heros
944 1039 1068 1064 revera
1093 1027 1359 1073 Christianus,

249 1097 413 1136 omnium
441 1109 506 1134 ore
529 1109 568 1135 ac
595 1098 697 1135 omni
725 1106 892 1146 tempore
916 1097 1157 1135 celebrandus
1182 1105 1255 1135 est.

295 1168 577 1207 Recentissimis
626 1180 778 1216 quoque
818 1168 1078 1216 temporibus,
1128 1164 1357 1214 cognitionis

246 1240 408 1288 purioris
445 1239 616 1287 apparuit
655 1239 825 1276 salutaris
855 1239 927 1277 vis.
979 1236 1164 1276 Conseras
1196 1246 1358 1274 tantum-

244 1310 355 1348 modo
392 1309 578 1354 Francos,
619 1309 711 1346 dnce
749 1309 1111 1356 Napoleonte‚
1150 1316 1264 1354 atque
1290 1317 1356 1343 co-

242 1379 322 1428 pias
344 1379 552 1427 principum
579 1378 759 1423 Russiae,
790 1379 998 1423 Austriae,
1026 1377 1247 1423 Bormiae,
1274 1375 1358 1413 An-

240 1450 342 1500 gliac
364 1449 457 1497 (4),
493 1449 586 1485 duce
614 1447 1001 1496 Wcllingthono
1038 1446 1210 1494 aliisque.
1262 1447 1355 1484 Pau-

241 1532 284 1557 ca
321 1519 512 1557 brevitatis
545 1529 653 1555 causa
682 1517 856 1556 monebo.
911 1517 1014 1555 Bello
1040 1517 1214 1564 incepto,
1243 1514 1355 1552 edidit
1384 1530 1387 1532 ¹

1225 1585 1354 1622 Fran-

278 1658 331 1697 (ι)
351 1659 430 1694 Regi
455 1666 633 1687 consuetum
663 1656 720 1684 fuit
745 1656 880 1684 dictum:
909 1663 1013 1684 omnes
1037 1654 1098 1683 mei
1120 1653 1227 1689 capitis
1252 1653 1352 1682 crines

240 1724 308 1747 tunt
334 1714 499 1747 numerati.
529 1721 657 1750 quorum
685 1714 806 1747 nullus,
838 1711 938 1740 invito
965 1713 1050 1746 Deo,
1088 1710 1225 1739 decedit.
1275 1709 1351 1739 vid.

241 1772 452 1807 cunni-ie,
474 1773 496 1799 1.
516 1772 538 1798 Ι.
559 1779 591 1805 p.
613 1771 682 1806 961.

282 1833 333 1866 (α)
353 1829 508 1862 Carmina,
537 1835 612 1862 quae
641 1834 694 1854 rex
721 1833 751 1854 et
777 1825 890 1854 milites
918 1831 1094 1859 cantarunt,
1130 1823 1177 1852 his
1200 1822 1351 1859 incipiunt

241 1889 360 1917 verbis:
383 1887 461 1914 Eine
485 1886 566 1921 feste
592 1884 679 1919 Burg
706 1884 749 1910 ist
777 1891 867 1909 unser
897 1883 991 1916 Gon,
1018 1880 1107 1916 reliq.
1131 1887 1179 1909 et:
1208 1880 1256 1907 Er
1279 1881 1350 1907 mol!

241 1954 295 1973 uns
326 1945 399 1972 cm
422 1942 538 1978 pniidig
562 1949 653 1975 seyn,
673 1939 763 1973 reliq.
788 1938 855 1966 vid.
876 1939 899 1967 1.
917 1939 940 1966 1.
959 1946 991 1973 p.
1012 1942 1098 1967 1128.

279 2007 331 2039 (3)
355 1999 410 2029 Hic
428 1998 506 2026 lib-:r
522 2004 640 2030 semper
658 1995 686 2023 in
707 1997 785 2029 regis
802 2003 888 2023 manu
906 1993 964 2022 fuit
982 2001 1012 2022 et
1031 1992 1097 2027 ejus
1117 1992 1200 2026 iussu
1219 2000 1348 2021 conver-

241 2067 290 2089 sus
322 2057 352 2086 in
383 2055 543 2083 Succorum
578 2052 720 2086 linguam.
770 2051 822 2080 Cf.
859 2050 982 2080 omnino
1018 2049 1215 2080 Bruckeri
1259 2050 1348 2079 Hist-

242 2118 327 2145 Crn't.
349 2115 458 2146 Phil„
478 2113 519 2141 V.
541 2120 573 2146 p.
592 2111 660 2145 736.

275 2172 330 2212 (4)
349 2172 397 2201 cl.
420 2170 462 2199 cl.
479 2176 554 2197 van
578 2168 745 2202 Voorsg,
775 2167 807 2193 in
836 2166 932 2194 Orat.
957 2163 1066 2199 laud„
1086 2172 1116 2199 p.
1145 2171 1193 2197 17·
1219 2171 1251 2192 οι
1273 2171 1342 2192 unu.

239 2231 279 2259 nd
299 2232 330 2257 h.
354 2234 418 2264 pag.
