1502 2767
219 161 269 199 92
452 147 1115 190 COMMENTATIO

224 258 278 298 At
290 269 379 299 vero
394 269 470 298 non
495 267 636 298 tanturn
656 258 695 296 hi
722 258 883 308 populi,
903 260 968 298 sed
988 259 1062 309 ipsi
1085 258 1193 298 etiam
1213 259 1337 300 Grae-

226 331 264 368 ci
289 337 326 366 et
360 328 523 367 Romam·
561 328 773 375 religionem
815 329 998 378 ejusmodi
1036 330 1197 378 amplexi
1227 338 1331 368 sunt.

223 397 363 437 Mars
397 399 548 437 omnino
582 399 678 445 apud
712 410 776 436 eos
811 410 956 437 summo
990 399 1028 437 in
1065 400 1206 438 honore
1228 398 1328 448 fuit3

220 468 482 514 Minerva,
521 467 718 515 sapientiae
743 468 821 506 Dea
861 477 996 506 armata
1031 469 1192 516 dicitur,
1219 480 1329 516 quam

220 537 444 576 comitantur
479 538 660 576 discordia
707 547 743 576 et
789 539 976 586 sanguinis
1015 539 1168 586 cupido.
1232 538 1329 576 Nam

219 608 374 658 populis
411 607 468 646 his
498 619 639 646 summa
677 607 854 656 sapientia
887 608 925 645 in
952 619 990 645 re
1029 607 1175 647 militati
1209 616 1335 656 patere

223 679 302 718 visa
329 688 385 717 est
414 679 495 727 (1).
549 679 630 716 Nec
658 678 804 716 mirum.
859 678 937 726 Ipsi
963 677 1110 716 illorum
1140 678 1235 725 Dei,
1264 676 1330 726 qui

224 750 337 799 hujus
364 749 510 786 illuisve
533 749 683 786 tutelam
709 758 927 796 gesserunt,
964 760 1007 786 ex
1032 760 1157 787 eorum
1185 748 1333 796 opinio·

193 814 270 860 ne
306 821 502 858 certamina
532 820 626 856 inter
659 829 700 856 se
726 828 877 867 egerunt
908 819 1145 866 saevissima3
1170 819 1260 856 adeo
1290 827 1333 857 ut

223 889 298 940 ipsi
336 889 399 929 Dii
422 890 467 927 iis
493 889 568 927 sint
590 888 728 928 Heroe‘s
746 917 758 936 ‚
785 889 912 937 quales
953 900 1017 926 eos
1051 888 1218 937 depinxit
1244 889 1336 927 Ho—

225 971 420 1006 merus,
449 971 564 1007 aeque
601 971 641 997 ac
672 959 949 1007 Virgilius,
1008 958 1147 997 Nonne
1171 960 1261 997 tales
1289 958 1336 998 de

225 1030 312 1070 Diis
333 1031 559 1078 Deabusque
585 1031 788 1068 sententiae
805 1029 886 1068 illas
907 1037 1036 1077 gentes
1056 1029 1101 1066 ad
1122 1029 1330 1067 bellandum

224 1100 470 1138 incitassent?
492 1111 616 1137 nonne
640 1099 763 1137 ubivis
778 1127 790 1146 ‚
813 1111 896 1137 cum
921 1100 986 1137 has
1002 1100 1166 1137 Deorum
1188 1109 1333 1147 pugnas

227 1170 454 1208 attenderent
491 1169 689 1217 homines,
729 1170 817 1208 haec
855 1181 929 1207 vox
955 1170 1078 1208 audita
1109 1168 1267 1209 fuisset:

316 1284 398 1334 Ego
425 1284 612 1322 homuncio
636 1283 701 1321 hoc
725 1295 796 1322 non
809 1283 979 1332 faxere-m
996 1283 1016 1321 ²?
1031 1309 1043 1321 .
1059 1309 1070 1320 .
1093 1312 1104 1322 .
1121 1309 1133 1322 .
1157 1285 1243 1334 (2).

451 1423 630 1450 ODIUM
681 1423 751 1450 ET
804 1421 1125 1450 VINDICTA.

283 1555 374 1604 Quo
400 1552 614 1596 incultiores
647 1552 807 1600 populi,
844 1563 889 1590 eo
914 1551 1062 1590 facilius
1096 1562 1140 1590 ex
1174 1552 1263 1590 odio
1303 1563 1340 1591 et

232 1624 391 1663 vindicta
429 1623 524 1660 bella
556 1631 773 1660 nascuntur.
821 1621 1006 1670 ,Inprimis
1055 1622 1212 1662 ferarum
1247 1634 1335 1673 gen-

233 1695 324 1732 tium
366 1693 578 1731 immanitati
629 1693 715 1730 haec
756 1693 906 1740 propria
946 1701 1061 1741 sunt3
1112 1694 1211 1742 apud
1244 1706 1335 1742 quas

231 1763 341 1802 animi
377 1771 503 1801 motus
547 1761 861 1799 vehementissimi
885 1772 994 1809 saepe
1019 1772 1096 1799 non
1128 1762 1335 1811 satiantur,

230 1833 304 1872 nisi
350 1832 514 1871 hostium
555 1831 733 1880 sanguine
783 1830 931 1878 effuso,
979 1831 1201 1871 hostibusve
1241 1833 1337 1871 dele-

232 1904 298 1942 tis.
335 1926 387 1933 -
424 1902 654 1940 Levissimae
691 1901 870 1939 laesiones
907 1913 948 1939 ac
973 1903 1126 1951 injuriae
1153 1914 1216 1941 eos
1254 1916 1337 1942 exa·

231 1973 407 2021 cei-bant,
436 1981 474 2010 et
506 1972 687 2010 vindictae
710 1971 874 2010 furorem
899 1971 1150 2022 inflammant3
1177 1973 1336 2024 injuria,

1270 2044 1337 2082 uni

271 2151 325 2188 (ι)
345 2151 395 2180 ef.
413 2151 589 2185 Moritz,
612 2151 779 2187 Mytholog.
800 2151 978 2180 Woordenb.
1003 2151 1033 2179 in
1054 2159 1133 2180 voce
1156 2152 1317 2182 Minerva.

273 2207 326 2248 (2)
347 2207 416 2237 vid.
440 2206 682 2243 Terentius,
704 2207 734 2236 in
753 2207 836 2237 Eun.
856 2209 923 2237 Act.
939 2209 992 2237 111.
1009 2211 1057 2238 Sc.
1076 2210 1112 2240 V.
1127 2217 1173 2238 vs.
1193 2216 1240 2247 4³·
