1502 2767
273 191 318 227 72
490 177 1147 217 COMMENTATIO

320 288 522 335 Apostoli,
563 285 696 324 summi
733 285 893 333 magistri
927 285 1091 332 vestigiis
1126 286 1366 335 insistentes,

272 357 530 403 Christianos,
583 354 754 393 coelestis
793 356 932 403 quippe
980 355 1082 404 regni
1122 354 1250 402 cives,
1284 363 1368 393 ante

272 426 392 463 onmia
427 425 600 463 coelestia
643 432 807 472 spectare
839 432 875 461 et
910 424 1061 471 quasvis
1096 424 1207 473 hujus
1241 424 1370 462 mundi

271 507 329 533 res
360 493 465 543 parvi
501 494 633 531 ducere
665 493 877 542 jusserunt:
914 504 1114 541 armaque,
1141 491 1278 540 quibus
1313 492 1370 530 in·

272 565 350 601 duti
383 574 462 601 esse
499 563 701 608 deberent,
727 572 803 598 non
843 569 1019 609 corporea
1055 573 1137 600 esse
1167 569 1368 609 oportere,

273 634 339 671 sed
370 632 599 680 spiritualia,
635 642 701 668 nec
738 632 828 668 adeo
862 632 1062 669 secundum
1096 642 1241 669 carnem
1277 629 1374 668 mili·

273 702 396 749 tandi,
429 712 494 739 nec
525 701 700 738 adversus
737 711 880 737 carnem
916 700 1139 738 colluctandi
1181 700 1220 738 in
1259 711 1374 748 regno

271 772 463 810 Messiano
485 772 607 809 locum
629 780 710 807 esse
734 781 872 818 posse,
894 770 1099 807 docuerunt
1123 770 1169 817 (2
1183 769 1277 808 Cor.
1300 769 1369 808 111.

271 854 311 889 4.
340 841 483 890 Ephes.
526 840 596 878 VI.
627 837 842 886 11—17.);
872 849 984 884 quum
1013 839 1107 876 bella
1137 847 1175 875 et
1208 837 1293 875 lites
1327 848 1374 876 ex

272 910 516 958 libidinibus,
542 920 635 957 quae
666 908 705 945 in
742 908 931 945 hominum
964 907 1161 945 carnalium
1198 906 1373 944 membris

270 979 456 1026 militant,
495 978 583 1015 oriri
619 978 775 1015 soleant.
805 976 954 1026 (Jacob.
991 976 1058 1015 111.
1098 977 1264 1026 13--18-
1300 975 1371 1015 IV.

276 1063 311 1090 1.
341 1051 403 1099 a.)

322 1119 391 1157 Uti
417 1131 461 1157 ex
495 1120 577 1157 talis
614 1119 714 1167 regni
751 1118 953 1166 spiritualis
991 1116 1112 1154 indole
1139 1117 1210 1165 Jam
1243 1115 1371 1154 ‘statim

272 1188 392 1227 cuivis
427 1188 465 1225 in
506 1189 636 1225 oculos
677 1187 860 1233 incurrit,
893 1186 1030 1223 nemini
1073 1184 1285 1223 Christiano
1328 1184 1375 1221 li·

272 1270 353 1295 cere
384 1258 519 1295 bellum
551 1268 700 1304 gerere3
741 1256 791 1294 ita
817 1267 874 1292 res
909 1255 946 1292 in
978 1254 1103 1302 aprico
1141 1254 1371 1300 collocatur,

273 1327 339 1365 ubi
368 1327 412 1364 ad
438 1334 657 1374 praecepta,
683 1326 764 1363 talis
795 1324 896 1372 regni
925 1324 1038 1362 indoli
1082 1323 1368 1370 convenientia,

271 1396 493 1443 attenderis3
521 1396 625 1433 Deus
647 1396 721 1444 jam
751 1394 837 1432 olim
863 1394 1041 1431 neminem
1060 1394 1262 1431 necandum
1290 1404 1373 1431 esse

271 1465 470 1514 praecepit.
498 1465 620 1513 (Gen.
645 1465 714 1502 IX.
747 1475 784 1512 5.
812 1465 850 1501 6.
879 1463 1006 1511 alibi).
1031 1464 1140 1512 Jesus
1165 1463 1370 1508 Christus,

273 1534 338 1582 qui
379 1536 489 1582 longe
521 1545 608 1582 prae
640 1534 809 1572 Mosaica
843 1533 1140 1581 praestantiorem
1181 1541 1217 1569 et
1246 1533 1375 1580 purio-

272 1616 346 1650 rem
391 1616 473 1641 cum
520 1603 734 1641 hominibus
788 1603 1073 1640 communicavit
1130 1602 1371 1650 doctrinam,

273 1743 517 1781 resistendum
569 1753 677 1790 esse,
725 1742 817 1790 quin
853 1742 982 1791 potius
1030 1744 1177 1780 alteram
1223 1753 1374 1790 quoque

274 1813 481 1858 maxillam,
508 1815 618 1850 altera
643 1814 866 1860 vapulante,
893 1821 935 1850 ut
962 1812 1059 1849 ultro
1086 1810 1285 1860 praebeat,
1310 1813 1374 1850 de·

273 1893 354 1920 cere
365 1882 657 1928 Christianum,
680 1893 803 1919 amore
819 1881 889 1919 Dei
914 1880 1178 1928 hominumque
1203 1881 1372 1920 ductum.

273 1952 437 2001 (Matth.
467 1951 516 1989 V.
545 1951 738 1999 38—42.)
774 1950 895 1989 Dictis
930 1949 1036 1988 fidem
1072 1950 1184 1997 fecit,
1222 1951 1372 1988 Petrum

276 2021 462 2069 gladium,
505 2031 581 2068 quo
611 2020 831 2068 Magistrum
860 2019 1090 2066 defenderet,
1131 2019 1372 2068 stringentem

276 2091 407 2139 vagina
442 2091 598 2128 condere
624 2089 771 2139 iubens.
800 2088 962 2138 (Matth.
988 2088 1128 2129 XXVI.
1155 2088 1244 2136 25.)
1282 2089 1376 2128 Pau-

277 2163 363 2208 lus,
400 2171 477 2208 quo
515 2160 709 2208 quisquam
745 2158 807 2196 vix
835 2158 996 2207 penitius
1032 2158 1267 2197 Christianae
1292 2158 1376 2197 reli-

278 2231 396 2281 gionis
426 2231 585 2269 indolem
615 2227 828 2279 perspexit,
869 2238 1013 2266 omnem
1046 2228 1198 2267 omnino
1234 2228 1375 2268 vindic-

1300 2305 1372 2336 tam

1482 1625 1486 1652 0⁴
1488 1586 1495 1598 ‚
1485 1285 1497 1562 2—2;;*.....-=⁴.-2-.*2;-‡-v
1489 1225 1498 1285 ,-..-·
1490 1042 1499 1223 -;,,...,,--ι-Α·

1467 2513 1476 2541 Ιῑ
