1523 2745
433 165 948 221 L‘ITERARIA.
1208 180 1253 216 ff,

129 274 199 313 rit.
236 272 306 323 (1)
354 274 452 312 Rara
482 275 601 312 virtus
636 277 734 322 apud
757 275 1004 313 Athenienses
1024 303 1035 322 ‚
1065 287 1162 322 quos
1193 288 1253 324 pe-

135 344 264 382 cuniae
283 343 402 382 fuisse
420 344 632 392 cupidiores
648 373 660 392 ,
689 345 835 382 abunde
861 354 1006 383 constat
1034 345 1115 392 (2),
1144 346 1248 394 Quid

135 415 279 454 multa?
318 415 419 452 tanta
453 415 513 452 ille
549 414 768 462 integritatis
808 414 905 452 fam-<i
940 415 1152 462 gaudebat,
1181 423 1251 461 ut,

135 495 253 532 quum
290 483 488 531 aliquando
515 484 554 520 in
587 484 780 521 reddendis
815 484 1022 521 rationibus
1060 485 1109 522 X.
1138 485 1252 521 talen·

134 561 172 591 ta
204 565 225 590 a
264 564 304 591 se
330 553 368 590 in
393 553 587 591 utilitatem
630 554 816 601 publicam
860 565 1021 602 expensa
1048 553 1253 592 adfirmaret

136 622 300 672 (quibus
336 622 478 660 scilicet
510 623 722 661 Laconicos
759 623 872 660 duces
907 632 1147 671 corruperat,
1191 635 1255 671 pa-

136 692 243 731 triam
276 692 492 731 imminente
519 694 685 741 periculo
710 692 957 742 liberaturus)
983 693 1158 740 frequens
1185 704 1256 741 po-

135 764 249 811 pulus
304 763 341 800 in
393 763 451 801 his
489 763 768 810 acquiesceret,
820 775 944 811 neque
993 762 1255 811 intempestiva

137 832 400 881 disquisitione
436 834 516 882 ejus
555 833 753 880 consiliis,
801 844 895 880 quae
935 833 1075 881 optima
1111 844 1255 880 semper

136 913 390 951 cognoverat,
428 904 561 941 obesse
594 904 706 941 vellet
738 901 824 953 (3).
892 903 944 941 Et
967 913 1055 940 sane
1081 902 1142 940 ille
1174 902 1257 950 vir.¹

139 971 204 1022 qui
242 984 340 1010 unus
368 973 532 1011 omnium
563 973 717 1010 lna-xime
740 973 842 1010 urbis
865 973 1101 1020 splendorem
1119 975 1225 1011 auxit
1244 1000 1257 1018 .,

137 1043 204 1091 qui
241 1044 398 1092 plurima
423 1043 516 1081 bella
552 1055 676 1092 gerere
702 1042 830 1080 debuit
849 1070 860 1087 ‚
901 1042 966 1088 qui
992 1042 1121 1090 copias
1146 1053 1257 1079 nava«

139 1114 196 1152 les
223 1115 459 1151 vehementer
478 1113 605 1159 auxit,
627 1113 666 1149 in
687 1112 772 1160 ipso
795 1111 882 1148 belli
906 1111 1169 1158 Peloponnesii
1186 1111 1257 1148 ini-

132 1183 191 1221 .tio
213 1184 349 1232 jactare
387 1191 560 1232 poterat,
607 1180 684 1220 fere
716 1191 856 1230 septem
891 1182 1002 1219 millia
1034 1184 1254 1219 talentorum

135 1253 177 1292 in
209 1253 346 1291 aerario
385 1264 465 1290 esse
502 1252 630 1290 relicta
669 1252 750 1301 (4).
807 1252 926 1300 Cujus
963 1251 1139 1299 pecuniae
1180 1252 1257 1288 col-

137 1325 254 1362 lectae
290 1324 369 1360 laus
393 1322 565 1361 Cimonis
595 1329 631 1358 et
658 1321 805 1358 Periclis
829 1321 1046 1368 prudentiae
1072 1321 1255 1367 debetur,

140 1393 281 1442 quippe
305 1392 370 1440 qui
393 1403 514 1430 novos
538 1390 664 1428 socios
695 1390 989 1428 Atheniensibus
1015 1390 1257 1438 adjunxerant

140 1471 177 1500 et
207 1473 285 1501 non
314 1462 421 1500 inviti
448 1462 558 1509 illos,
583 1471 659 1498 non
685 1460 841 1508 amplius
869 1459 1024 1508 copias,
1053 1460 1117 1497 sed
1147 1471 1259 1507 pecu-

139 1533 236 1571 niam
263 1533 308 1570 ad
334 1532 470 1568 bellum
511 1530 745 1568 conferentes
780 1529 953 1568 videbant
982 1530 1050 1579 (5)
1072 1542 1082 1568 ε
1108 1540 1258 1567 conser-

139 1610 243 1640 vatae
281 1613 370 1640 vero
399 1602 462 1639 uni
493 1583 639 1639 Pericli.

192 1672 312 1719 Supra
345 1672 417 1720 jam
457 1671 646 1717 vidimus,
682 1681 758 1708 non
796 1669 930 1711 minori
970 1681 1052 1708 eum
1092 1671 1175 1719 Jure
1202 1671 1255 1708 di-

140 1740 288 1788 ligentis
315 1741 429 1788 patris
448 1739 603 1778 familias
632 1741 775 1779 laudern
807 1740 879 1777 sibi
902 1739 1089 1778 vindicare
1111 1740 1258 1789 potuis-

143 1822 186 1850 se
208 1822 317 1860 quam
338 1810 541 1860 prudentis
577 1822 701 1848 rerum
727 1809 959 1859 publicarum
987 1810 1259 1849 administrato-

1209 1892 1260 1920 ns

179 2020 233 2058 (ι)
253 2020 333 2050 Plut.
352 2021 418 2049 Per.
440 2027 484 2054 15.
504 2020 598 2050 Isocr.
617 2021 654 2049 de
674 2022 748 2050 Pace
761 2041 771 2057 ,
788 2031 837 2059 40.

179 2073 237 2109 (α)
254 2073 331 2101 Plut.
348 2071 440 2102 Arist.
460 2082 492 2109 4.

184 2126 236 2165 (3)
255 2129 333 2158 Plut.
350 2129 421 2158 Per.
437 2137 486 2164 23·
507 2129 548 2158 cf.
566 2129 721 2166 Aristoph.
741 2130 824 2161 Nub.
843 2139 873 2160 V.
893 2132 960 2165 856·
976 2130 1078 2167 ibique
1096 2132 1200 2161 schol.

178 2183 233 2223 (4)
251 2184 350 2214 Thuc.
366 2187 405 2216 u.
424 2195 470 2222 13·

185 2240 239 2277 (⁵)
258 2240 426 2273 Mur-Cim·
445 2249 492 2279 ιι,
512 2243 608 2273 Thuc.
630 2244 653 2272 Ι.
671 2251 719 2281 99.
