1507 2876
279 255 331 293 42
515 238 1182 283 COMMENTATIO

281 353 377 402 ἅγια,
405 354 516 401 ἡμῶν.
570 359 640 393 Οτι
665 357 821 401 κρεῖσσον
846 353 942 401 ἡμᾶς
967 355 1155 395 ἀποθανεῖν
1193 353 1231 394 ἐν
1255 368 1306 405 τῳ
1328 369 1393 396 πο·

283 425 409 474 λὲμῳ,
437 424 457 470 ἤ
486 424 616 464 ἐπιδεῖν
651 423 709 463 ἐπὶ
739 423 791 463 τὰ
826 424 926 463 κακοὶ
957 427 1020 464 τοῦ
1052 424 1164 470 ἔθνους
1198 426 1296 474 ἡμῶν
1329 425 1391 466 καὶ

279 497 349 535 τῶν
382 494 513 542 ἁγίων.
575 497 648 537 εΩς
679 493 717 533 δέ
741 493 787 533 ἂν
814 491 837 541 ἦ
866 493 1005 542 θέλημα
1036 495 1073 535 ἐν
1099 496 1254 545 οὐρανῷ,
1301 494 1391 538 οὕτω

279 565 416 612 ποιήσει
440 562 529 614 (1).

556 701 1120 726 φ

475 836 734 878 SECTI'O
787 835 1207 877 POSTERIOR.

304 1000 590 1029 SENTENTIAM
618 1000 908 1029 CONTRARIAM
935 999 1011 1039 qm
1037 999 1196 1028 sncu'rl
1221 998 1367 1038 SUNT,

391 1071 532 1100 FALSIS
558 1071 650 1099 EAM
677 1069 938 1100 PROBARUNT
964 1069 1265 1099 ARGUMEN’HS.

769 1192 807 1240 ς.
858 1203 899 1239 9.

331 1332 549 1372 Nonnnulli
575 1332 879 1372 Christianorum
904 1335 1037 1372 bellum
1064 1335 1240 1373 illicitum
1272 1347 1345 1374 csse

394 1400 536 1442 Codicis
572 1404 676 1441 sacri
699 1405 930 1442 auctoritate
953 1403 1209 1444 demonstrare
1237 1419 1296 1446 co-

739 1475 825 1512 nati
856 1482 960 1513 sunt.

330 1575 474 1638 Multi
511 1594 747 1640 Christiani,
796 1593 926 1643 primis
967 1604 1056 1643 post
1083 1595 1133 1635 c.
1171 1593 1226 1636 N.
1267 1606 1396 1634 saecu-

279 1668 327 1707 lis
342 1695 356 1716 ,
415 1665 606 1705 fervidiori
648 1664 796 1713 pietatis
861 1664 989 1703 studio
1039 1664 1180 1703 admoti
1226 1677 1268 1704 ac
1305 1664 1398 1704 falsa

279 1737 432 1778 virtutis
456 1736 579 1787 specie
612 1735 788 1784 decepti,
812 1744 1006 1784 praecepta
1046 1734 1237 1783 religionis
1263 1735 1398 1775 Chris·

281 1807 402 1847 tianae
433 1808 480 1846 ad
519 1806 780 1853 severitatem,
815 1805 860 1843 ab
903 1805 1028 1843 indole
1064 1806 1176 1856 hujus
1202 1805 1395 1855 religionis

282 1887 396 1928 atque
430 1879 561 1916 natura
605 1877 765 1914 humant&
812 1875 1071 1914 abhorrentem
1096 1903 1110 1924 ,
1163 1875 1395 1925 interpretati

281 1957 386 1988 sunt.
439 1948 539 1986 Hinc
561 1946 775 1986 Stoicorum
800 1933 1050 1984 austeritatem
1088 1946 1397 1985 commendarunt

283 2029 320 2059 et
351 2018 489 2067 vitam,
517 2029 610 2066 quae
634 2016 784 2066 longius
815 2015 861 2053 ab
894 2015 1088 2053 hominum
1126 2016 1398 2054 consuetudine

283 2090 384 2130 vitae
409 2098 447 2127 et
465 2087 676 2127 communis
697 2087 838 2125 ratione
859 2086 1003 2124 recedat
1017 2086 1279 2134 ‚aestimarunt
1293 2098 1399 2125 sanc-

283 2161 431 2199 tiorem.
457 2159 514 2198 Ita
533 2159 610 2197 vita
641 2156 877 2204 monachica,
895 2156 1103 2196 coelibatus
1127 2164 1165 2196 et
1188 2155 1323 2196 similia
1342 2156 1398 2196 fa·

1343 2227 1397 2266 ci-

322 2311 375 2352 (1)
397 2312 576 2343 Maccab.
589 2331 599 2348 ‚
619 2312 674 2341 lib.
697 2312 723 2341 1.
740 2319 768 2341 c.
788 2319 816 2346 s·
838 2313 961 2342 58—-60
