1523 2745
293 183 343 222 9⁰
515 171 1177 216 COMMENTATlo

788 331 827 379 §-
868 342 936 409 ⁹⁹,

314 488 406 527 Non
431 488 590 527 alienum
620 486 687 525 erit
719 486 880 525 breviter
907 497 1061 534 quoque
1090 485 1252 524 indicare
1286 496 1385 535 mag-

270 568 360 596 num
382 586 395 605 ‚
425 558 528 606 quod
568 556 765 604 aliquando
801 555 872 606 (1)
899 555 1052 604 agitavit
1083 554 1241 594 Pericles
1263 554 1389 594 consi-

270 627 388 675 lium,
421 627 524 676 quod
550 627 582 665 si
619 626 793 675 perficere
827 625 1012 674 potuisset
1031 654 1044 673 ‚
1071 625 1237 664 auxisset
1276 626 1388 664 vehe-

273 706 414 734 menter
458 695 577 734 Attici
634 696 795 733 nominis
846 707 912 744 per
961 695 1138 743 reliquam
1193 695 1384 734 Graeciam

271 765 543 804 auctoritatem.
609 766 768 804 Exstitit
809 765 948 814 quippe
983 774 1140 813 auctor,
1181 774 1223 804 ut
1258 776 1387 805 omnes

271 835 404 873 Graeci
429 834 674 874 invitarentur
700 836 746 873 ad
778 835 979 874 mittendos
1013 835 1180 874 Athenas
1209 836 1350 885 legatos
1368 864 1384 885 ,

273 905 341 952 qui
377 905 422 943 de
459 906 608 954 templis
638 906 790 945 deorum
821 905 1026 944 reficiendis
1058 905 1178 953 deque
1197 905 1279 955 Jure
1315 917 1387 954 pu·

273 974 372 1013 blico
405 976 670 1014 constituendo
699 985 735 1014 et
760 988 849 1025 pace
872 975 1070 1014 universali
1094 975 1262 1014 facienda
1297 975 1386 1014 deli·

273 1045 456 1083 berarent.
491 1046 637 1093 Viginti
661 1057 748 1094 ergo
781 1045 850 1084 viri
878 1054 992 1084 aetate
1015 1057 1144 1094 graves
1157 1055 1386 1094 quocunque

269 1115 374 1152 missi
403 1124 521 1162 sunt,
551 1115 615 1162 qui
638 1115 756 1154 varias
795 1123 922 1162 gentes
948 1123 1224 1162 convocarent,
1251 1123 1288 1152 et
1325 1126 1384 1153 res

271 1184 431 1223 fortasse
480 1193 649 1222 eventum
704 1184 897 1222 habuisset
923 1212 936 1232 ‚
988 1183 1061 1222 nisi
1102 1183 1384 1222 Lacedaemonii

271 1254 574 1303 perspexissent,
602 1265 644 1292 se
674 1252 724 1291 ita
751 1254 859 1290 tacite
886 1254 1077 1302 agnituros
1106 1253 1270 1290 aemulae
1292 1252 1384 1290 civi-

271 1324 358 1362 tatis
381 1322 626 1371 principatum
643 1350 656 1368 ,
683 1331 795 1370 atque
815 1323 904 1360 adeo
932 1321 1017 1360 huie
1043 1321 1242 1369 proposito
1267 1321 1386 1360 obsti-

269 1393 416 1432 tissent.
444 1392 551 1431 Nihil
562 1400 681 1430 autem
695 1391 799 1440 prius
813 1391 919 1431 duxit
940 1392 1007 1430 hac
1022 1403 1061 1429 re
1073 1391 1229 1429 Pericles
1244 1419 1257 1439 ,
1274 1403 1382 1440 quam

271 1472 315 1501 ut
352 1462 487 1511 patriae
512 1474 599 1499 suae
629 1461 831 1510 potentiam
860 1471 1031 1511 augeret:
1070 1470 1106 1499 et
1137 1461 1251 1499 nolim
1279 1470 1383 1500 tanto

268 1533 350 1570 viro
376 1544 450 1570 eam
476 1531 640 1569 tribuere
670 1530 855 1580 perfidiam
874 1559 887 1579 ,
915 1531 1020 1579 quasi
1046 1532 1188 1579 legatos
1208 1559 1220 1578 ‚
1248 1539 1290 1570 ut
1315 1531 1385 1568 ob-

268 1603 367 1642 sides
396 1603 551 1640 retinere
568 1630 580 1649 ‚
608 1610 671 1640 aut
698 1601 818 1640 simile
853 1602 945 1649 quid
972 1600 1094 1639 moliri
1122 1600 1284 1639 voluerit
1296 1601 1382 1648 (2).

269 1672 454 1720 Equidem
490 1671 543 1710 nil
575 1672 699 1721 magis]
722 1672 962 1710 abhorruisse
990 1679 1084 1721 puto
1120 1671 1165 1709 ab
1210 1671 1291 1721 ejus
1327 1671 1384 1710 in·

271 1742 382 1789 dole,
408 1751 472 1789 et,
501 1741 534 1779 si
566 1742 624 1779 vel
652 1741 807 1779 maxime
842 1741 978 1789 patriae
1013 1740 1199 1790 augendae
1238 1740 1384 1790 cupidi·

272 1819 329 1850 tas
362 1811 538 1850 suasisset
565 1810 598 1848 ei
627 1809 769 1858 aliquid
793 1808 934 1857 facere,
964 1809 1068 1857 quod
1090 1811 1172 1859 ipse
1207 1809 1382 1848 inhones-

1304 1886 1385 1917 tum

308 2014 460 2052 (1)Plut.
482 2014 549 2042 Per.
582 2019 628 2047 17.
658 2010 779 2042 videtur
805 2011 933 2040 innuere
966 2018 1084 2046 tempus
1115 2018 1182 2040 ante
1206 2010 1288 2041 illam
1313 2017 1382 2040 cum

269 2070 418 2108 spartanis
448 2067 699 2104 contentionem,
737 2069 775 2098 de
807 2068 866 2104 qua
892 2066 1007 2103 egimus
1034 2067 1109 2104 cap.
1140 2068 1165 2095 1.
1192 2067 1220 2104 §.
1246 2068 1275 2097 6.
1302 2066 1382 2096 circa

272 2129 394 2163 olymp.
415 2127 530 2155 LXXX.

307 2195 358 2233 (α)
380 2196 424 2224 Ita
439 2193 588 2229 iudicavit
607 2181 707 2223 Gro’en
727 2201 784 2223 van
802 2192 1010 2224 Prinstererin
1019 2192 1139 2222 comm.
1160 2191 1198 2221 de
1218 2183 1380 2228 ἧγεμονίςι

271 2254 381 2283 Athen.
402 2261 434 2288 p.
458 2260 509 2290 29.
531 2252 565 2281 L.
588 2252 621 2281 Β.
646 2255 729 2281 1820.
