1538 2689
238 200 283 236 72
491 189 1150 234 COMMENTATIO

719 321 754 367 §.
795 332 858 368 23.

657 451 924 492 conclusiones.

282 584 325 622 In
364 584 480 622 danda
519 585 677 634 generali
703 586 836 635 ligandi
875 598 1031 635 norma,
1057 600 1102 627 ex
1138 587 1340 637 disputatis
1388 568 1396 573 ²

235 655 428 701 sequentia
455 655 692 702 potissimum
717 656 829 695 nobis
855 658 1019 696 ducenda
1043 658 1258 697 videnturz'

278 722 310 760 Ι.
339 723 398 761 Ad
416 724 689 771 producendam
714 725 1008 764 obliterationem
1036 727 1188 766 arteriae
1214 738 1344 766 neces-

230 803 270 828 se
291 802 375 839 est,
398 802 440 830 ut
461 794 595 833 canalis
617 796 740 834 clausa
759 795 822 834 sit.

275 863 326 901 ΙΙ.
356 863 578 901 Obliteratio
615 877 758 914 semper
790 866 913 904 locum
951 866 1062 904 habet
1099 867 1265 915 coagulis
1304 875 1342 905 et

227 933 446 971 adhaesione
461 963 474 982 ,
498 945 575 972 non
598 946 685 973 vero
712 947 857 984 semper
883 936 1014 975 iisdem
1037 936 1288 985 temporibus,

274 1004 340 1043 ΙΙΙ.
368 1004 590 1043 Obliteratio
627 1007 782 1044 celerius
817 1007 964 1054 oritur,
993 1007 1024 1045 si
1064 1005 1210 1044 tunicae
1251 1006 1338 1045 inti-

224 1086 303 1112 mae
338 1073 557 1112 transcissae
589 1075 690 1122 sint,
732 1087 839 1122 quam
888 1075 920 1112 si
962 1076 1074 1113 modo
1116 1074 1193 1113 sint
1235 1086 1339 1113 com-

221 1155 384 1192 pressae.

270 1214 342 1252 lV.
372 1214 532 1263 Quando
568 1214 646 1252 fieri
683 1223 838 1262 potest,
866 1216 996 1253 arteria
1031 1215 1111 1252 sine
1140 1217 1213 1252 ulla
1234 1222 1339 1262 parte

221 1284 343 1322 vicina
379 1285 522 1331 liganda
555 1293 638 1329 est,
674 1295 759 1331 prae
790 1284 922 1321 ceteris
951 1295 1039 1321 vero
1063 1284 1166 1321 nervi
1195 1283 1340 1330 aliaque

224 1367 310 1393 vasa
333 1353 543 1403 sanguifera
571 1353 762 1398 vitentur,
801 1365 952 1391 necesse
977 1362 1049 1392 est.

271 1425 326 1464 V.
356 1425 413 1462 Eo
438 1425 475 1462 iu
501 1424 587 1462 loco
607 1423 738 1461 arteria
763 1423 926 1472 ligatur,
947 1422 1012 1461 ubi
1039 1423 1077 1461 in
1102 1423 1336 1473 conjunctio-

224 1507 270 1534 ne
310 1496 465 1533 naturali
491 1503 562 1532 est.

271 1565 338 1603 Vl.
369 1565 514 1603 Arteria
548 1575 625 1602 non
662 1565 798 1613 majore
839 1572 943 1611 parte
986 1562 1161 1600 denudari
1201 1562 1333 1609 debet,

221 1646 329 1682 quam
370 1633 415 1670 ad
457 1633 709 1688 operationem
742 1632 973 1680 requiritur3
1013 1632 1232 1679 ceteroquin
1278 1633 1332 1670 illi

221 1705 466 1752 proprietates
495 1703 622 1740 vitales
647 1703 773 1741 demit.

270 1775 355 1813 VH.
384 1774 548 1811 Duobus
576 1773 647 1810 filis
682 1772 857 1810 utendum
886 1781 969 1819 est3
1002 1771 1031 1809 si
1074 1780 1194 1809 autem
1222 1772 1331 1810 uliam

220 1845 268 1881 ob
296 1855 442 1882 causam
477 1844 593 1892 major
619 1854 702 1891 pars
729 1842 878 1880 arteriae
900 1841 1081 1879 denudata
1105 1850 1188 1888 est,
1217 1852 1331 1878 unum

221 1918 256 1953 in
280 1915 471 1963 superiore
499 1922 534 1950 et
566 1915 717 1950 alterurn
745 1911 783 1948 in
809 1910 981 1949 inferiore
1003 1911 1166 1948 vulneris
1184 1912 1332 1959 ‘angulo

220 1986 396 2033 ponitur,
426 1983 631 2030 arteriaque
663 1980 829 2019 intercidi
860 1980 996 2027 debet,
1036 1991 1078 2017 ut
1110 1979 1202 2020 fines
1220 1990 1332 2019 retra-

223 2057 259 2093 hi
288 2055 451 2102 possint.

271 2126 375 2163 vlu.
408 2124 583 2171 Ligatura
621 2131 739 2159 tractu
778 2132 851 2158 uno
893 2120 1195 2168 constringatur,
1243 2119 1329 2167 quia

228 2195 428 2232 coarctatio
445 2222 456 2240 ‚
475 2205 567 2239 quae
582 2192 716 2229 sensim
733 2190 982 2240 paulatimque
1008 2190 1075 2236 fit,
1102 2190 1240 2228 nullius
1273 2199 1329 2227 est

226 2265 392 2303 utilitatis
417 2292 428 2310 ‚
457 2275 578 2311 neque
606 2260 816 2299 formationi
836 2259 980 2308 coaguli
1008 2258 1121 2297 favet.

1261 2329 1326 2367 lx.
