1523 2745
268 217 317 242 20
493 197 1168 240 COMMENTATIO·

268 313 383 349 multa
409 309 478 348 alia
514 310 552 347 in
589 311 671 347 loca
713 307 843 346 deduci
880 306 1052 353 curavit,
1083 317 1172 354 ¹quo
1221 317 1298 345 non
1321 318 1390 344 soe

269 385 345 419 lum
384 380 509 418 socios
545 379 584 416 in
618 378 691 417 fide
734 377 930 423 retineret,
978 376 1043 413 sed
1087 384 1123 412 et
1158 385 1391 415 succurreret

269 450 389 499 plebis
429 448 574 496 inopiae
607 458 644 485 et
667 447 835 485 Athenas
867 445 1037 484 liberaret
1063 444 1174 483 turba
1208 445 1316 484 inerti
1349 455 1388 483 et

270 521 443 558 molesta.
496 519 632 566 Neque
668 516 768 554 aliud
803 515 995 564 negotium
1026 523 1178 552 secutus
1205 523 1263 554 est
1287 514 1392 553 navi-

271 589 420 640 gatione
457 586 637 634 Pontica,
665 585 888 633 coloniaque
919 585 957 622 in
982 585 1161 633 Synopen
1183 584 1355 624 deducta.

321 659 384 698 Ab
399 660 466 697 hac
493 658 606 705 igitur
629 664 733 705 parte
747 655 1002 703 expeditiones
1024 654 1106 692 illae
1126 665 1279 703 magnos
1292 654 1394 692 fruc-

271 737 333 766 tus
357 726 503 766 civitati
527 726 757 764 attulerunt:
788 735 914 761 verum
937 723 982 761 ab
999 723 1115 760 altera
1139 731 1244 770 parte
1266 730 1393 761 tantos

271 798 356 836 inde
392 796 549 846 spiritus
583 803 833 842 acceperunt,
863 801 933 841 ut,
961 793 1032 841 J'am
1062 792 1185 830 omnia
1213 803 1254 831 se
1277 802 1392 840 posse

272 866 370 913 rati,
416 867 608 905 Persarum
640 875 795 913 regnum
824 863 863 900 in
895 864 1072 911 Aegypto
1101 870 1303 901 concutere
1329 873 1393 900 cu-

271 945 401 986 perent
434 935 518 973 alii:
549 935 588 972 in
615 933 778 972 Siciliam
801 934 930 982 copias
954 933 1144 971 traducere
1179 932 1269 970 alii:
1297 932 1390 981 quin

274 1015 372 1045 tanta
421 1004 537 1044 fuerit
573 1003 840 1042 nonnullorum
877 1003 1045 1051 insania,
1084 1011 1127 1041 ut
1153 1002 1293 1042 Italiam
1323 1002 1393 1053 (ι)

269 1077 342 1126 iam
379 1084 415 1113 et
443 1074 705 1123 Carthaginem
732 1073 995 1122 adgrediendas
1020 1073 1257 1113 somniarent.
1286 1073 1394 1123 Quo·

272 1157 355 1184 rum
395 1145 657 1192 intempestiva
706 1143 943 1182 victoriarum
993 1144 1132 1192 cupido
1179 1145 1254 1194 J’am
1301 1151 1391 1183 tunc

273 1225 424 1263 pessum
459 1213 626 1251 dedisset
674 1212 896 1260 civitatem,
949 1214 1024 1251 nisi
1073 1210 1230 1253 Pericles
1252 1242 1266 1262 ,
1328 1214 1394 1262 qui

278 1284 417 1322 bellum
458 1284 530 1332 J’am
570 1282 718 1320 videbat
753 1293 773 1319 e
813 1283 1078 1330 Peloponneso
1123 1294 1279 1332 surgens
1321 1284 1392 1333 (2)

274 1352 380 1390 frena
403 1351 551 1400 populo
577 1350 794 1400 injecisset,
823 1362 951 1398 parum
975 1353 1152 1400 prodesse
1179 1352 1241 1391 illa
1268 1353 1391 1392 omnia

271 1432 472 1469 persuasus
491 1448 503 1467 ‚
537 1420 596 1467 si,
625 1431 719 1468 quae
755 1421 960 1469 haberent,
993 1422 1222 1472 negligerent
1248 1432 1285 1461 et
1314 1434 1392 1461 non

272 1491 475 1530 munirent.
516 1491 598 1528 Nec
622 1489 746 1528 minus
771 1502 878 1537 quam
905 1490 1055 1529 Periclis
1079 1492 1297 1540 prudentia,
1324 1492 1392 1532 hac

271 1561 311 1599 in
346 1572 385 1599 re
421 1559 543 1598 effecit
577 1570 718 1598 novum
759 1571 843 1598 cum
879 1560 1181 1600 Lacedaemoniis
1217 1561 1386 1610 bellum,

276 1641 374 1678 quos
413 1629 526 1668 rebus
571 1629 705 1668 exteris
746 1629 945 1668 immisceri
980 1641 1059 1668 non
1103 1631 1256 1680 impune
1290 1631 1394 1680 passi

276 1708 364 1737 sunt
394 1698 657 1737 Athenienses.
712 1700 922 1739 Phocenses
948 1700 1089 1749 igitur,
1129 1713 1227 1749 quos
1252 1702 1395 1752 dejece-

278 1778 359 1807 rant
376 1768 686 1817 Lacedaemonii,
717 1769 829 1808 armis
862 1770 1024 1808 restituit
1049 1771 1208 1810 Pericles
1235 1772 1274 1810 in
1300 1783 1393 1821 pos-

277 1838 443 1877 sessione
487 1838 616 1888 templi
654 1839 828 1887 Delphici
862 1849 899 1878 et
937 1840 1090 1890 praemii
1125 1843 1210 1880 loco
1246 1842 1291 1881 ab
1317 1843 1389 1881 illis

279 1907 514 1957 impetravit,
554 1917 595 1945 ut
626 1908 872 1948 Athenienses
911 1911 948 1948 in
987 1920 1181 1959 posterum
1213 1912 1389 1951 haberent

280 1982 342 2025 τὴν
380 1979 617 2029 προμαντείαν
640 1977 725 2027 (3).

1338 2053 1391 2093 At

318 2166 374 2206 (r)
391 2167 487 2195 Tunc.
509 2166 535 2195 l.
556 2174 604 2202 44.
626 2164 704 2194 fine.r

317 2225 368 2260 (α)
391 2225 465 2251 Ριυῑ.
485 2224 552 2252 Per.
576 2226 605 2252 8.

316 2280 369 2318 (3).
389 2281 454 2309 Plu:
485 2281 551 2308 Per.
576 2280 670 2309 Thuc.
693 2281 716 2308 1.
739 2286 801 2308 ιη.
824 2279 922 2310 schol.
946 2282 981 2310 ad
1004 2281 1097 2312 Arist.
1129 2283 1191 2313 Av.
1213 2293 1278 2320 557.
1302 2285 1388 2319 cu-jns

1324 2349 1395 2371 ver-
