1564 2750
257 133 1016 178 OBSERVATIONES.
1121 145 1189 184 141

97 246 240 298 proelio
261 247 400 297 factum
428 255 511 293 est,
541 254 585 284 ut
606 244 709 284 Ionia
730 243 904 282 hostibus
929 243 1103 289 liberata,
1130 241 1199 279 ite·

94 330 176 358 rum
201 330 222 356 a
243 317 366 357 Persis
400 317 620 355 descisceret
639 316 733 364 (1).
781 314 990 353 Commissa
1023 321 1078 351 est
1110 312 1220 351 haec*

99 399 224 439 pugna
255 389 333 438 eius
370 387 440 425 diei
466 398 638 434 vespera,
666 396 743 433 quo
765 395 869 423 mane
895 385 1024 423 Persae
1044 384 1089 421 ad
1121 384 1202 422 Pla-

97 467 194 497 taeas
223 456 297 496 fusi
329 465 443 502 sunt,
483 456 593 494 tertio
624 454 908 494 Boedromionis
943 454 1030 501 die,
1065 453 1152 492 anni
1179 467 1202 493 2

97 528 252 577 Olymp.
272 526 437 579 LXXV.
464 527 548 575 (2).

149 598 287 636 Putant
320 604 440 634 autem
482 595 575 634 VV.
603 595 693 634 DD.
731 595 971 643 complures,
999 593 1037 631 in
1065 592 1204 641 quibus

99 665 339 706 Dodwellum
384 674 421 703 et
457 665 711 704 Prideauxium
752 675 1061 702 commemorasse
1104 664 1207 703 suffi-

99 734 198 782 ciat,
239 734 453 783 quibusque
477 733 751 781 Wesselingius
788 735 834 772 ad
856 734 970 773 Diod.
1004 733 1081 772 Sic.
1111 733 1204 774 Lib.

99 804 277 853 XLCap.
292 817 357 853 27.
385 804 470 844 init.
499 812 536 842 et
558 805 604 842 ad
628 804 791 842 Sinisoni
805 804 951 842 Chron.
965 804 1010 841 ad
1024 805 1074 842 A.
1092 806 1206 852 3526.

98 872 292 922 suffragari
338 873 514 921 videtur,
531 909 534 913 ,
554 874 833 922 Xanthippum,
885 875 946 912 vel
985 873 1210 923 Xanthippi-

102 944 185 984 dem
211 943 308 992 (3),
335 944 447 993 huJ'us
470 943 556 982 anni
577 944 806 981 Arc'hontem
821 944 1060 992 Eponymum
1077 972 1091 991 ,
1118 955 1209 982 eun-

100 1012 182 1051 dem
205 1012 327 1052 fuisse
355 1024 463 1060 quem
493 1012 777 1061 Xanthippum,
821 1013 1046 1061 Ariphronis
1072 1012 1206 1053 filium.

99 1080 180 1120 Sed.
209 1081 364 1121 omnino
392 1093 477 1121 cum
513 1082 677 1122 Corsino
714 1083 809 1132 (4),
856 1083 1082 1122 contrarium
1118 1094 1222 1122 con--

182 1161 184 1163 ’
1127 1160 1208 1192 ten-

101 1256 148 1284 r4.
203 1247 442 1278 Themistoclem
485 1248 565 1278 inter
601 1250 694 1279 duces
730 1256 885 1278 enumerat
902 1270 913 1285 ‚
960 1250 1052 1285 eique
1087 1249 1210 1280 virtutis

101 1300 270 1343 ἀριστεῖον
297 1305 414 1336 tribuit.
467 1306 632 1341 Imperium
664 1305 724 1341 ipsi
755 1307 906 1335 ademtum
936 1313 1018 1342 erat,
1055 1314 1145 1342 atque
1175 1307 1208 1336 in

102 1360 169 1396 ejus
192 1363 295 1391 locum
316 1361 518 1391 Athenienses
541 1361 744 1398 Xanthippum
767 1362 958 1392 suffecerant.
1016 1362 1128 1396 Diod„
1147 1363 1207 1394 Sic.

99 1417 151 1447 XI.
173 1426 241 1454 cap.
262 1425 312 1452 27,
331 1418 386 1447 fin.
415 1421 572 1448 Praeterea
602 1419 776 1448 Herodotus
797 1427 902 1448 auctor
923 1427 984 1456 est,
1010 1420 1091 1449 inter
1114 1422 1209 1451 Athe—

100 1467 222 1512 nienses
244 1475 426 1503 excelluisse
445 1475 674 1510 Hermolycum.
701 1475 753 1505 Cf.
776 1475 846 1504 Lib.
866 1477 913 1505 IX.
933 1484 1004 1513 cap.
1026 1484 1094 1511 105.

121 1529 196 1566 ¹(1)
216 1530 330 1560 Herod.
353 1531 407 1560 IX.
430 1539 497 1566 cap.
519 1534 567 1568 96.
587 1539 656 1567 sqq.
677 1546 715 1554 —
735 1532 829 1561 Diod.
850 1533 902 1563 XI.
921 1542 991 1569 cap.
1012 1524 1210 1573 34.'—Paus.

100 1586 162 1616 111.
181 1594 248 1622 cap.
266 1595 297 1622 7.
318 1587 412 1616 VIII.
433 1595 500 1623 cap.
521 1597 569 1622 52.

139 1644 190 1683 (2)
212 1645 289 1673 I’lut.
310 1644 341 1672 in
364 1646 448 1674 Cam.
470 1653 539 1681 cap.
562 1654 597 1683 19
628 1655 661 1682 p.
686 1650 751 1681 138.
776 1648 809 1676 Β.
834 1661 872 1669 -
900 1648 993 1679 Arist.
1020 1657 1085 1685 cap.
1108 1658 1155 1687 19.
1175 1659 1209 1687 p.

103 1709 173 1736 330.
194 1700 231 1730 F.
252 1714 290 1722 —
309 1701 356 1729 De
377 1701 484 1731 Gloria
501 1703 634 1733 Athenn.
653 1712 719 1739 cap.
737 1713 765 1741 7.
782 1713 814 1740 p.
838 1714 903 1743 349.
925 1706 959 1735 F.
982 1707 1034 1735 ubi
1050 1709 1209 1742 Wyttenb.

103 1759 243 1786 emendat
263 1754 363 1797 τρίτῃ
375 1779 387 1794 ,
408 1766 464 1793 pro
479 1761 601 1794 vulgato
623 1759 665 1800 τῇ
694 1757 835 1800 τετράδι
848 1784 859 1798 ,
881 1770 914 1791 ut
931 1770 999 1792 orto
1016 1765 1211 1802 ex.sequenti

103 1810 244 1854 ese-pce&
258 1813 323 1847 τοῦ
338 1812 497 1854 Πανέμου
512 1827 521 1850 ;
540 1815 644 1852 ibique
669 1818 813 1846 Aelianus
838 1825 959 1847 notatur
977 1803 1152 1850 Var.'ilistt.
1172 1823 1212 1851 11.

102 1868 157 1907 cap
189 1880 237 1905 ηε.
259 1874 335 1902 hanc
358 1881 486 1909 pugnam
505 1875 541 1902 ad
567 1880 686 1902 sextum
713 1867 923 1909 Thargelionis
949 1875 1030 1905 diem
1052 1879 1209 1912 referens;

100 1929 155 1958 sed
171 1930 284 1960 dudum
299 1930 458 1965 castigatus
475 1937 538 1960 erat
549 1950 559 1966 ,
578 1938 611 1959 ut
625 1930 701 1959 dicit
715 1932 897 1967 wesseling.
916 1934 954 1962 ad
977 1934 1092 1964 Herod.
1107 1937 1218 1964 locum.

101 1986 242 2022 proxime
265 1987 429 2019 citandum.
450 2000 490 2008 —
505 1988 598 2016 Conf.
621 1989 756 2018 Boeclzh.
776 1988 885 2018 citatus
904 1998 920 2018 a
936 1990 1031 2020 Clint.
1052 1992 1086 2020 ad
1104 2000 1211 2020 annum

107 2044 146 2072 A.
173 2043 210 2073 C.
236 2050 307 2081 479.
336 2057 373 2066 —
393 2045 510 2074 Herod.
529 2045 580 2073 IX.
604 2053 671 2081 cap.
692 2053 756 2075 101.
777 2058 816 2069 —
840 2037 934 2076 Diod.
952 2048 1000 2078 XI.
1025 2056 1090 2084 cap.
1107 2056 1154 2084 3⁵.
1175 2064 1212 2079 .-

105 2099 240 2130 Frontin.
258 2102 284 2130 1.
307 2109 349 2131 11.
368 2103 396 2139 §-
418 2111 448 2138 7.

144 2154 196 2192 (3)
216 2159 293 2187 Plut.
319 2157 412 2188 Arist.
433 2167 501 2194 cap.
519 2169 547 2194 s.
568 2159 619 2188 fin.
636 2169 668 2195 p.
688 2168 754 2195 321.
773 2162 809 2191 F.

143 2215 197 2251 (4)
218 2214 309 2244 Fastt.
332 2215 424 2245 Attic.
446 2217 567 2252 olymp.
592 2217 715 2247 LXXV.
740 2221 768 2254 {-
