1538 2689
175 153 220 189 sa
394 142 1055 183 εοΜΜΕΝΤΛ-τιο

177 251 403 298 putationem
442 252 673 290 observatur.
727 253 937 300 coagulum
976 253 1163 301 sanguinis
1202 254 1286 302 qui*

177 324 257 359 dem
290 323 406 360 moles
435 332 490 359 est
507 350 520 369 ,
548 331 705 360 attamen
731 311 1014 372 nonnumquam*
1043 323 1287 374 deficit'(1)3

179 393 281 436 quod
310 403 453 439 semper
490 380 567 430 fere
591 393 796 440 occurrit,
836 394 868 432 si
902 393 1058 442 ligatura
1090 405 1208 443 prope
1236 392 1292 432 τέ’·

181 472 279 498 mum
321 462 501 499 lateralem
542 463 763 501 instituitur.
820 463 987 502 Statuere
1013 465 1125 513 igitur
1151 475 1291 513 possu-

181 542 263 567 mus
281 558 293 575 ,
322 530 423 568 bono
448 532 680 579 operationis
708 533 857 570 eventui
878 535 1057 582 prodesse
1081 534 1292 583 ligationem

181 598 310 638 factam
340 600 378 637 in
406 600 466 638 illa
499 601 652 639 arteriae
683 610 814 649 parte,
843 613 938 651 quae
971 614 1048 641 non
1079 603 1294 642 multism-

178 668 250 706 mis
287 669 494 707 lateralibus
520 662 671 719 gaudet·

233 739 289 784 4⁰.
320 740 535 787 Gangraena
575 750 609 778 et
645 742 868 789 suppuratio
889 742 1040 779 arteriae
1064 742 1298 790 partiumque

184 809 503 848 circumdantium.
595 815 597 817 '
1224 815 1228 818 ’
1260 814 1264 818 ’

236 879 319 917 Illae
345 890 433 916 sunt
463 880 782 928 frequentissimae
831 893 963 920 causae
999 879 1297 930 haemorrhagiae

186 949 447 987 secundariae:
477 948 585 998 sae‘pe
611 961 814 989 nascuntur
846 952 982 1001 ineptis
1009 951 1176 990 remediis
1196 951 1302 989 insti-

190 1019 280 1055 tutis
303 1018 347 1056 acl
375 1019 645 1067 producendam
673 1021 982 1060 obliterationem.
1025 1021 1155 1059 Nimia·
1174 1021 1300 1059 visad

191 1089 440 1135 operationem
464 1087 684 1126 efficiendam
721 1101 829 1138 saepe
860 1091 948 1129 huie
974 1090 1024 1128 rei
1053 1102 1175 1128 ansam
1200 1101 1304 1138 prae-

192 1159 282 1204 bet3
299 1168 379 1195 nam
400 1186 412 1203 ‚
435 1157 463 1194 si
480 1144 607 1195 arteria
622 1187 634 1204 ‚
653 1158 877 1205 operationis
890 1171 928 1196 ca
937 1171 1000 1197 usa
1015 1187 1026 1205 ,
1045 1161 1211 1208 amajore
1223 1169 1304 1206 par-

193 1236 230 1264 te
270 1229 360 1264 telae
393 1228 590 1264 cellulosae
617 1237 777 1275 separata
809 1237 890 1273 est,
927 1237 1004 1265 tum
1034 1228 1193 1265 demitur
1216 1226 1301 1265 fons

194 1297 411 1334 nutritionis
429 1324 441 1342 ‚
470 1307 670 1344 gangraena
702 1298 820 1333 oritur
851 1306 912 1343 et,
939 1305 1028 1345 post
1053 1298 1227 1344 ligaturae
1247 1308 1309 1334 so-

195 1367 373 1405 lutionem
392 1367 694 1416 ‚haemlorrnagia
708 1366 936 1405 secundaria.
964 1366 1106 1405 Summi
1135 1372 1311 1408 momenti

196 1436 234 1472 id
262 1446 318 1473 est
351 1436 389 1472 in
412 1437 587 1473 methodo
617 1435 840 1483 Scalpiana3
868 1440 958 1473 nam
976 1435 1013 1473 in
1039 1436 1099 1472 illa
1125 1437 1311 1484 operatio-

199 1518 245 1541 ne
285 1504 442 1552 spatium
482 1516 653 1553 magnum
692 1505 891 1552 requiritur
927 1515 962 1542 et
987 1506 1184 1543 denudatio
1219 1514 1314 1543 arte-

203 1575 273 1611 riae
287 1587 299 1613 ι,
321 1576 452 1611 haecce
473 1574 585 1623 igitur
612 1586 719 1622 saepe
733 1586 841 1612 causa
866 1584 922 1612 est
947 1585 1182 1623 gangraenae.
1212 1575 1315 1613 Hanc

205 1645 253 1681 ob
275 1656 419 1682 causam
449 1645 553 1681 etiam
580 1646 702 1682 onmia
728 1646 788 1683 illa
815 1646 1060 1683 instrumenta
1087 1647 1130 1683 ad
1154 1647 1313 1694 compri-

207 1716 369 1752 mendam
390 1711 484 1752 inter
512 1717 586 1753 duo
622 1727 779 1763 corpora
816 1715 980 1753 arteriam
1013 1716 1122 1753 noxia
1153 1716 1317 1753 habenda

208 1796 310 1824 sunt.
375 1785 558 1824 Nonnulli
588 1786 764 1833 Chirurgi
796 1786 901 1822 etiam
927 1813 938 1831 ,
966 1786 1010 1822 ad
1044 1785 1318 1822 circumducen·

209 1853 294 1889 dum
335 1850 436 1888 filum
473 1851 612 1887 circum
655 1849 819 1888 arteriam
848 1861 923 1886 non
963 1859 1116 1886 utuntur
1148 1849 1317 1893 acubus,

211 1923 274 1958 sed
311 1921 430 1958 medio
468 1921 608 1969 digito‚
647 1922 747 1967 quod
777 1920 882 1956 valde
921 1919 1198 1966 vituperantium
1235 1928 1320 1964 est,

213 1993 297 2038 qnia
326 1992 462 2039 digitus
503 1991 611 2027 nimis
637 2001 783 2026 crassus
812 1997 866 2025 est
907 1998 941 2024 et
976 1988 1057 2025 ideo
1094 1989 1207 2037 major
1239 1999 1322 2035 pars

213 2057 363 2099 arteriae
397 2073 414 2098 a
442 2062 510 2097 tela
535 2061 710 2098 cellulosa
732 2069 933 2105 separatur.

1205 2130 1239 2175 ς.
1259 2130 1319 2165 16.

255 2215 308 2250 (·)
333 2217 354 2242 Λ
371 2216 450 2241 Ηιυ
472 2214 608 2245 Eurus,
635 2213 762 2239 observ.
783 2221 815 2237 on
834 2210 965 2237 discant
987 2211 1023 2245 os
1035 2210 1082 2236 the
1101 2210 1203 2237 hurt-
