1502 2767
173 212 224 250 92
397 198 1052 240 COMMENTATro

172 320 269 349 esse.
331 310 437 348 Duae
466 309 535 347 hae
556 306 840 347 observationes
867 320 971 356 rem,
1008 318 1050 348 ut
1076 318 1276 360 putamus,

169 379 400 418 conficiunt:

223 461 258 488 1.
287 450 422 487 Paulus
446 449 506 487 hic
532 458 674 487 tantum
698 448 903 497 praecipit,
933 450 1009 497 qua
1037 449 1180 488 ratione
1209 450 1280 488 ho·

169 519 287 557 mines
313 518 436 566 pravis
458 517 567 556 animi
589 516 782 556 affectibus
806 518 1077 567 omnibusque,
1097 531 1192 568 quae
1207 521 1280 558 vir-

169 588 242 626 tuti
255 587 489 626 Christianae
506 588 582 625 sint
600 587 865 636 impedimento
879 616 893 636 ‚
916 589 1086 628 resistere
1105 590 1277 630 debeant.

229 670 265 696 2.
307 657 411 696 Facit
447 658 486 695 id
519 658 772 706 imaginibus,
817 657 862 696 ab
898 666 1078 697 armatura
1116 661 1278 707 sumtis,

166 740 258 777 quas
298 729 358 766 hic
394 740 469 767 non
505 739 733 777 agnoscere,
773 736 809 766 et
853 727 998 775 singula
1028 729 1178 777 proprie
1216 739 1281 768 su·

163 810 290 846 mere,
330 799 438 837 stulti
473 798 588 838 foret.
654 799 791 837 Pauius
820 798 866 836 de
905 797 1031 845 bello,
1070 798 1130 836 vel
1168 798 1279 837 armis

164 869 351 918 capiendis
368 898 381 917 ,
427 869 582 917 proprio
629 880 743 907 sensu
792 878 840 905 ne
892 868 1072 917 cogitavit
1113 868 1275 916 quidem.

163 966 197 986 ,‚
224 940 314 988 Agit
348 948 489 977 tantum
528 939 638 988 (sunt
671 938 784 976 verba
811 936 1016 984 Grotii)
1043 937 1088 975 de
1128 948 1280 986 pugna,

163 1019 258 1055 quae
283 1007 584 1047 Christianorum
612 1014 694 1054 est,
725 1009 800 1054 quai
835 1016 924 1045 sunt
947 1007 1174 1055 Christiani,
1201 1018 1279 1046 non

161 1090 272 1126 quam
299 1088 533 1116 communem
567 1077 701 1115 habere
734 1088 818 1114 cum
847 1077 927 1116 aliis
959 1077 1176 1116 hominibus
1199 1089 1280 1116 cer-

160 1148 211 1187 tis
247 1148 444 1186 eventibus
471 1155 633 1196 possunt
654 1146 678 1163 ''
706 1146 790 1195 (1).

211 1218 355 1257 Deinde
379 1217 537 1255 afferunt
563 1228 608 1253 ex
634 1217 771 1262 altera,
798 1227 893 1263 quae
922 1217 1084 1263 dicitur,
1123 1217 1169 1254 ad
1197 1217 1278 1256 Co-

158 1287 319 1326 rinthios
356 1287 553 1335 Epistola,
594 1286 691 1333 Cap.
720 1286 767 1324 X.
795 1296 932 1322 comm.
965 1298 1017 1334 3,
1041 1297 1082 1332 4.
1123 1286 1189 1323 ubi
1226 1288 1278 1325 le-

158 1368 298 1408 guntur
334 1357 469 1395 verba:
499 1360 535 1396 ἑν
567 1356 670 1403 σαρκὶ
700 1357 773 1404 γὰρ
799 1359 1107 1405 περιπατοῦντες,
1135 1359 1174 1396 οὐ
1207 1372 1277 1398 κοι-

157 1431 209 1470 r&
231 1430 349 1477 σάρκα
381 1428 662 1477 στρατευόμεθα·
690 1427 740 1466 τὰ
763 1427 836 1473 γὰρ
868 1424 967 1465 ὅπλα
996 1429 1060 1470 τῆς
1084 1427 1275 1475 στρατείαις

157 1503 253 1548 ἡμῶν
287 1501 324 1539 οὐ
351 1499 528 1547 σαρκικὰ,
565 1497 682 1536 ἀλλὰ·
704 1497 839 1536 δύναται
867 1497 916 1544 τῷ
942 1496 1003 1544 θεῷ
1031 1497 1114 1544 πρὸς
1148 1497 1272 1536 καθαί-

157 1586 248 1620 ρεσιν
272 1569 528 1619 ὀχυρωμάτων.
556 1588 611 1595 -
637 1566 697 1605 Ex
725 1565 848 1614 priore
869 1574 905 1602 et
926 1566 1037 1602 altera
1052 1593 1065 1612 ,
1094 1574 1135 1602 ut
1155 1567 1280 1614 vulgo-

156 1639 338 1685 audiunt,
391 1636 577 1685 Epistolis
613 1644 783 1682 constat,
821 1634 999 1673 Corinthi
1034 1634 1179 1683 fuisse,
1208 1636 1280 1683 quir

154 1709 258 1749 Pauli
279 1708 417 1745 inimici
439 1707 561 1745 varios
582 1717 723 1753 eosque
753 1706 954 1743 malevolos
981 1706 1027 1743 de
1061 1704 1145 1753 ipso
1169 1717 1272 1754 spar-

157 1787 287 1829 gerent
334 1788 516 1815 rutnores.
595 1777 739 1814 Contra
778 1776 849 1812 hos
895 1776 1107 1822 Apostolus
1157 1775 1273 1814 hocce

153 1851 272 1896 capite
308 1856 344 1885 et
374 1858 483 1894 seqq.
525 1846 760 1883 vehementer
803 1843 972 1891 invehit,
1011 1854 1048 1882 et
1081 1857 1100 1883 a
1135 1845 1278 1883 Corin-2

154 1919 244 1956 thiis
278 1916 467 1955 observari
502 1915 634 1963 cupit,
676 1914 749 1952 sibi
776 1925 795 1951 a
822 1914 906 1952 Deo
931 1923 1154 1963 potestatem
1188 1927 1272 1954 esse

154 1999 369 2028 concessam
405 1997 535 2024 omnes
568 1984 799 2034 castigandi,
846 1985 912 2032 qui
940 1984 1035 2023 fa1so
1071 1985 1174 2024 illum
1211 1997 1270 2024 ca-

1174 2057 1270 2094 lum·

196 2169 246 2207 (ι)
268 2170 312 2198 De
333 2170 409 2203 jure
434 2166 509 2195 belli
537 2174 570 2193 ae
597 2167 707 2201 pacis,
728 2164 818 2193 Tom.
848 2164 874 2192 1.
903 2170 971 2198 pag.
991 2166 1041 2194 60.
1072 2163 1148 2191 edit.
1180 2163 1266 2192 Bar-

159 2227 371 2264 beyracli,
410 2226 483 2255 item
519 2223 708 2258 Ammon,
749 2219 910 2257 Entwurf
935 2220 1022 2247 einer
1061 2219 1148 2247 ruine
1185 2219 1263 2249 bin.

158 2289 338 2325 Theologiae,
357 2286 383 2314 1.
405 2286 440 2313 Β.
465 2291 496 2319 p.
521 2289 590 2318 2⁵9.

1490 571 1502 603 ⁴5·-
1492 538 1493 543 Α
1491 515 1494 531 ““
1490 112 1502 506 -’·τ<-.“..-·,τ.·-α’“τ“ω·τ”-
1491 90 1494 102 ”
1491 59 1495 79 R
1491 0 1496 52 W*
