1502 2767
393 193 988 239 THEOLOGICA.
1206 211 1253 252 3³

191 306 315 352 Nam,
344 305 408 355 qui
440 307 512 344 hoc
539 307 712 345 effectum
739 309 827 346 velit
844 336 857 356 ,
885 317 1075 358 exspectet
1099 320 1250 351 necesse

137 384 219 423 est,
247 376 363 413 donec
400 387 526 414 omnes
565 378 717 414 omnino
753 378 886 426 populi
923 390 1032 417 unam
1081 382 1250 419 eandem-

137 456 211 493 que
243 446 488 493 profiteantur
526 447 764 495 religionem3
796 457 860 494 et,
893 448 965 487 nisi
990 449 1131 497 egregie
1154 449 1250 488 falli-

135 527 244 563 mur,
273 516 336 554 vix
367 525 541 564 putamus
567 517 674 554 etiam
701 526 780 555 tum
798 545 811 564 ‚
839 518 1028 567 religionis
1064 519 1251 558 Christia-

133 596 201 623 nae
225 575 349 623 indole
375 586 467 624 bene
486 590 680 635 perspecta
697 616 709 634 ,
739 599 757 625 a
782 588 957 626 civilibus
982 589 1123 638 quippe
1143 601 1250 638 pror·

134 667 200 694 sus
237 657 433 705 sejuncta⁹
463 658 624 704 populos
664 659 802 708 (quum
843 658 998 696 historia
1022 670 1087 697 eos
1114 659 1251 699 docue-

134 725 210 772 rit,
249 736 297 764 ne
323 727 443 764 medio
474 728 620 774 quidem
651 728 787 773 Aevo,
829 740 905 775 quo
934 729 1151 768 Pontificem
1177 730 1249 769 Dei

135 795 251 833 instar
278 797 472 844 colerent,
511 808 639 836 omnes
676 798 918 836 obedientiam
957 799 1030 846 ipsi
1064 808 1248 848 praestare

133 866 323 914 voluisse)
363 878 406 904 eo
445 878 529 904 esse
565 876 842 915 perventuros,
893 877 934 905 ut
969 869 1032 906 tali
1074 869 1249 917 primario

133 937 193 973 vel
233 936 395 973 concilio
441 936 736 983 Ecclesiastico,
789 945 826 973 et
862 936 936 985 ipsi
970 939 1105 976 erroris
1151 939 1250 977 haud

132 1004 315 1051 immuni,
343 1006 387 1042 de
416 1006 497 1043 suis
517 1006 665 1055 juribus
699 1007 886 1045 statuendi
915 1019 1030 1055 eaque
1058 1008 1252 1046 dirimendi

131 1083 351 1121 potestatem
377 1075 633 1121 committant,
667 1076 779 1123 idque
805 1077 924 1115 multo
954 1077 1102 1125 minus,
1131 1090 1248 1126 quum

133 1144 389 1182 Ecclesiastici
422 1153 456 1181 et
485 1145 634 1184 Politici
660 1147 882 1193 plerumque
904 1148 1049 1186 diversa
1078 1156 1249 1197 spectent

131 1215 326 1252 commoda
364 1214 515 1261 szbique
538 1227 581 1252 ex
606 1217 760 1254 adverso
790 1218 956 1265 oppositi
983 1230 1064 1256 esse
1087 1220 1247 1258 soleant.

182 1296 217 1333 3.
260 1285 391 1322 Restat
424 1285 538 1332 igitur
571 1285 678 1322 tertia
727 1285 810 1324 via:
865 1288 898 1323 si
937 1299 1067 1326 omnes
1115 1288 1249 1338 populi

133 1355 256 1392 endem
295 1363 479 1402 potestate
509 1357 689 1402 gaudeant
725 1365 762 1393 et
794 1357 839 1394 ad
874 1357 977 1395 illum
1005 1358 1245 1406 perfectionis

131 1425 283 1472 gradum
310 1424 591 1471 adscenderint‚
619 1434 660 1462 ut
695 1426 802 1463 unice
823 1426 1017 1475 justitiae,
1049 1428 1247 1476 aequitatis

131 1502 168 1531 et
193 1494 294 1541 pacis
323 1494 448 1532 studio
476 1494 687 1542 ducantur3
719 1505 754 1533 et
782 1497 812 1534 si
836 1496 934 1534 forte
958 1497 1042 1544 quis
1066 1498 1127 1536 alii
1151 1498 1248 1548 inju-

132 1564 220 1601 riam
256 1563 383 1601 afferre
412 1563 528 1611 velit,
571 1565 663 1602 hanc
702 1566 830 1613 potius
872 1567 1081 1615 patiantur,
1134 1580 1244 1616 quam

130 1634 268 1671 bellum
305 1635 480 1671 excitent.
545 1634 586 1671 Si
626 1634 722 1671 enirn
757 1637 845 1672 haec
882 1647 980 1674 esset
1016 1638 1243 1685 populorum

132 1704 327 1749 conditio,
356 1712 397 1740 ut
434 1714 563 1741 omnes
582 1732 594 1750 ,
620 1705 746 1742 eadem
787 1714 974 1752 potestate
1019 1707 1244 1754 gaudentes,

129 1786 246 1822 aeque
266 1774 455 1820 valerent,
490 1784 525 1811 et
552 1774 667 1823 justi,
701 1776 808 1824 aequi
835 1776 1012 1824 pacisque
1042 1777 1168 1815 studio
1194 1786 1247 1815 te·

129 1852 330 1890 ueremur,
359 1844 646 1890 exspectandum
675 1843 797 1891 foret,
827 1854 891 1891 ut,
920 1847 953 1885 si
991 1858 1060 1884 una
1086 1848 1245 1884 alterave
1285 1851 1287 1854 ’

117 1926 219 1963 gens
238 1915 375 1964 injuste
398 1924 503 1961 agere
525 1924 702 1961 cuperet,
730 1916 896 1963 reliquae
923 1928 1052 1954 omnes
1077 1917 1153 1962 illi,
1182 1918 1244 1954 cui

126 1985 187 2034 jus
224 1992 476 2031 competeret,
517 1985 782 2023 auxiliarentur
827 1994 864 2023 et
900 1986 1070 2034 injuriam
1107 1986 1242 2025 illatam

129 2054 421 2102 ulciscerentur3
440 2056 669 2102 ‘sperandum
703 2065 780 2092 tum
803 2084 815 2102 ‚
861 2058 998 2093 nullam
1025 2056 1210 2093 civitatem
1228 2082 1243 2101 ,

132 2124 204 2162 sibi
224 2134 324 2162 certo
349 2125 484 2162 certius
513 2124 651 2162 ruinam
687 2124 824 2163 instare
853 2124 1028 2163 scientem
1044 2152 1057 2173 ‚
1086 2137 1131 2163 eo
1154 2137 1242 2174 pro-

129 2205 319 2232 cessurum
338 2194 565 2242 dementiae,
593 2204 635 2232 ut
660 2206 744 2234 cum
779 2195 847 2232 alia
878 2196 1017 2245 injuste
1040 2204 1137 2243 agat.

182 2265 235 2302 At
269 2274 385 2311 vero,
426 2265 511 2313 quis
548 2276 711 2314 unquam
749 2265 825 2303 fieri
866 2276 980 2313 posse
1007 2265 1169 2313 dixerit,
1200 2275 1241 2304 ut

663 2334 697 2373 C
1164 2337 1239 2375 sin-
