1538 2689
558 86 909 160 MEDICA.
1262 137 1285 173 9

185 226 224 265 in
247 225 355 264 finem
383 226 570 266 conferre.
622 228 700 267 Has
727 230 949 268 mutationes
975 230 1174 278 describit,
1198 241 1288 270 tam-

188 307 296 344 quam
327 296 607 345 corrugationes
642 297 816 336 fibrarum
850 299 1022 347 arteriae,
1060 300 1197 349 quibus
1232 314 1294 340 ca-

182 365 275 404 nalis
303 366 505 406 arteriosus
541 377 783 416 angustatur,
823 380 937 418 porro
962 377 1147 418 tamquam
1173 372 1290 410 incre-

183 423 345 474 mentum
391 437 564 476 fibrarum
602 438 951 487 longitudinalium‚
1006 452 1206 489 quousque
1244 443 1290 481 ad

184 506 385 545 laesionem
407 508 599 546 sanandam
626 509 844 556 requiritur.

231 573 386 624 Scarp
422 576 492 627 (ι)
531 576 650 625 dicit,
700 579 848 617 arterias
896 589 985 628 post
1021 580 1286 620 de'scissionem

184 643 300 682 libere
348 644 503 684 fundere
546 648 789 696 sanguinem3
837 649 931 688 hanc
980 651 1290 701 haemorrhagiam

189 724 354 762 cessare,
387 727 470 754 cum
498 718 557 754 vel
584 728 659 755 arte
693 718 866 766 sistitur,
894 721 953 758 vel
978 722 1232 760 contractione
1259 731 1295 761 et

184 786 404 824 retractione
440 788 590 837 arteriae
623 789 663 826 in
697 784 872 838 vulnere,
900 792 959 829 vel
984 802 1069 830 cum
1094 776 1175 842 ejus
1199 792 1291 831 fines

183 855 363 903 sanguine
394 857 633 897 clauduntur.
1290 910 1291 913 Ἴ

235 925 470 964 Pouteau
515 928 585 977 (ει.)
621 929 774 975 coagula
804 937 839 966 et
868 931 1158 969 contractionem
1199 941 1295 971 arte-

183 993 259 1033 riae
284 996 390 1044 parvi
420 996 529 1034 habet
549 1024 562 1042 ‚
599 998 665 1035 sed
698 998 805 1045 ponit
842 1002 1159 1039 intumescentiam
1203 1004 1292 1041 telae

179 1065 378 1104 cellulosae
415 1066 606 1105 maximam
636 1078 717 1105 esse
757 1068 890 1106 molem
937 1069 976 1107 in
1000 1069 1290 1121 haemorrhagia.

179 1133 444 1174 Kirkland
474 1145 629 1184 censet,
680 1138 990 1187 haemorrhagiam
1031 1140 1182 1179 minime
1221 1142 1293 1181 sis-

178 1205 209 1243 ti
240 1208 434 1254 coagulato
473 1207 678 1255 sanguine,
706 1209 772 1246 sed
796 1208 969 1256 quidem,
996 1209 1030 1247 si
1065 1212 1197 1249 arteria
1229 1224 1294 1251 su-

180 1286 246 1325 pra
288 1276 461 1324 pollicem
500 1277 738 1315 contrahatur
761 1306 774 1324 ‚
804 1288 841 1316 et
878 1278 1074 1317 imminuto
1098 1281 1291 1330 sanguinis

178 1344 344 1394 impulsu
375 1358 503 1385 versus
534 1347 642 1385 finem
685 1349 874 1387 claudatur
915 1360 1037 1397 usque
1087 1352 1132 1390 ad
1167 1363 1291 1392 ramos

178 1415 362 1454 laterales.

207 1485 416 1525 .Gooch
459 1495 496 1525 et
523 1488 703 1525 White
738 1489 806 1539 (3)
831 1489 947 1528 eidem
981 1490 1108 1530 favent
1141 1503 1290 1532 senten-

181 1555 254 1593 tiae
279 1555 373 1604 (4);
397 1555 435 1606 J.
460 1556 575 1595 Bell
600 1568 689 1595 vero
715 1557 876 1607 iudicat,
903 1560 1099 1608 comprimi
1121 1562 1288 1600 arteriam

182 1626 359 1675 sanguine
395 1626 434 1664 in
473 1627 545 1665 tela
585 1627 789 1676 cellulosa,
841 1629 907 1676 qui
944 1628 1043 1668 illam
1086 1631 1288 1670 circumdat

178 1695 289 1735 nimis
326 1696 515 1745 repletam.

219 1828 274 1872 (1)
292 1833 323 1865 8.
342 1834 484 1873 Scarp,
507 1839 691 1875 operatium
707 1839 906 1879 ofSurgery,
929 1849 1010 1880 1739.
1032 1846 1081 1875 ed.
1102 1846 1140 1876 11.

219 1890 275 1929 (2)
295 1893 331 1924 C.
351 1895 554 1931 Pouteau,
575 1890 734 1933 Melan‘ges
751 1898 785 1926 de
804 1899 911 1937 Chim,
931 1901 1018 1937 Lyon
1041 1904 1124 1937 1760·
1146 1911 1177 1939 p.
1201 1912 1266 1939 305·

219 1949 277 1988 (3)
293 1951 442 1986 White,
465 1954 552 1981 Casas
573 1955 606 1981 in
625 1955 770 1991 Surgery.

218 2004 271 2046 (4)
289 2009 321 2048 J.
341 2009 448 2046 Bell,
469 2009 645 2050 Princtples
668 2012 706 2047 of
731 2013 877 2051 Surgery.

1176 2260 1213 2310 S.
1242 2275 1281 2312 4.
