1523 2745
306 165 1069 213 OBSERVATIONES.
1191 187 1260 224 251

127 271 252 310 multi
278 273 449 312 tribuunt
476 276 560 324 (1).
615 278 735 327 Quam
770 279 819 316 ob
843 294 988 319 causam
1016 285 1060 321 de
1088 284 1162 322 illis
1189 293 1269 322 tan-

147 349 226 378 tum
271 340 389 381 facete
437 354 590 384 acuteve
636 347 745 386 dictis
794 360 974 398 agemus,
1041 365 1136 400 quae
1182 354 1270 391 Ari-

147 413 329 459 stoteles,
357 425 460 452 ⁴non
500 416 611 464 longe
657 430 677 454 a
722 419 869 456 Periclis
918 430 1034 459 aetate
1077 434 1269 470 remotus,

148 481 209 520 vel
236 483 487 535 Plutarchus,
517 486 601 524 talia
631 488 800 527 studiose
826 491 1003 539 colligere
1040 503 1269 540 consuetus,

148 561 469 601 memoraverunt,
498 565 739 604 quorumque
774 559 933 606 plurima
973 558 1128 601 eliorum
1171 570 1277 602 vete-'

151 631 230 658 rum
260 622 488 670 scriptorum
513 622 738 664 testimoniis
765 628 985 668 confirmata
1019 641 1121 669 sunt.

200 691 347 739 Agmen
377 691 492 740 igitur
522 694 633 732 ducat
672 696 799 734 tritum
840 697 933 736 illud
971 710 1011 736 ac
1046 697 1270 740 celebratum

153 759 302 799 Periclis
328 761 492 801 dictum:
522 763 707 814 Aeginam
735 766 893 806 Piraeeo
922 766 1048 807 nocere
1073 780 1115 808 ut
1140 772 1277 809 lemam'

152 830 267 869 oculo.
292 830 414 883 Jussit
433 843 567 882 nempe
593 833 696 873 cives
713 838 873 884 Ἀἴγιναν
897 842 941 884 ὡς
969 842 1085 888 λήμην
1107 846 1169 881 τοῦ
1193 850 1274 883 Πει-

153 906 255 950 ραιῶς
278 904 432 951 ἀφελεῖν
459 902 545 953 (2).
597 896 726 944 Nimis
753 909 848 944 enim
873 909 1090 948 imminebat
1120 921 1274 962 propter

150 972 468 1022 propinquitatem
489 974 643 1024 Aegina
668 976 824 1015 Piraeeo
850 977 940 1026 (3).
979 978 1085 1017 Hanc
1112 980 1270 1019 insulam

154 1049 310 1089 propter
356 1041 544 1080 Laconiae
597 1044 821 1084 vicinitatem
869 1059 1016 1096 semper
1062 1060 1272 1099 suspectam

155 1109 366 1148 habuerunt
404 1111 682 1161 Athenienses,
719 1115 768 1153 ita
814 1125 855 1154 ut
887 1117 1003 1156 hocce
1039 1121 1187 1160 Periclis
1221 1123 1277 1161 di·

155 1187 256 1218 ctum
292 1180 330 1218 in
369 1183 609 1229 proverbium
647 1183 804 1233 abierit3
845 1196 913 1225 nec
949 1189 1165 1229 Athenaeus
1205 1193 1275 1241 (4)

156 1249 206 1288 sit
242 1252 376 1289 erroris
411 1255 642 1301 arguendus,
683 1267 798 1302 quum
822 1266 971 1304 narret,
1017 1260 1089 1297 hoc
1122 1260 1272 1299 effatum
1316 1255 1322 1261 “

159 1332 178 1358 e
217 1322 391 1360 Demadis
434 1335 500 1361 ore
536 1323 655 1362 fuisse
693 1324 876 1365 auditum.
956 1328 1051 1366 Nam
1100 1331 1275 1370 omnibus

160 1392 351 1440 cognitum
382 1401 463 1441 est,
491 1402 658 1432 oratores
684 1395 836 1434 Atticos
862 1398 1080 1446 saepissime
1102 1399 1139 1437 in
1164 1412 1274 1439 suum

162 1472 268 1499 usum
315 1464 573 1511 convertisse,
628 1476 723 1513 quae
766 1477 786 1504 a
819 1466 1012 1514 prioribus
1048 1471 1176 1516 pulcre
1223 1471 1277 1509 di-

159 1540 219 1570 cta
245 1531 408 1572 fuissent
435 1533 531 1583 (5):
561 1536 670 1584 cujus
707 1536 761 1574 rei
797 1536 897 1576 aliud
918 1541 1134 1588 exemplum
1172 1541 1277 1580 inve·
1329 1580 1331 1583 ,

160 1602 261 1640 nitur
306 1602 344 1640 in
381 1603 502 1642 eadem
551 1606 724 1644 Demadis
780 1608 1151 1658 Apophthegmatum
1200 1614 1279 1650 col-

159 1673 344 1721 lectione,
398 1685 506 1723 quatn
551 1676 766 1715 Athenaeus
810 1679 836 1716 l.
877 1679 906 1716 L
945 1679 1142 1729 exhibuit3
1191 1683 1276 1730 'qua

1232 1753 1277 1791 de

198 1856 252 1892 (ι)
272 1856 364 1885 conf.
388 1856 484 1890 Tunc.
506 1857 530 1885 1.
554 1865 600 1887 22.

201 1912 251 1950 (ε)
273 1913 355 1942 Plut.
381 1912 412 1940 in
435 1914 504 1943 Per.
528 1922 593 1950 cap.
617 1920 647 1945 3.
678 1924 710 1951 p.
740 1917 807 1952 156·
840 1919 880 1946 D.
902 1933 946 1941 --
971 1920 1128 1949 Demosth.
1158 1909 1227 1952 init.
1245 1931 1277 1958 p.

162 1971 230 2002 846.
249 1970 284 1999 C.
306 1985 343 1992 -
364 1972 620 2007 Apophthegmm.
644 1973 740 2007 Regg.
765 1973 796 2001 in
823 1975 890 2004 Per.
923 1975 974 2004 no.
996 1984 1026 2004 ρ.
1046 1985 1075 2010 p.
1102 1979 1168 2007 186.
1187 1979 1222 2007 C.
1239 1992 1274 2001 —

161 2027 255 2062 Reip.
278 2029 349 2056 Ger.
370 2036 492 2063 praecc-
521 2037 587 2064 cap.
606 2033 635 2060 6.
651 2038 683 2065 p.
704 2034 772 2065 803.
792 2033 847 2060 Λ.’
863 2046 899 2053 -
929 2031 1058 2063 Aristot.
1085 2034 1192 2064 Rhett.
1218 2025 1274 2066 111.

165 2083 211 2114 1‘0.
231 2093 348 2122 p.·594.
369 2086 409 2115 D.

201 2141 253 2181 (3)
274 2143 341 2172 Cic.
363 2144 402 2171 de
425 2143 487 2172 Off.
503 2142 555 2172 ΙΙΙ,
580 2151 624 2173 ιι.

197 2202 252 2239 (4)
273 2201 386 2237 Deipn.
409 2203 460 2230 111.
482 2210 514 2237 p.
536 2209 585 2237 99.

200 2259 253 2295 (5)
273 2259 368 2289 Conf-
387 2259 514 2293 Taylor.
535 2260 634 2290 Lectt.
652 2260 723 2295 Lys.
741 2268 807 2295 cap.
827 2268 855 2291 2.
874 2269 908 2296 p.
929 2265 995 2292 22'6.
