1502 2767
406 195 996 243 THEOLOGICA.
1186 214 1254 260 189

637 348 673 393 ς.
731 359 766 386 1.

251 489 440 540 Quatenus
477 493 684 546 Religionis
721 499 961 543 Christianae
983 505 1156 547 doctrina

308 560 503 601 hominum
536 570 736 608 sententias
768 569 814 609 de
848 571 940 613 bello
972 580 1085 616 susei-

481 636 615 686 piendo
648 641 912 682 emendaverit.

200 781 404 824 Hominum
432 788 478 826 de
507 789 605 829 bello
637 793 877 842 suscipiendo
910 798 1112 837 sententias
1136 811 1260 840 emen·

147 850 248 890 datas
285 865 391 903 esse,
444 869 489 896 ex
524 872 600 907 quo
634 862 824 912 religionis
858 866 1092 907 Christianae
1123 871 1262 910 doctri·

146 931 229 960 nam
266 925 398 973 populi
427 930 584 976 amplexi
616 940 732 979 sunt,
772 934 893 981 primo
933 937 1017 975 loco
1050 939 1160 978 nobis
1195 953 1259 990 pa·

144 998 222 1029 tere
251 993 400 1034 videtur
422 1007 467 1035 ex
492 1009 539 1036 eo
555 1026 569 1046 ‚
595 1001 696 1046 quod
720 1002 833 1041 hodie

411 1110 518 1149 Bella
543 1124 615 1151 non
638 1116 714 1154 sint
738 1126 793 1156 tot
817 1131 983 1160 numero.

193 1219 343 1269 Quodsi
373 1222 467 1262 enim
503 1226 588 1274 quis
624 1237 788 1268 veterum
830 1232 1011 1273 bellorum
1050 1238 1257 1282 multitudi-

144 1298 226 1327 nem
269 1303 353 1330 cum
391 1293 568 1335 hodierna
598 1309 808 1350 comparet,
842 1305 1067 1351 permultum
1101 1307 1256 1348 interes-

145 1370 212 1406 se,
242 1360 317 1410 ipsi
341 1366 548 1412 apparebit.

189 1429 366 1472 Veterum
396 1439 648 1488 populorum,
675 1442 904 1485 Graecorum
933 1449 1089 1488 maxime
1112 1460 1148 1489 et
1173 1452 1255 1491 Ro·

142 1510 333 1541 manorum
350 1532 363 1551 ‚
380 1505 537 1547 historia
549 1537 563 1556 ‚
590 1521 668 1549 non
688 1513 760 1551 nisi
780 1514 961 1555 bellorum
975 1546 988 1566 ‚
1001 1521 1180 1561 continua
1198 1535 1257 1562 se·

142 1569 197 1608 rie
224 1581 442 1624 gestorum,
469 1580 681 1620 memoriam
706 1584 869 1624 exhibet.
897 1587 1010 1627 Haud
1035 1592 1096 1629 cui
1121 1592 1254 1632 mirum

144 1641 215 1679 hoc
256 1643 452 1695 videatur,
506 1649 573 1697 qui
608 1661 773 1692 veterum
813 1659 1043 1705 populorum
1080 1664 1253 1702 moralem

142 1711 396 1753 conditionem
441 1725 477 1754 et
514 1719 644 1759 civiles
686 1734 772 1773 erga
810 1737 850 1764 se
885 1722 1042 1768 invicem
1089 1732 1252 1772 rationes

139 1781 452 1834 consideraverit,
479 1789 706 1839 eosdemque
741 1794 870 1834 hostili
898 1797 970 1836 sibi
993 1799 1149 1840 invicem
1176 1803 1254 1842 ani·
1298 1854 1300 1857 ἱ

140 1862 203 1904 mo
233 1864 378 1903 semper
415 1858 545 1906 actos,
586 1869 777 1911 totamque
815 1877 941 1906 eorum
979 1868 1252 1912 institutionem

139 1920 285 1960 civilem
320 1924 449 1965 militia
472 1937 509 1966 et
527 1929 625 1968 bello
653 1932 842 1974 fundatam
874 1936 993 1976 fuisse
1030 1942 1249 1982 meminerit.

193 1991 380 2033 Bellorum
416 1997 485 2047 <ut
517 2002 717 2052 praecipua
742 2012 884 2045 tantum
910 2011 1130 2059 memorem)
1158 2025 1252 2061 quae

145 2059 278 2100 Graeci
301 2076 516 2116 gesserunt,
544 2081 674 2118 agmen·
698 2074 801 2113 ducit
826 2075 1054 2128 Trnjanum,
1080 2082 1141 2120 cui
1163 2095 1254 2121 con-

143 2130 244 2168 tinua
279 2132 356 2172 fere
393 2138 488 2176 serie
530 2143 734 2182 succedunt
774 2146 979 2197 Thebana,
1032 2151 1126 2190 bella
1166 2166 1249 2193 cum

138 2198 372 2251 Heraclidis,
401 2205 629 2260 Messeniis,
657 2214 786 2255 deinde
821 2218 991 2268 Persica,
1019 2222 1251 2272 Peloponne-

144 2267 267 2318 sium,
320 2273 562 2317 Macedonica
592 2282 754 2333 Philippi
792 2295 828 2324 et
862 2289 1061 2329 Alexandri
1095 2296 1251 2346 eJusque

1212 2377 1249 2403 m
