1523 2745
317 140 1100 218 [OBSERVATIONEQ
1207 193 1280 230 9η

157 285 277 311 σαντα
294 271 521 328 Ἀναξαγόρᾳ
534 281 592 328 ’τῷ
605 284 831 334 Κλαζομενίῳ
846 312 859 332 ,
874 289 934 327 καὶ
949 316 961 332 ,
973 291 1134 335 μαθητὴν
1143 292 1271 331 ἐκείνου

158 341 368 390 γενόμενον,
396 348 622 393 ταύτης’τῆς
644 353 823 400 δυνάμεως
852 359 1104 406 μετασχόντα.
1134 359 1268 397 Eadem

155 409 299 458 ratione
323 415 423 461 apud
441 416 673 457 Plutarchum
693 432 713 458 a
735 422 873 461 Pericle
905 435 1060 464 vocatur
1074 428 1271 477 Anaxago-

153 487 213 515 ras
238 486 302 525 τῆς
341 487 525 533 πολιτείας
551 490 755 538 σύμβουλος
792 495 814 542 (
820 495 888 541 1);
927 495 1010 533 addi
1036 498 1174 544 poterit
1202 499 1269 537 Hi-

152 548 254 585 metii
282 551 533 593 testimonium
554 558 640 607 (2).
668 559 817 609 Quanta
841 574 930 601 vero
946 565 1041 602 inter
1062 576 1266 616 utrumque

148 615 262 656 fuerit
306 622 554 673 conjunctio,
604 629 739 678 conjici
773 641 898 679 potest
928 645 950 672 e
986 636 1146 674 secunda
1184 638 1265 676 Pla-

147 687 351 732 tonicarum
381 693 697 748 Epistolar11n1(3
737 727 748 744 ,
779 701 843 739 ubi
870 704 1066 745 traduntur
1093 717 1189 753 una,
1220 717 1260 745 ut

144 754 364 807 familiares,
391 770 671 805 commemorari
703 771 837 808 solere.
882 774 997 820 Apud
1023 775 1170 813 Suidarn
1187 777 1258 825 (4)

142 837 298 866 vocatur
319 831 474 870 Pericles
496 836 738 885 Anaxagorae
761 843 934 889 ὂμιλητής
957 853 993 881 et
1017 846 1140 891 paullo
1162 846 1258 884 infe-

104 880 110 889 ¹
140 896 217 935 rius
250 902 426 948 μαθητής.
481 904 580 944 Cum
607 907 787 957 Euripide
814 920 850 947 et
880 912 1065 950 Archelao
1095 915 1139 952 ab
1178 917 1256 954 Eu-

140 967 246 1004 sebio
287 969 356 1017 (5)
394 971 499 1020 *inter
543 976 790 1024 Anaxagorae
836 981 1055 1029 discipulos,
1079 984 1251 1024 refertur.

136 1036 333 1087 Addantur
364 1041 554 1090 Diogenes
587 1045 791 1094 Laertius,
819 1049 1117 1098 Oiympiodorus
1149 1056 1252 1104 (6),

133 1106 210 1145 alii.
240 1106 433 1156 Quosnam
453 1122 542 1148 vero
567 1112 713 1155 fructus
735 1119 941 1165 perceperit
959 1122 1118 1160 Pericles
1134 1136 1155 1162 e
1169 1126 1254 1173 phi-

133 1177 285 1225 losophi
308 1181 580 1219 consuetudine
606 1184 652 1221 ad
688 1185 784 1223 vitae
817 1188 997 1232 rationem
1024 1191 1118 1230 bene
1141 1193 1252 1233 insti·

131 1246 303 1285 tuendam
320 1275 333 1294 ,
361 1259 410 1287 ex
435 1249 508 1288 illis
533 1253 724 1299 apparebit
744 1281 757 1301 ,
779 1266 873 1302 quae
899 1259 943 1299 de
958 1261 1037 1308 eJus
1059 1261 1183 1305 indole
1197 1265 1258 1302 di-

129 1325 274 1354 cemus.
339 1318 418 1367 Qui
448 1332 537 1357 vero
573 1322 659 1359 haec
685 1327 807 1362 omnia
846 1330 1051 1370 accuratius
1080 1333 1248 1380 exposita

103 1384 255 1424 ·videre
294 1388 438 1436 velint,
486 1391 615 1429 adeant
652 1384 899 1434 Schaubachii
939 1398 1080 1438 librum·
1124 1404 1248 1441 lauda-

127 1464 224 1496 tum·

180 1565 266 1605 Obs.
295 1565 364 1607 LI.
404 1569 494 1608 Non
528 1572 675 1613 difficile
707 1586 763 1614 est
802 1579 993 1627 probatu,
1041 1582 1131 1620 satis
1171 1595 1245 1621 ma-

127 1644 241 1684 gnum
268 1639 452 1687 temporis
486 1644 648 1690 spatium
679 1647 902 1700 intercedere
938 1650 1112 1690 debuisse
1149 1652 1243 1691 inter

1174 1723 1242 1760 Pe·

117 1860 121 1861 ⁷
156 1830 209 1870 (ι)
229 1834 306 1864 Plut.
323 1835 353 1864 in
369 1837 524 1874 Per.·cap.
548 1845 594 1871 16.
614 1850 650 1877 p.
679 1847 745 1873 162.
760 1845 798 1873 C.
823 1857 867 1876 —.
883 1846 994 1876 Philos.
1012 1848 1089 1878 Cum
1108 1848 1242 1885 Princip-

123 1894 190 1923 cap.
212 1898 239 1918 ι.
260 1899 294 1925 p.
317 1898 385 1926 777.
411 1895 451 1923 Λ.

153 1947 209 1983 (³2)
230 1948 314 1977 Orat.
337 1949 446 1979 xxm.
467 1949 497 1989 ἕ.
519 1963 549 1990 4.
568 1962 600 1990 Ρ.
624 1965 691 1994 57:-

158 1999 211 2041 (3)
232 2002 304 2039 Pag.
326 2015 394 2040 31¹-
418 2010 456 2037 A.

129 2100 136 2103 χ
157 2064 209 2102 (4)
229 2066 263 2095 In
281 2076 359 2098 voce
382 2071 565 2110 Περικλῆς.

155 2119 209 2158 (5)
230 2124 338 2161 Praep.
359 2128 473 2165 Euang.
495 2131 566 2160 Lib.
598 2133 635 2162 X.
648 2142 679 2169 p.
699 2141 766 2172 504.
789 2136 820 2163 B.
943 2175 948 2177 ‚

152 2177 205 2215 (6)
226 2179 319 2216 Diog.
333 2184 668 2224 Laert.Lib·1[.scgm.
683 2198 726 2218 12.
743 2192 896 2221 —Schoh
915 2191 946 2222 in
957 2192 1090 2228 Aristot-
1106 2195 1225 2224 Meteo-

110 2234 184 2263 1011.
205 2241 270 2269 pag.
290 2245 319 2270 5,
338 2239 377 2268 Α.
