1564 2750
456 172 966 231 LITERARlA.
1216 193 1263 230 91

1281 240 1431 274 Section.
1465 251 1511 276 .5.

154 283 244 332 quid
276 281 348 321 sibi
390 282 509 322 invito
554 286 766 334 excideret,
823 287 926 335 quod
967 288 1014 326 ad
1048 298 1123 326 rem
1159 299 1266 336 prae·
1446 241 1464 280 ἓ

151 360 315 391 sentem·
337 352 459 391 minus
506 356 744 403 conveniret,
798 359 857 395 vel
893 358 1041 406 Populo
1091 357 1262 406 displice-

145 429 208 460 ,ret
234 423 319 472 (1).
373 424 612 473 Quapropter
648 437 938 475 saepenumero,
977 440 997 465 a
1035 429 1180 476 Populo
1215 430 1261 467 ad

148 492 342 538 dicendum
378 503 557 542 vocatuS‚
613 491 826 534 constanter
863 497 1074 545 recusavit,
1119 509 1258 547 negans

140 573 189 607 ..se
211 573 296 600 esse
321 563 627 611 praemeditatum
656 565 742 616 (2).

136 663 143 667 .
196 631 312 671 Omni
344 642 466 672 autem
505 644 672 683 tempore
696 637 901 685 Demagogi
933 637 1097 676 favorem
1122 638 1258 686 Populi

140 703 403 752 largitionibus
430 712 467 742 et
486 705 742 744 munificentia
771 718 889 744 emere
922 707 1143 746 debuerunt.
1196 708 1258 746 In-

143 772 332 821 telligebat
351 783 471 817 autem
487 775 672 824 Pericles,
701 777 733 821 si
755 778 799 815 de
818 789 888 815 suo
908 778 1123 826 largiretur,
1137 789 1229 826 opes
1242 806 1255 825 ‚

136 854 237 890 quas
251 854 326 882 non
346 855 479 892 parvas
497 846 643 893 quidem
659 874 672 893 ‚
685 848 750 885 sed
762 847 947 886 Cimoniis
963 847 1112 885 minime
1123 859 1230 896 pares
1241 876 1255 894 ,

136 913 326 961 shabebat,
353 914 457 952 brevi
493 916 712 955 exhaustum
748 917 817 955 iri:
864 917 978 965 idque
1009 929 1030 955 a
1063 917 1255 955 nonnullis

139 982 210 1025 ita„
228 984 400 1032 explicari
429 996 586 1032 posse,
611 998 651 1024 ac
690 987 723 1023 si
760 987 910 1025 divitias
951 998 1038 1026 suas
1078 987 1252 1034 omnibus

133 1060 326 1094 ostentare
367 1055 498 1101 vellet,
548 1056 672 1102 iisque
709 1057 935 1105 superbiret.
1004 1057 1251 1106 ,Excogitavit

133 1122 511 1170 igiturtlargitionem
542 1125 599 1163 dev
615 1125 794 1173 publico,
826 1138 899 1174 qua
927 1128 1073 1165 venales
1106 1127 1248 1165 animos

134 1191 209 1234 sibi
239 1193 426 1233 devincire
461 1203 614 1243 posset,
666 1203 704 1234 et
734 1204 855 1234 tamen
894 1197 1034 1235 nullius
1072 1196 1246 1235 invidiam

131 1263 246 1314 inse
271 1264 461 1303 excitaret.
527 1265 677 1314 Quibus
712 1266 886 1303 omnibus
913 1265 952 1303 id
977 1267 1124 1304 tandem
1159 1265 1246 1305 effe-

131 1333 208 1380 cit,
259 1342 301 1373 ut
333 1346 410 1373 non
450 1337 561 1373 modo
600 1336 870 1376 Ostracismum
915 1335 1124 1385 effugerem
1179 1338 1243 1375 sed

132 1415 262 1444 omnes
308 1406 535 1444 adversarios
579 1406 752 1455 deinceps
799 1418 819 1445 e
858 1407 975 1455 patria
1026 1407 1243 1454 expelleret.

128 1473 290 1521 Postea,
340 1486 453 1521 quum
490 1475 580 1513 satis
616 1475 859 1523 probabiliter
896 1488 1040 1525 sperare
1086 1487 1241 1526 posset,

125 1541 210 1581 fore
241 1552 291 1582 ut,
316 1543 388 1582 sibi
414 1544 509 1583 nihil
544 1546 703 1594 amplius
731 1546 776 1584 ab
804 1546 878 1584 illis
917 1547 1154 1586 metuendum
1184 1559 1242 1585 es·

76 1600 77 1603 ¹
126 1620 211 1660 set3
240 1623 329 1651 vnon
362 1615 490 1652 omisit
522 1627 563 1653 se
599 1617 769 1664 generosi
801 1617 914 1655 animi
944 1618 1068 1666 specie
1092 1618 1130 1656 in
1159 1629 1239 1656 om-

123 1681 227 1722 nium
257 1683 550 1723 benevolentiam
583 1686 797 1734 insinuare,
827 1687 1166 1736 Thucydidemque
1195 1699 1236 1725 ac

124 1751 319 1791 Cimonem
346 1753 385 1791 in
411 1755 562 1802 patriam
583 1758 747 1795 revocari
772 1758 971 1806 toleravit3
999 1766 1135 1805 atque,
1163 1758 1236 1796 Po·

120 1823 213 1870 pulo
247 1823 520 1871 gratificaturus
549 1826 718 1874 scilicet,
751 1827 832 1876 ipse
865 1828 1080 1876 psephisma
1112 1828 1234 1877 scrip·

121 1892 195 1939 sit,
222 1903 307 1940 quov
324 1894 512 1942 posterior
537 1895 582 1932 ab
609 1898 739 1935 exsilio
752 1906 960 1937 'revocatus
987 1908 1060 1942 est,

540 1972 543 1974 ·
1158 1963 1232 2001 De-

151 2031 206 2070 (ι)
224 2033 310 2063 Plut.·
323 2034 355 2062 in
375 2038 441 2065 Per.
462 2043 528 2071 cap.
549 2040 579 2066 8.
600 2044 634 2072 p.
659 2041 725 2070 156.
746 2037 785 2068 C.
800 2055 841 2064 ⁷-
860 2039 986 2076 Quinct.
1011 2041 1038 2070 1.
1055 2041 1095 2069 O.
1117 2041 1181 2068 ΧΠ.
1199 2048 1229 2076 9.

114 2087 146 2126 §.
159 2096 257 2124 13.—
269 2098 315 2120 ιο.
338 2093 366 2128 s.
382 2095 431 2125 65·
453 2106 492 2114 —
511 2093 699 2126 Aeliamlv.
717 2105 764 2125 10.
786 2110 821 2118 -
842 2097 929 2127 Suid.
947 2096 977 2125 in
994 2105 1073 2127 voce
1095 2097 1176 2136 Περ.
1189 2103 1226 2113 -

114 2146 206 2175 conf.
226 2139 304 2176 sect.
323 2149 362 2178 11.
382 2145 413 2186 §.
436 2141 469 2185 34
492 2151 569 2180 Obs.
594 2151 680 2182 LIV.

150 2203 205 2240 (2)
225 2203 319 2234 Liber
341 2205 394 2242 qui
416 2207 569 2236 Plutarchi
590 2216 703 2238 nomen
724 2217 794 2246 prae
819 2218 851 2239 se
872 2211 931 2240 fert
950 2211 986 2239 de
1006 2211 1101 2241 Educ.
1122 2212 1224 2241 Puerr.

116 2258 190 2296 cap.
213 2269 242 2297 9.
260 2269 296 2296 vp.
315 2263 346 2292 6.
366 2264 403 2292 C.
425 2262 500 2299 ibiq.
524 2268 621 2299 Wytt.
