<?xml version="1.0" encoding="UTF-8"?>
<!DOCTYPE html PUBLIC "-//W3C//DTD XHTML 1.0 Transitional//EN"
    "http://www.w3.org/TR/xhtml1/DTD/xhtml1-transitional.dtd">
<html xmlns="http://www.w3.org/1999/xhtml" xml:lang="en" lang="en">
 <head>
  <title>
</title>
<meta http-equiv="Content-Type" content="text/html;charset=utf-8" />
  <meta name='ocr-system' content='tesseract 3.04.00' />
  <meta name='ocr-capabilities' content='ocr_page ocr_carea ocr_par ocr_line ocrx_word'/>
</head>
<body>
  <div class='ocr_page' id='page_1' title='image "annalesacademiae33rhen_0442.png"; bbox 0 0 1502 2767; ppageno 0'>
   <div class='ocr_carea' id='block_1_1' title="bbox 218 177 1070 229">
    <p class='ocr_par' dir='ltr' id='par_1_1' title="bbox 218 177 1070 229">
     <span class='ocr_line' id='line_1_1' title="bbox 218 177 1070 229; baseline -0.002 -9"><span class='ocrx_word' id='word_1_1' title='bbox 218 185 282 229; x_wconf 72' lang='lat'>158</span> <span class='ocrx_word' id='word_1_2' title='bbox 452 177 1070 220; x_wconf 68' lang='lat' dir='ltr'><strong>COMMTHEOL.</strong></span> 
     </span>
    </p>
   </div>
   <div class='ocr_carea' id='block_1_2' title="bbox 202 287 1327 1954">
    <p class='ocr_par' dir='ltr' id='par_1_2' title="bbox 204 287 1327 1040">
     <span class='ocr_line' id='line_1_2' title="bbox 209 287 1322 337; baseline 0 -9"><span class='ocrx_word' id='word_1_3' title='bbox 209 299 293 336; x_wconf 87' lang='lat' dir='ltr'>est,</span> <span class='ocrx_word' id='word_1_4' title='bbox 347 300 431 326; x_wconf 87' lang='lat' dir='ltr'>cum</span> <span class='ocrx_word' id='word_1_5' title='bbox 466 288 503 325; x_wconf 91' lang='lat' dir='ltr'>in</span> <span class='ocrx_word' id='word_1_6' title='bbox 549 287 795 336; x_wconf 80' lang='lat' dir='ltr'>regionibus,</span> <span class='ocrx_word' id='word_1_7' title='bbox 855 287 922 325; x_wconf 90' lang='lat' dir='ltr'>ubi</span> <span class='ocrx_word' id='word_1_8' title='bbox 963 287 1322 337; x_wconf 85' lang='lat' dir='ltr'>Protestantismus,</span> 
     </span>
     <span class='ocr_line' id='line_1_3' title="bbox 209 357 1320 406; baseline 0.001 -8"><span class='ocrx_word' id='word_1_9' title='bbox 209 370 289 398; x_wconf 85' lang='lat' dir='ltr'>turn</span> <span class='ocrx_word' id='word_1_10' title='bbox 321 358 386 396; x_wconf 88' lang='lat' dir='ltr'>ubi</span> <span class='ocrx_word' id='word_1_11' title='bbox 420 357 713 396; x_wconf 85' lang='lat' dir='ltr'>Catholicismus</span> <span class='ocrx_word' id='word_1_12' title='bbox 748 357 876 406; x_wconf 87' lang='lat' dir='ltr'>viget,</span> <span class='ocrx_word' id='word_1_13' title='bbox 918 358 957 396; x_wconf 90' lang='lat' dir='ltr'>in</span> <span class='ocrx_word' id='word_1_14' title='bbox 989 358 1091 396; x_wconf 90' lang='lat' dir='ltr'>omni</span> <span class='ocrx_word' id='word_1_15' title='bbox 1127 357 1320 399; x_wconf 86' lang='lat' dir='ltr'>hominum</span> 
     </span>
     <span class='ocr_line' id='line_1_4' title="bbox 209 428 1322 479; baseline 0.001 -12"><span class='ocrx_word' id='word_1_16' title='bbox 209 430 339 467; x_wconf 85' lang='lat' dir='ltr'>ordine</span> <span class='ocrx_word' id='word_1_17' title='bbox 379 428 734 477; x_wconf 84' lang='lat' dir='ltr'>deprehenduntur,</span> <span class='ocrx_word' id='word_1_18' title='bbox 784 429 851 476; x_wconf 90' lang='lat' dir='ltr'>qui</span> <span class='ocrx_word' id='word_1_19' title='bbox 895 429 1100 478; x_wconf 68' lang='lat' dir='ltr'>superbia,</span> <span class='ocrx_word' id='word_1_20' title='bbox 1148 429 1322 479; x_wconf 88' lang='lat' dir='ltr'>ignoran-</span> 
     </span>
     <span class='ocr_line' id='line_1_5' title="bbox 210 497 1327 547; baseline 0 -10"><span class='ocrx_word' id='word_1_21' title='bbox 210 501 287 546; x_wconf 71' lang='lat' dir='ltr'>tia,</span> <span class='ocrx_word' id='word_1_22' title='bbox 316 509 352 537; x_wconf 91' lang='lat' dir='ltr'>et</span> <span class='ocrx_word' id='word_1_23' title='bbox 378 510 522 536; x_wconf 88' lang='lat' dir='ltr'>morum</span> <span class='ocrx_word' id='word_1_24' title='bbox 557 498 710 536; x_wconf 84' lang='lat' dir='ltr'><strong>libidine</strong></span> <span class='ocrx_word' id='word_1_25' title='bbox 745 498 876 547; x_wconf 89' lang='lat' dir='ltr'>ducti,</span> <span class='ocrx_word' id='word_1_26' title='bbox 903 498 1153 537; x_wconf 84' lang='lat' dir='ltr'>Christianam</span> <span class='ocrx_word' id='word_1_27' title='bbox 1186 497 1327 538; x_wconf 88' lang='lat' dir='ltr'>doctri·</span> 
     </span>
     <span class='ocr_line' id='line_1_6' title="bbox 208 569 1323 617; baseline -0.001 -9"><span class='ocrx_word' id='word_1_28' title='bbox 208 581 290 608; x_wconf 88' lang='lat' dir='ltr'>nam</span> <span class='ocrx_word' id='word_1_29' title='bbox 306 598 318 617; x_wconf 87' lang='lat'><strong>‚</strong></span> <span class='ocrx_word' id='word_1_30' title='bbox 346 569 380 606; x_wconf 88' lang='lat' dir='ltr'>si</span> <span class='ocrx_word' id='word_1_31' title='bbox 404 579 482 606; x_wconf 91' lang='lat' dir='ltr'>non</span> <span class='ocrx_word' id='word_1_32' title='bbox 507 577 713 617; x_wconf 84' lang='lat' dir='ltr'>spernunt,</span> <span class='ocrx_word' id='word_1_33' title='bbox 741 577 841 606; x_wconf 90' lang='lat' dir='ltr'>certe</span> <span class='ocrx_word' id='word_1_34' title='bbox 873 577 1142 616; x_wconf 86' lang='lat' dir='ltr'>contemnunt,</span> <span class='ocrx_word' id='word_1_35' title='bbox 1168 579 1323 616; x_wconf 84' lang='lat' dir='ltr'>eamque</span> 
     </span>
     <span class='ocr_line' id='line_1_7' title="bbox 208 638 1322 688; baseline 0.001 -11"><span class='ocrx_word' id='word_1_36' title='bbox 208 639 309 677; x_wconf 88' lang='lat' dir='ltr'>omni</span> <span class='ocrx_word' id='word_1_37' title='bbox 340 650 408 677; x_wconf 83' lang='lat' dir='ltr'>sua</span> <span class='ocrx_word' id='word_1_38' title='bbox 444 639 594 676; x_wconf 82' lang='lat' dir='ltr'>salutari</span> <span class='ocrx_word' id='word_1_39' title='bbox 626 638 688 686; x_wconf 83' lang='lat' dir='ltr'>vi,</span> <span class='ocrx_word' id='word_1_40' title='bbox 715 648 757 677; x_wconf 84' lang='lat' dir='ltr'>ut</span> <span class='ocrx_word' id='word_1_41' title='bbox 781 639 821 676; x_wconf 90' lang='lat' dir='ltr'>in</span> <span class='ocrx_word' id='word_1_42' title='bbox 853 650 895 676; x_wconf 92' lang='lat' dir='ltr'>se</span> <span class='ocrx_word' id='word_1_43' title='bbox 919 639 1051 688; x_wconf 87' lang='lat' dir='ltr'>ipsos,</span> <span class='ocrx_word' id='word_1_44' title='bbox 1078 639 1129 678; x_wconf 88' lang='lat' dir='ltr'>ita</span> <span class='ocrx_word' id='word_1_45' title='bbox 1165 639 1205 678; x_wconf 89' lang='lat' dir='ltr'>in</span> <span class='ocrx_word' id='word_1_46' title='bbox 1227 639 1322 678; x_wconf 84' lang='lat' dir='ltr'>alios</span> 
     </span>
     <span class='ocr_line' id='line_1_8' title="bbox 205 708 1323 757; baseline 0 -10"><span class='ocrx_word' id='word_1_47' title='bbox 205 710 351 757; x_wconf 86' lang='lat' dir='ltr'>privare</span> <span class='ocrx_word' id='word_1_48' title='bbox 383 708 589 746; x_wconf 82' lang='lat' dir='ltr'>conantur!</span> <span class='ocrx_word' id='word_1_49' title='bbox 621 709 722 747; x_wconf 86' lang='lat' dir='ltr'>Haec</span> <span class='ocrx_word' id='word_1_50' title='bbox 759 708 881 746; x_wconf 87' lang='lat' dir='ltr'>omnia</span> <span class='ocrx_word' id='word_1_51' title='bbox 906 710 998 747; x_wconf 89' lang='lat' dir='ltr'>bene</span> <span class='ocrx_word' id='word_1_52' title='bbox 1024 710 1182 748; x_wconf 83' lang='lat' dir='ltr'>tenenda</span> <span class='ocrx_word' id='word_1_53' title='bbox 1207 717 1323 756; x_wconf 86' lang='lat' dir='ltr'>sunt,</span> 
     </span>
     <span class='ocr_line' id='line_1_9' title="bbox 205 778 1327 827; baseline -0.002 -9"><span class='ocrx_word' id='word_1_54' title='bbox 205 780 268 818; x_wconf 91' lang='lat' dir='ltr'>ubi</span> <span class='ocrx_word' id='word_1_55' title='bbox 295 779 484 827; x_wconf 79' lang='lat' dir='ltr'>inquirere</span> <span class='ocrx_word' id='word_1_56' title='bbox 506 779 687 826; x_wconf 82' lang='lat' dir='ltr'>velimus,</span> <span class='ocrx_word' id='word_1_57' title='bbox 706 787 886 827; x_wconf 85' lang='lat' dir='ltr'>quatenus</span> <span class='ocrx_word' id='word_1_58' title='bbox 904 778 1118 827; x_wconf 84' lang='lat' dir='ltr'>Religionis</span> <span class='ocrx_word' id='word_1_59' title='bbox 1141 778 1327 818; x_wconf 74' lang='lat' dir='ltr'>Christia·</span> 
     </span>
     <span class='ocr_line' id='line_1_10' title="bbox 204 849 1323 896; baseline -0.001 -8"><span class='ocrx_word' id='word_1_60' title='bbox 204 862 251 888; x_wconf 87' lang='lat' dir='ltr'>na</span> <span class='ocrx_word' id='word_1_61' title='bbox 274 850 442 888; x_wconf 84' lang='lat' dir='ltr'>doctrina</span> <span class='ocrx_word' id='word_1_62' title='bbox 469 849 661 887; x_wconf 89' lang='lat' dir='ltr'>hominum</span> <span class='ocrx_word' id='word_1_63' title='bbox 688 849 733 886; x_wconf 85' lang='lat' dir='ltr'>de</span> <span class='ocrx_word' id='word_1_64' title='bbox 756 849 854 887; x_wconf 89' lang='lat' dir='ltr'>bello</span> <span class='ocrx_word' id='word_1_65' title='bbox 884 849 1051 896; x_wconf 86' lang='lat' dir='ltr'>gerundo</span> <span class='ocrx_word' id='word_1_66' title='bbox 1075 849 1323 888; x_wconf 88' lang='lat' dir='ltr'>emendaverit</span> 
     </span>
     <span class='ocr_line' id='line_1_11' title="bbox 207 917 1325 968; baseline 0 -11"><span class='ocrx_word' id='word_1_67' title='bbox 207 918 440 966; x_wconf 76' lang='lat' dir='ltr'>sententias,</span> <span class='ocrx_word' id='word_1_68' title='bbox 465 919 622 968; x_wconf 85' lang='lat' dir='ltr'>ejusque</span> <span class='ocrx_word' id='word_1_69' title='bbox 660 917 926 957; x_wconf 82' lang='lat' dir='ltr'>emendationis</span> <span class='ocrx_word' id='word_1_70' title='bbox 961 920 1133 967; x_wconf 85' lang='lat' dir='ltr'>sequelas</span> <span class='ocrx_word' id='word_1_71' title='bbox 1165 919 1236 958; x_wconf 84' lang='lat' dir='ltr'>rite</span> <span class='ocrx_word' id='word_1_72' title='bbox 1267 919 1325 957; x_wconf 85' lang='lat' dir='ltr'>di·</span> 
     </span>
     <span class='ocr_line' id='line_1_12' title="bbox 204 990 384 1040; baseline 0 -12"><span class='ocrx_word' id='word_1_73' title='bbox 204 990 384 1040; x_wconf 75' lang='lat' dir='ltr'>iudicare.</span> 
     </span>
    </p>

    <p class='ocr_par' dir='ltr' id='par_1_3' title="bbox 202 1059 1324 1661">
     <span class='ocr_line' id='line_1_13' title="bbox 255 1059 1321 1108; baseline -0.002 -9"><span class='ocrx_word' id='word_1_74' title='bbox 255 1061 326 1100; x_wconf 84' lang='lat' dir='ltr'>Uti</span> <span class='ocrx_word' id='word_1_75' title='bbox 356 1072 401 1098; x_wconf 82' lang='lat' dir='ltr'>ex</span> <span class='ocrx_word' id='word_1_76' title='bbox 433 1060 491 1097; x_wconf 91' lang='lat' dir='ltr'>his</span> <span class='ocrx_word' id='word_1_77' title='bbox 524 1068 703 1108; x_wconf 79' lang='lat' dir='ltr'>apparet,</span> <span class='ocrx_word' id='word_1_78' title='bbox 742 1059 862 1107; x_wconf 87' lang='lat' dir='ltr'>qualis</span> <span class='ocrx_word' id='word_1_79' title='bbox 900 1059 1109 1097; x_wconf 85' lang='lat' dir='ltr'>emendatio</span> <span class='ocrx_word' id='word_1_80' title='bbox 1141 1059 1321 1107; x_wconf 84' lang='lat' dir='ltr'>speranda</span> 
     </span>
     <span class='ocr_line' id='line_1_14' title="bbox 204 1128 1323 1179; baseline 0.001 -11"><span class='ocrx_word' id='word_1_81' title='bbox 204 1132 277 1179; x_wconf 82' lang='lat' dir='ltr'>sit,</span> <span class='ocrx_word' id='word_1_82' title='bbox 304 1131 354 1169; x_wconf 88' lang='lat' dir='ltr'>ita</span> <span class='ocrx_word' id='word_1_83' title='bbox 389 1130 552 1177; x_wconf 85' lang='lat' dir='ltr'>quisque</span> <span class='ocrx_word' id='word_1_84' title='bbox 584 1140 628 1166; x_wconf 86' lang='lat' dir='ltr'>ex</span> <span class='ocrx_word' id='word_1_85' title='bbox 665 1140 785 1176; x_wconf 89' lang='lat' dir='ltr'>aequo</span> <span class='ocrx_word' id='word_1_86' title='bbox 813 1128 1014 1177; x_wconf 80' lang='lat' dir='ltr'>J‘udicans‚</span> <span class='ocrx_word' id='word_1_87' title='bbox 1052 1130 1262 1178; x_wconf 89' lang='lat' dir='ltr'>perspicit,</span> <span class='ocrx_word' id='word_1_88' title='bbox 1288 1130 1323 1169; x_wconf 89' lang='lat' dir='ltr'>si</span> 
     </span>
     <span class='ocr_line' id='line_1_15' title="bbox 202 1199 1323 1251; baseline -0.002 -10"><span class='ocrx_word' id='word_1_89' title='bbox 202 1202 302 1251; x_wconf 89' lang='lat' dir='ltr'>apud</span> <span class='ocrx_word' id='word_1_90' title='bbox 334 1202 528 1249; x_wconf 85' lang='lat' dir='ltr'>populos,</span> <span class='ocrx_word' id='word_1_91' title='bbox 558 1199 623 1246; x_wconf 90' lang='lat' dir='ltr'>qui</span> <span class='ocrx_word' id='word_1_92' title='bbox 651 1199 794 1237; x_wconf 86' lang='lat' dir='ltr'>Christi</span> <span class='ocrx_word' id='word_1_93' title='bbox 829 1199 1043 1247; x_wconf 88' lang='lat' dir='ltr'>religionem</span> <span class='ocrx_word' id='word_1_94' title='bbox 1073 1199 1323 1248; x_wconf 79' lang='lat' dir='ltr'>profitentur,</span> 
     </span>
     <span class='ocr_line' id='line_1_16' title="bbox 203 1269 1324 1316; baseline -0.002 -5"><span class='ocrx_word' id='word_1_95' title='bbox 203 1283 280 1311; x_wconf 91' lang='lat' dir='ltr'>non</span> <span class='ocrx_word' id='word_1_96' title='bbox 313 1273 419 1310; x_wconf 85' lang='lat' dir='ltr'>talem</span> <span class='ocrx_word' id='word_1_97' title='bbox 452 1271 498 1307; x_wconf 89' lang='lat' dir='ltr'>de</span> <span class='ocrx_word' id='word_1_98' title='bbox 530 1269 627 1307; x_wconf 88' lang='lat' dir='ltr'>bello</span> <span class='ocrx_word' id='word_1_99' title='bbox 665 1269 830 1316; x_wconf 85' lang='lat' dir='ltr'>gerundo</span> <span class='ocrx_word' id='word_1_100' title='bbox 862 1269 1128 1306; x_wconf 85' lang='lat' dir='ltr'>sententiarum</span> <span class='ocrx_word' id='word_1_101' title='bbox 1152 1269 1324 1309; x_wconf 81' lang='lat' dir='ltr'>emenda·</span> 
     </span>
     <span class='ocr_line' id='line_1_17' title="bbox 204 1338 1319 1388; baseline -0.001 -8"><span class='ocrx_word' id='word_1_102' title='bbox 204 1343 342 1380; x_wconf 84' lang='lat' dir='ltr'>tionem</span> <span class='ocrx_word' id='word_1_103' title='bbox 374 1340 647 1388; x_wconf 79' lang='lat' dir='ltr'>deprehendat,</span> <span class='ocrx_word' id='word_1_104' title='bbox 684 1338 804 1386; x_wconf 88' lang='lat' dir='ltr'>qualis</span> <span class='ocrx_word' id='word_1_105' title='bbox 837 1349 918 1375; x_wconf 82' lang='lat' dir='ltr'>esse</span> <span class='ocrx_word' id='word_1_106' title='bbox 942 1346 1144 1386; x_wconf 87' lang='lat' dir='ltr'>potuerat,</span> <span class='ocrx_word' id='word_1_107' title='bbox 1172 1338 1211 1378; x_wconf 87' lang='lat' dir='ltr'>id</span> <span class='ocrx_word' id='word_1_108' title='bbox 1240 1350 1319 1379; x_wconf 86' lang='lat' dir='ltr'>non</span> 
     </span>
     <span class='ocr_line' id='line_1_18' title="bbox 204 1406 1313 1460; baseline -0.003 -9"><span class='ocrx_word' id='word_1_109' title='bbox 204 1411 394 1460; x_wconf 77' lang='lat' dir='ltr'>religionis</span> <span class='ocrx_word' id='word_1_110' title='bbox 437 1408 672 1448; x_wconf 84' lang='lat' dir='ltr'>Christianae</span> <span class='ocrx_word' id='word_1_111' title='bbox 712 1406 900 1446; x_wconf 87' lang='lat' dir='ltr'>doctrinae</span> <span class='ocrx_word' id='word_1_112' title='bbox 932 1408 1170 1446; x_wconf 87' lang='lat' dir='ltr'>tribuendum</span> <span class='ocrx_word' id='word_1_113' title='bbox 1209 1421 1313 1458; x_wconf 87' lang='lat' dir='ltr'>esse,</span> 
     </span>
     <span class='ocr_line' id='line_1_19' title="bbox 204 1478 1320 1529; baseline -0.002 -9"><span class='ocrx_word' id='word_1_114' title='bbox 204 1483 269 1520; x_wconf 90' lang='lat' dir='ltr'>sed</span> <span class='ocrx_word' id='word_1_115' title='bbox 302 1482 394 1529; x_wconf 82' lang='lat' dir='ltr'>ipsis</span> <span class='ocrx_word' id='word_1_116' title='bbox 432 1478 676 1529; x_wconf 83' lang='lat' dir='ltr'>hominibus,</span> <span class='ocrx_word' id='word_1_117' title='bbox 704 1478 771 1526; x_wconf 87' lang='lat' dir='ltr'>qui</span> <span class='ocrx_word' id='word_1_118' title='bbox 811 1489 887 1516; x_wconf 87' lang='lat' dir='ltr'>eam</span> <span class='ocrx_word' id='word_1_119' title='bbox 918 1489 995 1516; x_wconf 90' lang='lat' dir='ltr'>non</span> <span class='ocrx_word' id='word_1_120' title='bbox 1023 1489 1320 1529; x_wconf 86' lang='lat' dir='ltr'>cognoscerent,</span> 
     </span>
     <span class='ocr_line' id='line_1_20' title="bbox 204 1548 1320 1599; baseline -0.002 -9"><span class='ocrx_word' id='word_1_121' title='bbox 204 1553 264 1590; x_wconf 90' lang='lat' dir='ltr'>vel</span> <span class='ocrx_word' id='word_1_122' title='bbox 301 1551 486 1599; x_wconf 84' lang='lat' dir='ltr'>cognitam</span> <span class='ocrx_word' id='word_1_123' title='bbox 533 1549 800 1597; x_wconf 83' lang='lat' dir='ltr'>depravarent,</span> <span class='ocrx_word' id='word_1_124' title='bbox 851 1548 1092 1597; x_wconf 86' lang='lat' dir='ltr'>ejusdemque</span> <span class='ocrx_word' id='word_1_125' title='bbox 1111 1549 1320 1589; x_wconf 70' lang='lat' dir='ltr'>salutarem</span> 
     </span>
     <span class='ocr_line' id='line_1_21' title="bbox 203 1618 1046 1661; baseline -0.004 -1"><span class='ocrx_word' id='word_1_126' title='bbox 203 1624 240 1660; x_wconf 88' lang='lat' dir='ltr'>in</span> <span class='ocrx_word' id='word_1_127' title='bbox 273 1621 466 1661; x_wconf 84' lang='lat' dir='ltr'>hominum</span> <span class='ocrx_word' id='word_1_128' title='bbox 494 1619 638 1658; x_wconf 88' lang='lat' dir='ltr'>animos</span> <span class='ocrx_word' id='word_1_129' title='bbox 665 1620 741 1657; x_wconf 89' lang='lat' dir='ltr'>vim</span> <span class='ocrx_word' id='word_1_130' title='bbox 771 1618 1046 1658; x_wconf 89' lang='lat' dir='ltr'>imminuerent.</span> 
     </span>
    </p>

    <p class='ocr_par' dir='ltr' id='par_1_4' title="bbox 202 1688 1320 1954">
     <span class='ocr_line' id='line_1_22' title="bbox 252 1688 1317 1742; baseline -0.001 -12"><span class='ocrx_word' id='word_1_131' title='bbox 252 1693 407 1742; x_wconf 86' lang='lat' dir='ltr'>Qualem</span> <span class='ocrx_word' id='word_1_132' title='bbox 443 1689 634 1728; x_wconf 89' lang='lat' dir='ltr'>hominum</span> <span class='ocrx_word' id='word_1_133' title='bbox 658 1690 704 1727; x_wconf 91' lang='lat' dir='ltr'>de</span> <span class='ocrx_word' id='word_1_134' title='bbox 732 1688 831 1726; x_wconf 88' lang='lat' dir='ltr'>bello</span> <span class='ocrx_word' id='word_1_135' title='bbox 861 1688 1029 1736; x_wconf 88' lang='lat' dir='ltr'>gerundo</span> <span class='ocrx_word' id='word_1_136' title='bbox 1052 1689 1317 1729; x_wconf 87' lang='lat' dir='ltr'>sententiarum</span> 
     </span>
     <span class='ocr_line' id='line_1_23' title="bbox 204 1759 1320 1810; baseline -0.002 -8"><span class='ocrx_word' id='word_1_137' title='bbox 204 1762 496 1802; x_wconf 84' lang='lat' dir='ltr'>emendationem</span> <span class='ocrx_word' id='word_1_138' title='bbox 535 1759 650 1798; x_wconf 88' lang='lat' dir='ltr'>verbo</span> <span class='ocrx_word' id='word_1_139' title='bbox 693 1760 940 1807; x_wconf 83' lang='lat' dir='ltr'>augurandam</span> <span class='ocrx_word' id='word_1_140' title='bbox 975 1769 1058 1799; x_wconf 89' lang='lat' dir='ltr'>esse</span> <span class='ocrx_word' id='word_1_141' title='bbox 1092 1759 1320 1810; x_wconf 87' lang='lat' dir='ltr'>significavi-</span> 
     </span>
     <span class='ocr_line' id='line_1_24' title="bbox 202 1829 1317 1881; baseline -0.001 -9"><span class='ocrx_word' id='word_1_142' title='bbox 202 1846 310 1881; x_wconf 87' lang='lat' dir='ltr'>mus,</span> <span class='ocrx_word' id='word_1_143' title='bbox 339 1834 444 1871; x_wconf 83' lang='lat' dir='ltr'>talem</span> <span class='ocrx_word' id='word_1_144' title='bbox 474 1842 598 1869; x_wconf 88' lang='lat' dir='ltr'>revera</span> <span class='ocrx_word' id='word_1_145' title='bbox 613 1831 737 1868; x_wconf 90' lang='lat' dir='ltr'>locum</span> <span class='ocrx_word' id='word_1_146' title='bbox 768 1829 968 1877; x_wconf 85' lang='lat' dir='ltr'>habuisse,</span> <span class='ocrx_word' id='word_1_147' title='bbox 998 1829 1109 1869; x_wconf 88' lang='lat' dir='ltr'>nobis</span> <span class='ocrx_word' id='word_1_148' title='bbox 1139 1831 1317 1872; x_wconf 84' lang='lat' dir='ltr'>historice</span> 
     </span>
     <span class='ocr_line' id='line_1_25' title="bbox 203 1906 580 1954; baseline -0.013 -11"><span class='ocrx_word' id='word_1_149' title='bbox 203 1906 361 1954; x_wconf 87' lang='lat' dir='ltr'>probare</span> <span class='ocrx_word' id='word_1_150' title='bbox 395 1909 580 1951; x_wconf 86' lang='lat' dir='ltr'>superest.</span> 
     </span>
    </p>
   </div>
   <div class='ocr_carea' id='block_1_3' title="bbox 1231 2310 1316 2350">
    <p class='ocr_par' dir='ltr' id='par_1_5' title="bbox 1231 2310 1316 2350">
     <span class='ocr_line' id='line_1_26' title="bbox 1231 2310 1316 2350; baseline -0.012 0"><span class='ocrx_word' id='word_1_151' title='bbox 1231 2310 1316 2350; x_wconf 54' lang='lat' dir='ltr'>&amp;Aa</span> 
     </span>
    </p>
   </div>
   <div class='ocr_carea' id='block_1_4' title="bbox 1470 0 1502 2767">
    <p class='ocr_par' dir='ltr' id='par_1_6' title="bbox 1470 0 1502 2767">
     <span class='ocr_line' id='line_1_27' title="bbox 1470 0 1502 2767; baseline 0 0"><span class='ocrx_word' id='word_1_152' title='bbox 1470 0 1502 2767; x_wconf 95' lang='lat' dir='ltr'> </span> 
     </span>
    </p>
   </div>
  </div>
 </body>
</html>
