1477 2725
317 186 1068 230 OBSERVATIONES.
1177 198 1250 238 145

143 295 251 336 clidis
280 296 425 336 Pontici
446 296 545 336 libro
567 314 609 340 π.
636 300 820 340 oroma-elcan
839 298 1014 349 conjicias
1028 326 1041 345 ‚
1062 296 1252 347 Xanthip-

140 378 231 416 pum
266 367 394 405 eodem
418 366 495 405 fere
520 376 687 417 tempore
702 396 716 416 ,
751 379 828 416 quo
853 368 1051 407 Aristidem
1069 395 1083 416 ‚
1124 367 1254 407 Ostra-

140 435 259 474 cismo
292 436 332 474 in
361 436 531 475 exsilium
561 447 684 476 actum
711 436 831 476 fuisse
857 437 943 488 (1).
995 439 1154 477 Mortuo
1182 449 1253 486 po-

140 513 297 543 suerunt
333 512 489 543 statuam
533 507 571 544 in
605 499 787 555 Acropoli
807 534 821 555 ‚
857 518 877 544 e
909 507 1059 555 regione
1084 507 1254 555 imaginis

141 585 252 621 quam
287 573 365 612 filio
392 575 524 614 Pericli
557 576 773 616 dicaverunt
794 604 810 625 ,
835 585 871 615 et
893 588 1014 626 prope
1040 577 1255 615 Anacreon-

140 643 191 682 tis
224 643 460 683 simulacrum
485 646 569 696 (α).

194 757 280 798 Obs.
301 758 377 798 111.
404 759 443 797 E
444 760 582 808 fratre
597 761 713 811 neptis
725 775 743 810 ,·
769 759 824 799 sic
845 759 942 799 enim
970 759 1184 810 accipienda
1203 758 1260 798 vi·

142 827 252 881 detur
278 839 354 867 vox
374 830 543 877 ἔγγονος,
577 841 698 878 eoque
723 840 837 868 sensu
866 830 1013 878 plurimi
1035 831 1259 879 interpretes

142 897 388 946 explicarunt.
417 899 537 936 Aliam
549 910 636 937 vero
649 899 828 938 rationem
843 899 963 938 secuti
976 909 1064 939 sunt
1080 901 1143 940 Cl.
1159 899 1259 947 viri,

147 967 214 1015 qui
235 968 472 1006 Plutarchum
498 967 536 1005 in
559 968 782 1007 Batavorum
807 980 1015 1007 sermonem
1039 976 1261 1015 verterunt,

144 1036 266 1086 iisque
312 1037 505 1087 suffragari
543 1038 689 1077 videtur
739 1040 952 1087 Kampenus
984 1039 1036 1078 V.
1074 1038 1126 1077 C.
1170 1038 1259 1087 (3).

140 1108 299 1147 Addunt
332 1108 571 1145 Plutarchum
619 1109 756 1145 hancce
790 1108 1038 1157 genealogiam
1083 1119 1129 1145 ex
1178 1107 1258 1144 He-

147 1177 282 1214 rodoto
322 1176 501 1224 petiisse3
542 1178 644 1223 quod
688 1176 722 1214 si
758 1176 809 1214 ita
850 1185 937 1223 est,
976 1177 1065 1225 (nec
1100 1174 1207 1214 facile
1241 1186 1262 1214 a

147 1255 336 1291 quoquam
362 1243 401 1281 id
427 1244 668 1293 negabitur),
708 1256 728 1282 e
751 1245 863 1291 loco,
899 1244 964 1292 qui
996 1244 1043 1283 ab
1071 1245 1144 1282 illis
1173 1244 1266 1282 cita-

145 1320 208 1350 tur
236 1312 332 1362 (4),
357 1322 493 1361 sponte
527 1323 677 1362 apparet
703 1314 941 1352 Plutarchum
974 1325 1131 1352 vocasse
1165 1315 1265 1354 Clis-

149 1383 299 1422 thenem
332 1384 401 1433 (5)
426 1392 627 1432 patruum,
672 1395 750 1422 non
789 1395 879 1423 vero
915 1396 1027 1422 avum
1069 1384 1264 1433 Agaristae

146 1450 323 1503 junioris.
386 1453 508 1492 Etiam
552 1466 572 1492 e
616 1463 826 1502 temporum
857 1454 1137 1502 computatione
1175 1455 1264 1493 haec

149 1525 319 1571 quaestio
353 1523 476 1561 dirimi
509 1532 650 1572 potest.
704 1524 746 1562 Si
783 1523 880 1562 enim
916 1524 1130 1563 Clisthenes
1166 1525 1268 1573 Aga-

147 1604 149 1606 *
1198 1593 1269 1631 ris-

185 1671 241 1708 (ι)
262 1670 337 1700 Her.
357 1672 448 1700 Pont.
467 1679 500 1707 p.
522 1679 567 1701 11.
583 1678 621 1700 ex
637 1670 712 1700 edit.
734 1670 846 1706 Cragii.
868 1669 1016 1706 Koeleri,
1036 1669 1195 1699 novissimi
1213 1671 1268 1699 ho-

148 1734 215 1755 rum
248 1728 482 1762 fragmentorum
507 1728 652 1762 editoris,
681 1730 740 1757 hoc
766 1730 803 1757 de
831 1729 910 1757 libro
937 1728 1086 1762 judicium
1110 1728 1141 1756 in
1174 1729 1266 1757 breve

149 1790 288 1812 coactum
314 1783 416 1812 videas
439 1783 470 1812 in
507 1786 627 1815 Comm.
656 1787 729 1814 Orn.
753 1786 875 1814 Roulez
901 1786 937 1814 de
969 1787 1087 1816 Heracl.
1108 1787 1200 1815 Pont.
1216 1785 1269 1814 in·

148 1843 228 1868 serta
249 1841 326 1868 Ann.
343 1840 463 1869 Lovan.
485 1841 554 1869 anni
583 1846 786 1880 1824-1825.
803 1850 835 1878 p.
855 1845 892 1872 26
921 1850 990 1878 sqq.

188 1895 240 1934 (α)
260 1899 349 1926 Paus.
370 1898 394 1926 1.
415 1904 463 1930 2⁵·
485 1897 558 1927 init·

188 1951 242 1989 (3)
265 1953 346 1982 Hist.
367 1955 420 1982 Gr.
441 1954 481 1983 11.
513 1962 548 1989 p.
570 1962 636 1989 173.

190 2007 245 2048 (4)
267 2011 383 2040 Herod.
406 2011 458 2039 VI.
484 2018 552 2046 131·

192 2067 246 2104 (5)
265 2068 311 2096 De
332 2068 488 2097 Clisthene
510 2067 570 2096 isto
587 2068 613 2097 si
633 2067 830 2104 peculiariter
848 2075 936 2102 agere
956 2069 1091 2103 vellem,
1105 2067 1195 2102 hujus
1211 2068 1270 2097 dis-

154 2123 326 2153 sertationis
344 2124 489 2153 terminos
505 2126 596 2159 longe
620 2127 816 2154 excederem.
836 2126 928 2154 conf.
948 2127 1063 2155 Herod.
1083 2128 1119 2155 V.
1137 2128 1184 2156 62.
1203 2134 1271 2160 sqq.

154 2181 209 2209 VI.
234 2187 299 2214 123.
320 2194 358 2202 —
377 2183 455 2210 Plut.
470 2181 597 2211 Aristid.
623 2190 689 2217 cap.
709 2192 734 2212 2.
757 2190 790 2216 p.
818 2191 885 2218 3¹9·
908 2184 943 2212 C.
967 2196 1003 2203 -
1029 2184 1152 2211 lsocrnt.
1176 2185 1272 2210 Areo-

153 2239 222 2271 p'ag.
242 2237 273 2266 6.
303 2235 352 2263 De
372 2236 614 2273 permutatione,
631 2246 662 2273 p.
688 2242 741 2268 108
773 2245 804 2266 et
831 2247 898 2273 130.
920 2239 972 2267 ed.
991 2240 1086 2268 Orell.
1102 2247 1139 2261 -·
1157 2240 1271 2268 Meurs.

155 2291 270 2323 Pisistr.
299 2299 368 2328 cap.
391 2293 438 2322 16.

208 2341 341 2370 crau.
704 2332 740 2371 K
