<?xml version="1.0" encoding="UTF-8"?>
<!DOCTYPE html PUBLIC "-//W3C//DTD XHTML 1.0 Transitional//EN"
    "http://www.w3.org/TR/xhtml1/DTD/xhtml1-transitional.dtd">
<html xmlns="http://www.w3.org/1999/xhtml" xml:lang="en" lang="en">
 <head>
  <title>
</title>
<meta http-equiv="Content-Type" content="text/html;charset=utf-8" />
  <meta name='ocr-system' content='tesseract 3.04.00' />
  <meta name='ocr-capabilities' content='ocr_page ocr_carea ocr_par ocr_line ocrx_word'/>
</head>
<body>
  <div class='ocr_page' id='page_1' title='image "annalesacademiae33rhen_0810.png"; bbox 0 0 1523 2745; ppageno 0'>
   <div class='ocr_carea' id='block_1_1' title="bbox 241 173 1133 221">
    <p class='ocr_par' dir='ltr' id='par_1_1' title="bbox 241 173 1133 221">
     <span class='ocr_line' id='line_1_1' title="bbox 241 173 1133 221; baseline 0 -8"><span class='ocrx_word' id='word_1_1' title='bbox 241 186 290 221; x_wconf 78' lang='lat'><strong>24</strong></span> <span class='ocrx_word' id='word_1_2' title='bbox 468 173 1133 220; x_wconf 68' lang='lat' dir='ltr'>GOMM-ENTATIO</span> 
     </span>
    </p>
   </div>
   <div class='ocr_carea' id='block_1_2' title="bbox 239 279 1370 1985">
    <p class='ocr_par' dir='ltr' id='par_1_2' title="bbox 239 279 1370 1720">
     <span class='ocr_line' id='line_1_2' title="bbox 243 279 1363 333; baseline 0 -11"><span class='ocrx_word' id='word_1_3' title='bbox 243 284 354 333; x_wconf 83' lang='lat' dir='ltr'><strong>digne</strong></span> <span class='ocrx_word' id='word_1_4' title='bbox 391 282 557 327; x_wconf 81' lang='lat' dir='ltr'><strong>imitata,</strong></span> <span class='ocrx_word' id='word_1_5' title='bbox 600 282 718 320; x_wconf 84' lang='lat' dir='ltr'><strong>multo</strong></span> <span class='ocrx_word' id='word_1_6' title='bbox 753 281 877 320; x_wconf 89' lang='lat' dir='ltr'><strong>minus</strong></span> <span class='ocrx_word' id='word_1_7' title='bbox 904 279 1074 331; x_wconf 73' lang='lat' dir='ltr'><strong>vsuperata</strong></span> <span class='ocrx_word' id='word_1_8' title='bbox 1100 289 1205 321; x_wconf 86' lang='lat' dir='ltr'><strong>sunt.</strong></span> <span class='ocrx_word' id='word_1_9' title='bbox 1250 279 1363 331; x_wconf 78' lang='lat' dir='ltr'><strong>Quid</strong></span> 
     </span>
     <span class='ocr_line' id='line_1_3' title="bbox 245 350 1368 400; baseline -0.004 -9"><span class='ocrx_word' id='word_1_10' title='bbox 245 355 360 392; x_wconf 88' lang='lat' dir='ltr'><strong>dicam</strong></span> <span class='ocrx_word' id='word_1_11' title='bbox 402 354 456 392; x_wconf 62' lang='lat' dir='ltr'><strong>de,</strong></span> <span class='ocrx_word' id='word_1_12' title='bbox 476 353 732 399; x_wconf 83' lang='lat' dir='ltr'><strong>Parthenone,</strong></span> <span class='ocrx_word' id='word_1_13' title='bbox 770 353 815 390; x_wconf 92' lang='lat' dir='ltr'><strong>de</strong></span> <span class='ocrx_word' id='word_1_14' title='bbox 850 354 991 400; x_wconf 87' lang='lat' dir='ltr'><strong>templo</strong></span> <span class='ocrx_word' id='word_1_15' title='bbox 1038 351 1187 390; x_wconf 90' lang='lat' dir='ltr'><strong>Cereris</strong></span> <span class='ocrx_word' id='word_1_16' title='bbox 1213 350 1368 390; x_wconf 86' lang='lat' dir='ltr'><strong>Eleusi·</strong></span> 
     </span>
     <span class='ocr_line' id='line_1_4' title="bbox 245 420 1364 470; baseline -0.004 -9"><span class='ocrx_word' id='word_1_17' title='bbox 245 423 330 461; x_wconf 80' lang='lat' dir='ltr'><strong>niae</strong></span> <span class='ocrx_word' id='word_1_18' title='bbox 341 424 360 461; x_wconf 71' lang='lat'><strong>‘3</strong></span> <span class='ocrx_word' id='word_1_19' title='bbox 375 422 514 470; x_wconf 89' lang='lat' dir='ltr'><strong>quidve</strong></span> <span class='ocrx_word' id='word_1_20' title='bbox 544 433 740 459; x_wconf 88' lang='lat' dir='ltr'>memorem</span> <span class='ocrx_word' id='word_1_21' title='bbox 756 422 879 460; x_wconf 90' lang='lat' dir='ltr'><strong>aedem</strong></span> <span class='ocrx_word' id='word_1_22' title='bbox 908 421 1021 459; x_wconf 87' lang='lat' dir='ltr'><strong>musis</strong></span> <span class='ocrx_word' id='word_1_23' title='bbox 1034 432 1173 459; x_wconf 88' lang='lat' dir='ltr'><strong>sacram</strong></span> <span class='ocrx_word' id='word_1_24' title='bbox 1189 449 1202 468; x_wconf 86' lang='lat'><strong>‚</strong></span> <span class='ocrx_word' id='word_1_25' title='bbox 1216 420 1364 458; x_wconf 88' lang='lat' dir='ltr'>Odeum</span> 
     </span>
     <span class='ocr_line' id='line_1_5' title="bbox 241 490 1367 540; baseline -0.004 -11"><span class='ocrx_word' id='word_1_26' title='bbox 241 491 364 538; x_wconf 82' lang='lat' dir='ltr'><strong>illud,</strong></span> <span class='ocrx_word' id='word_1_27' title='bbox 393 490 431 529; x_wconf 90' lang='lat' dir='ltr'><strong>in</strong></span> <span class='ocrx_word' id='word_1_28' title='bbox 458 502 535 539; x_wconf 92' lang='lat' dir='ltr'><strong>quo</strong></span> <span class='ocrx_word' id='word_1_29' title='bbox 563 491 720 528; x_wconf 74' lang='lat' dir='ltr'><strong>Pericles</strong></span> <span class='ocrx_word' id='word_1_30' title='bbox 749 491 829 540; x_wconf 90' lang='lat' dir='ltr'><strong>ipse</strong></span> <span class='ocrx_word' id='word_1_31' title='bbox 862 491 1065 529; x_wconf 88' lang='lat' dir='ltr'><strong>athlotheta</strong></span> <span class='ocrx_word' id='word_1_32' title='bbox 1109 490 1252 539; x_wconf 90' lang='lat' dir='ltr'><strong>primus</strong></span> <span class='ocrx_word' id='word_1_33' title='bbox 1286 499 1367 526; x_wconf 86' lang='lat' dir='ltr'><strong>cer·</strong></span> 
     </span>
     <span class='ocr_line' id='line_1_6' title="bbox 244 560 1364 609; baseline -0.003 -10"><span class='ocrx_word' id='word_1_34' title='bbox 244 561 379 599; x_wconf 89' lang='lat' dir='ltr'><strong>tamina</strong></span> <span class='ocrx_word' id='word_1_35' title='bbox 406 560 545 598; x_wconf 88' lang='lat' dir='ltr'><strong>musica</strong></span> <span class='ocrx_word' id='word_1_36' title='bbox 572 560 759 607; x_wconf 84' lang='lat' dir='ltr'><strong>instituit,</strong></span> <span class='ocrx_word' id='word_1_37' title='bbox 789 562 962 609; x_wconf 87' lang='lat' dir='ltr'><strong>legesque</strong></span> <span class='ocrx_word' id='word_1_38' title='bbox 987 560 1215 598; x_wconf 83' lang='lat' dir='ltr'><strong>certantibus</strong></span> <span class='ocrx_word' id='word_1_39' title='bbox 1258 567 1364 607; x_wconf 84' lang='lat' dir='ltr'><strong>prae·-</strong></span> 
     </span>
     <span class='ocr_line' id='line_1_7' title="bbox 243 628 1364 678; baseline -0.002 -10"><span class='ocrx_word' id='word_1_40' title='bbox 243 629 419 678; x_wconf 80' lang='lat' dir='ltr'><strong>scripsit:</strong></span> <span class='ocrx_word' id='word_1_41' title='bbox 447 638 512 667; x_wconf 86' lang='lat' dir='ltr'><strong>aut</strong></span> <span class='ocrx_word' id='word_1_42' title='bbox 538 630 741 678; x_wconf 89' lang='lat' dir='ltr'><strong>Propylaea</strong></span> <span class='ocrx_word' id='word_1_43' title='bbox 764 630 852 677; x_wconf 82' lang='lat' dir='ltr'><strong>illa,</strong></span> <span class='ocrx_word' id='word_1_44' title='bbox 881 641 1040 677; x_wconf 90' lang='lat' dir='ltr'><strong>quorum</strong></span> <span class='ocrx_word' id='word_1_45' title='bbox 1078 629 1209 667; x_wconf 85' lang='lat' dir='ltr'><strong>rudera</strong></span> <span class='ocrx_word' id='word_1_46' title='bbox 1233 628 1364 666; x_wconf 86' lang='lat' dir='ltr'><strong>etiam-</strong></span> 
     </span>
     <span class='ocr_line' id='line_1_8' title="bbox 244 697 1367 748; baseline -0.003 -11"><span class='ocrx_word' id='word_1_47' title='bbox 244 710 334 737; x_wconf 89' lang='lat' dir='ltr'><strong>num</strong></span> <span class='ocrx_word' id='word_1_48' title='bbox 369 710 547 737; x_wconf 86' lang='lat' dir='ltr'><strong>summam</strong></span> <span class='ocrx_word' id='word_1_49' title='bbox 585 700 829 748; x_wconf 83' lang='lat' dir='ltr'><strong>elegantiam,</strong></span> <span class='ocrx_word' id='word_1_50' title='bbox 871 709 907 737; x_wconf 91' lang='lat' dir='ltr'><strong>et</strong></span> <span class='ocrx_word' id='word_1_51' title='bbox 941 701 980 737; x_wconf 90' lang='lat' dir='ltr'><strong>in</strong></span> <span class='ocrx_word' id='word_1_52' title='bbox 1014 700 1094 747; x_wconf 84' lang='lat' dir='ltr'><strong>ipsa</strong></span> <span class='ocrx_word' id='word_1_53' title='bbox 1129 697 1367 746; x_wconf 83' lang='lat' dir='ltr'><strong>simplicitate</strong></span> 
     </span>
     <span class='ocr_line' id='line_1_9' title="bbox 244 765 1367 819; baseline -0.003 -13"><span class='ocrx_word' id='word_1_54' title='bbox 244 768 442 807; x_wconf 82' lang='lat' dir='ltr'><strong>maximum</strong></span> <span class='ocrx_word' id='word_1_55' title='bbox 470 778 639 807; x_wconf 86' lang='lat' dir='ltr'><strong>ornatum</strong></span> <span class='ocrx_word' id='word_1_56' title='bbox 678 770 893 808; x_wconf 76' lang='lat' dir='ltr'><strong>testantur?</strong></span> <span class='ocrx_word' id='word_1_57' title='bbox 920 769 1024 819; x_wconf 88' lang='lat' dir='ltr'><strong>Quid</strong></span> <span class='ocrx_word' id='word_1_58' title='bbox 1052 768 1214 815; x_wconf 89' lang='lat' dir='ltr'><strong>denique</strong></span> <span class='ocrx_word' id='word_1_59' title='bbox 1239 765 1367 805; x_wconf 84' lang='lat' dir='ltr'><strong>lauda·</strong></span> 
     </span>
     <span class='ocr_line' id='line_1_10' title="bbox 243 837 1367 888; baseline 0.001 -13"><span class='ocrx_word' id='word_1_60' title='bbox 243 837 295 876; x_wconf 89' lang='lat' dir='ltr'><strong>bo</strong></span> <span class='ocrx_word' id='word_1_61' title='bbox 322 846 482 876; x_wconf 86' lang='lat' dir='ltr'><strong>statuam</strong></span> <span class='ocrx_word' id='word_1_62' title='bbox 509 839 703 877; x_wconf 84' lang='lat' dir='ltr'><strong>Minervae</strong></span> <span class='ocrx_word' id='word_1_63' title='bbox 727 839 799 888; x_wconf 82' lang='grc' dir='ltr'><strong>(ι)</strong></span> <span class='ocrx_word' id='word_1_64' title='bbox 816 867 829 886; x_wconf 82' lang='grc'><strong>,</strong></span> <span class='ocrx_word' id='word_1_65' title='bbox 857 840 959 887; x_wconf 90' lang='lat' dir='ltr'><strong>quod</strong></span> <span class='ocrx_word' id='word_1_66' title='bbox 988 850 1085 887; x_wconf 90' lang='lat' dir='ltr'><strong>opus</strong></span> <span class='ocrx_word' id='word_1_67' title='bbox 1115 838 1262 877; x_wconf 87' lang='lat' dir='ltr'><strong>Phidiae</strong></span> <span class='ocrx_word' id='word_1_68' title='bbox 1298 849 1367 876; x_wconf 89' lang='lat' dir='ltr'><strong>no·</strong></span> 
     </span>
     <span class='ocr_line' id='line_1_11' title="bbox 243 894 1369 955; baseline 0.001 -11"><span class='ocrx_word' id='word_1_69' title='bbox 243 894 328 945; x_wconf 69' lang='lat' dir='ltr'><strong>meri</strong></span> <span class='ocrx_word' id='word_1_70' title='bbox 372 907 641 946; x_wconf 85' lang='lat' dir='ltr'><strong>immortalitati</strong></span> <span class='ocrx_word' id='word_1_71' title='bbox 672 909 996 947; x_wconf 78' lang='lat' dir='ltr'><strong>c0n1mendavit.‘.2</strong></span> <span class='ocrx_word' id='word_1_72' title='bbox 1030 930 1083 939; x_wconf 95' lang='lat'>—</span> <span class='ocrx_word' id='word_1_73' title='bbox 1113 908 1215 946; x_wconf 88' lang='lat' dir='ltr'><strong>Haec</strong></span> <span class='ocrx_word' id='word_1_74' title='bbox 1255 918 1369 955; x_wconf 83' lang='lat' dir='ltr'><strong>opera</strong></span> 
     </span>
     <span class='ocr_line' id='line_1_12' title="bbox 243 976 1370 1027; baseline 0.001 -12"><span class='ocrx_word' id='word_1_75' title='bbox 243 977 366 1015; x_wconf 91' lang='lat' dir='ltr'><strong>omnia</strong></span> <span class='ocrx_word' id='word_1_76' title='bbox 390 978 622 1025; x_wconf 85' lang='lat' dir='ltr'><strong>cogitantes,</strong></span> <span class='ocrx_word' id='word_1_77' title='bbox 650 978 755 1016; x_wconf 91' lang='lat' dir='ltr'><strong>dubii</strong></span> <span class='ocrx_word' id='word_1_78' title='bbox 791 978 984 1017; x_wconf 90' lang='lat' dir='ltr'><strong>haeremus</strong></span> <span class='ocrx_word' id='word_1_79' title='bbox 1001 1005 1015 1025; x_wconf 87' lang='lat'>‚</span> <span class='ocrx_word' id='word_1_80' title='bbox 1045 977 1139 1026; x_wconf 90' lang='lat' dir='ltr'><strong>quid</strong></span> <span class='ocrx_word' id='word_1_81' title='bbox 1166 977 1282 1027; x_wconf 85' lang='lat' dir='ltr'><strong>magis</strong></span> <span class='ocrx_word' id='word_1_82' title='bbox 1307 976 1370 1016; x_wconf 87' lang='lat' dir='ltr'><strong>ad-</strong></span> 
     </span>
     <span class='ocr_line' id='line_1_13' title="bbox 244 1046 1362 1096; baseline -0.001 -11"><span class='ocrx_word' id='word_1_83' title='bbox 244 1047 421 1085; x_wconf 86' lang='lat' dir='ltr'><strong>miremur</strong></span> <span class='ocrx_word' id='word_1_84' title='bbox 445 1048 581 1086; x_wconf 88' lang='lat' dir='ltr'><strong>artisne</strong></span> <span class='ocrx_word' id='word_1_85' title='bbox 608 1046 900 1095; x_wconf 85' lang='lat' dir='ltr'><strong>perfectionem,</strong></span> <span class='ocrx_word' id='word_1_86' title='bbox 940 1059 987 1085; x_wconf 87' lang='lat' dir='ltr'><strong>an</strong></span> <span class='ocrx_word' id='word_1_87' title='bbox 1016 1047 1189 1096; x_wconf 84' lang='lat' dir='ltr'><strong>exiguum</strong></span> <span class='ocrx_word' id='word_1_88' title='bbox 1216 1056 1362 1095; x_wconf 90' lang='lat' dir='ltr'><strong>tempus</strong></span> 
     </span>
     <span class='ocr_line' id='line_1_14' title="bbox 245 1115 1366 1165; baseline 0 -12"><span class='ocrx_word' id='word_1_89' title='bbox 245 1116 340 1154; x_wconf 88' lang='lat' dir='ltr'><strong>intra</strong></span> <span class='ocrx_word' id='word_1_90' title='bbox 368 1117 470 1163; x_wconf 91' lang='lat' dir='ltr'><strong>quod</strong></span> <span class='ocrx_word' id='word_1_91' title='bbox 509 1118 659 1154; x_wconf 86' lang='lat' dir='ltr'><strong>condita</strong></span> <span class='ocrx_word' id='word_1_92' title='bbox 697 1127 786 1155; x_wconf 88' lang='lat' dir='ltr'><strong>suut</strong></span> <span class='ocrx_word' id='word_1_93' title='bbox 823 1118 935 1165; x_wconf 82' lang='lat' dir='ltr'><strong>talia,</strong></span> <span class='ocrx_word' id='word_1_94' title='bbox 975 1116 1096 1164; x_wconf 86' lang='lat' dir='ltr'><strong>qualia</strong></span> <span class='ocrx_word' id='word_1_95' title='bbox 1126 1115 1190 1154; x_wconf 87' lang='lat' dir='ltr'><strong>vix</strong></span> <span class='ocrx_word' id='word_1_96' title='bbox 1229 1117 1366 1154; x_wconf 85' lang='lat' dir='ltr'><strong>multae</strong></span> 
     </span>
     <span class='ocr_line' id='line_1_15' title="bbox 247 1183 1365 1234; baseline 0 -12"><span class='ocrx_word' id='word_1_97' title='bbox 247 1194 385 1224; x_wconf 81' lang='lat' dir='ltr'><strong>aetates</strong></span> <span class='ocrx_word' id='word_1_98' title='bbox 419 1185 560 1224; x_wconf 88' lang='lat' dir='ltr'><strong>efficere</strong></span> <span class='ocrx_word' id='word_1_99' title='bbox 599 1196 711 1233; x_wconf 90' lang='lat' dir='ltr'><strong>posse</strong></span> <span class='ocrx_word' id='word_1_100' title='bbox 741 1186 967 1224; x_wconf 89' lang='lat' dir='ltr'><strong>viderentur.</strong></span> <span class='ocrx_word' id='word_1_101' title='bbox 1045 1183 1172 1234; x_wconf 89' lang='lat' dir='ltr'><strong>Ipsum</strong></span> <span class='ocrx_word' id='word_1_102' title='bbox 1208 1185 1365 1224; x_wconf 84' lang='lat' dir='ltr'><strong>sufficiat</strong></span> 
     </span>
     <span class='ocr_line' id='line_1_16' title="bbox 243 1254 1367 1302; baseline 0 -10"><span class='ocrx_word' id='word_1_103' title='bbox 243 1254 470 1302; x_wconf 85' lang='lat' dir='ltr'><strong>apposuisse</strong></span> <span class='ocrx_word' id='word_1_104' title='bbox 509 1254 696 1293; x_wconf 89' lang='lat' dir='ltr'><strong>Plutarchi</strong></span> <span class='ocrx_word' id='word_1_105' title='bbox 731 1254 1014 1301; x_wconf 86' lang='lat' dir='ltr'><strong>testimonium,</strong></span> <span class='ocrx_word' id='word_1_106' title='bbox 1053 1254 1118 1302; x_wconf 89' lang='lat' dir='ltr'><strong>qui</strong></span> <span class='ocrx_word' id='word_1_107' title='bbox 1142 1263 1230 1302; x_wconf 91' lang='lat' dir='ltr'><strong>post</strong></span> <span class='ocrx_word' id='word_1_108' title='bbox 1257 1254 1367 1302; x_wconf 89' lang='lat' dir='ltr'><strong>quin·</strong></span> 
     </span>
     <span class='ocr_line' id='line_1_17' title="bbox 243 1311 1362 1374; baseline 0.004 -14"><span class='ocrx_word' id='word_1_109' title='bbox 243 1335 318 1371; x_wconf 91' lang='lat' dir='ltr'><strong>que</strong></span> <span class='ocrx_word' id='word_1_110' title='bbox 345 1324 489 1361; x_wconf 88' lang='lat' dir='ltr'><strong>saecula</strong></span> <span class='ocrx_word' id='word_1_111' title='bbox 528 1324 579 1360; x_wconf 86' lang='lat' dir='ltr'><strong>ita</strong></span> <span class='ocrx_word' id='word_1_112' title='bbox 615 1323 792 1370; x_wconf 87' lang='lat' dir='ltr'><strong>scripsit:</strong></span> <span class='ocrx_word' id='word_1_113' title='bbox 835 1325 965 1364; x_wconf 66' lang='grc' dir='ltr'><em>κάλλει</em></span> <span class='ocrx_word' id='word_1_114' title='bbox 1001 1326 1066 1372; x_wconf 81' lang='grc' dir='ltr'><strong>μὲν</strong></span> <span class='ocrx_word' id='word_1_115' title='bbox 1099 1326 1173 1374; x_wconf 61' lang='grc' dir='ltr'><strong>γὰρ</strong></span> <span class='ocrx_word' id='word_1_116' title='bbox 1196 1311 1362 1365; x_wconf 63' lang='grc' dir='ltr'><strong>ἕκαστον</strong></span> 
     </span>
     <span class='ocr_line' id='line_1_18' title="bbox 239 1390 1364 1444; baseline 0.003 -12"><span class='ocrx_word' id='word_1_117' title='bbox 239 1395 338 1438; x_wconf 82' lang='grc' dir='ltr'><em>εὐθὺς</em></span> <span class='ocrx_word' id='word_1_118' title='bbox 380 1390 420 1437; x_wconf 72' lang='grc' dir='ltr'><strong>ἦν</strong></span> <span class='ocrx_word' id='word_1_119' title='bbox 452 1393 535 1433; x_wconf 76' lang='grc' dir='ltr'><strong>τότε</strong></span> <span class='ocrx_word' id='word_1_120' title='bbox 560 1395 735 1441; x_wconf 70' lang='grc' dir='ltr'><strong>ἀρχαῖον,</strong></span> <span class='ocrx_word' id='word_1_121' title='bbox 776 1395 876 1440; x_wconf 67' lang='grc' dir='ltr'><strong>ἀκμῇ</strong></span> <span class='ocrx_word' id='word_1_122' title='bbox 913 1395 949 1432; x_wconf 78' lang='grc' dir='ltr'><strong>δὲ</strong></span> <span class='ocrx_word' id='word_1_123' title='bbox 977 1395 1086 1442; x_wconf 79' lang='grc' dir='ltr'><em>μέχρι</em></span> <span class='ocrx_word' id='word_1_124' title='bbox 1113 1397 1171 1434; x_wconf 82' lang='grc' dir='ltr'><strong>νῦν</strong></span> <span class='ocrx_word' id='word_1_125' title='bbox 1200 1395 1364 1444; x_wconf 78' lang='grc' dir='ltr'><em>πρὸςφοι·</em></span> 
     </span>
     <span class='ocr_line' id='line_1_19' title="bbox 240 1461 1359 1516; baseline 0 -13"><span class='ocrx_word' id='word_1_126' title='bbox 240 1464 301 1503; x_wconf 74' lang='grc' dir='ltr'><strong>’τόν</strong></span> <span class='ocrx_word' id='word_1_127' title='bbox 335 1465 411 1503; x_wconf 78' lang='grc' dir='ltr'><em>ἐστι</em></span> <span class='ocrx_word' id='word_1_128' title='bbox 441 1464 501 1502; x_wconf 73' lang='grc' dir='ltr'><strong>καὶ</strong></span> <span class='ocrx_word' id='word_1_129' title='bbox 529 1463 702 1516; x_wconf 64' lang='grc' dir='ltr'><em>νεουργόν·</em></span> <span class='ocrx_word' id='word_1_130' title='bbox 741 1461 850 1505; x_wconf 77' lang='grc' dir='ltr'><em>οὕτως</em></span> <span class='ocrx_word' id='word_1_131' title='bbox 878 1464 1024 1503; x_wconf 71' lang='grc' dir='ltr'><em>ἐπανθεῖ</em></span> <span class='ocrx_word' id='word_1_132' title='bbox 1040 1479 1095 1508; x_wconf 76' lang='grc' dir='ltr'><strong>τις</strong></span> <span class='ocrx_word' id='word_1_133' title='bbox 1118 1464 1278 1509; x_wconf 67' lang='grc' dir='ltr'><strong>καινότης</strong></span> <span class='ocrx_word' id='word_1_134' title='bbox 1302 1465 1359 1504; x_wconf 68' lang='grc' dir='ltr'><strong>ἀεὶ</strong></span> 
     </span>
     <span class='ocr_line' id='line_1_20' title="bbox 240 1532 1359 1582; baseline 0.001 -10"><span class='ocrx_word' id='word_1_135' title='bbox 240 1533 380 1573; x_wconf 76' lang='grc' dir='ltr'><em>ἄθικτον</em></span> <span class='ocrx_word' id='word_1_136' title='bbox 415 1535 481 1573; x_wconf 81' lang='grc' dir='ltr'><strong>ὑπὸ</strong></span> <span class='ocrx_word' id='word_1_137' title='bbox 516 1537 577 1573; x_wconf 73' lang='grc' dir='ltr'><strong>τοῦ</strong></span> <span class='ocrx_word' id='word_1_138' title='bbox 610 1533 733 1581; x_wconf 78' lang='grc' dir='ltr'><strong><em>χρόνον</em></strong></span> <span class='ocrx_word' id='word_1_139' title='bbox 768 1535 977 1580; x_wconf 74' lang='grc' dir='ltr'><strong>διαιτεροῢσοι</strong></span> <span class='ocrx_word' id='word_1_140' title='bbox 1016 1535 1080 1578; x_wconf 69' lang='grc' dir='ltr'><strong>τὴν</strong></span> <span class='ocrx_word' id='word_1_141' title='bbox 1107 1533 1213 1582; x_wconf 73' lang='grc' dir='ltr'><em>ὄψιν,</em></span> <span class='ocrx_word' id='word_1_142' title='bbox 1244 1532 1359 1582; x_wconf 74' lang='grc' dir='ltr'><em>ὥσπερ</em></span> 
     </span>
     <span class='ocr_line' id='line_1_21' title="bbox 239 1594 1361 1652; baseline 0.001 -10"><span class='ocrx_word' id='word_1_143' title='bbox 239 1604 403 1646; x_wconf 67' lang='grc' dir='ltr'><strong>ἀειθαλὲς</strong></span> <span class='ocrx_word' id='word_1_144' title='bbox 428 1606 573 1650; x_wconf 68' lang='grc' dir='ltr'><em>πνεῦμα</em></span> <span class='ocrx_word' id='word_1_145' title='bbox 612 1603 672 1642; x_wconf 69' lang='grc' dir='ltr'><strong>καὶ</strong></span> <span class='ocrx_word' id='word_1_146' title='bbox 713 1603 840 1652; x_wconf 65' lang='grc' dir='ltr'><em>ψυχὴν</em></span> <span class='ocrx_word' id='word_1_147' title='bbox 876 1604 996 1651; x_wconf 69' lang='grc' dir='ltr'><em>ἀγήρω</em></span> <span class='ocrx_word' id='word_1_148' title='bbox 1038 1594 1361 1652; x_wconf 59' lang='grc' dir='ltr'><em>κατάμεμιγμένην</em></span> 
     </span>
     <span class='ocr_line' id='line_1_22' title="bbox 242 1670 732 1720; baseline -0.006 -9"><span class='ocrx_word' id='word_1_149' title='bbox 242 1675 310 1712; x_wconf 75' lang='grc' dir='ltr'><strong>τῶν</strong></span> <span class='ocrx_word' id='word_1_150' title='bbox 334 1672 444 1719; x_wconf 72' lang='grc' dir='ltr'><strong><em>ἔργων</em></strong></span> <span class='ocrx_word' id='word_1_151' title='bbox 469 1672 622 1720; x_wconf 79' lang='grc' dir='ltr'><em>ἑχόντων</em></span> <span class='ocrx_word' id='word_1_152' title='bbox 648 1670 732 1719; x_wconf 83' lang='lat'>(2).</span> 
     </span>
    </p>

    <p class='ocr_par' dir='ltr' id='par_1_3' title="bbox 240 1739 1360 1927">
     <span class='ocr_line' id='line_1_23' title="bbox 292 1739 1360 1789; baseline 0.002 -12"><span class='ocrx_word' id='word_1_153' title='bbox 292 1739 395 1777; x_wconf 83' lang='lat' dir='ltr'><strong>Ilaec</strong></span> <span class='ocrx_word' id='word_1_154' title='bbox 417 1740 540 1777; x_wconf 89' lang='lat' dir='ltr'><strong>omnia</strong></span> <span class='ocrx_word' id='word_1_155' title='bbox 559 1739 635 1777; x_wconf 89' lang='lat' dir='ltr'><strong>fieri</strong></span> <span class='ocrx_word' id='word_1_156' title='bbox 664 1741 744 1777; x_wconf 86' lang='lat' dir='ltr'><strong>sine</strong></span> <span class='ocrx_word' id='word_1_157' title='bbox 758 1740 901 1787; x_wconf 85' lang='lat' dir='ltr'><strong>magnis</strong></span> <span class='ocrx_word' id='word_1_158' title='bbox 924 1740 1137 1788; x_wconf 90' lang='lat' dir='ltr'><strong>sumptibus</strong></span> <span class='ocrx_word' id='word_1_159' title='bbox 1151 1751 1226 1779; x_wconf 89' lang='lat' dir='ltr'><strong>non</strong></span> <span class='ocrx_word' id='word_1_160' title='bbox 1253 1749 1360 1789; x_wconf 91' lang='lat' dir='ltr'><strong>pote-</strong></span> 
     </span>
     <span class='ocr_line' id='line_1_24' title="bbox 241 1807 1356 1858; baseline -0.001 -11"><span class='ocrx_word' id='word_1_161' title='bbox 241 1807 497 1856; x_wconf 85' lang='lat' dir='ltr'><strong>rant‚quibus</strong></span> <span class='ocrx_word' id='word_1_162' title='bbox 527 1807 752 1856; x_wconf 82' lang='lat' dir='ltr'><strong>suppetebat</strong></span> <span class='ocrx_word' id='word_1_163' title='bbox 770 1808 916 1856; x_wconf 91' lang='lat' dir='ltr'><strong>quidem</strong></span> <span class='ocrx_word' id='word_1_164' title='bbox 940 1808 1116 1847; x_wconf 87' lang='lat' dir='ltr'><strong>aerarium</strong></span> <span class='ocrx_word' id='word_1_165' title='bbox 1140 1809 1356 1858; x_wconf 69' lang='lat' dir='ltr'><strong>publicum,</strong></span> 
     </span>
     <span class='ocr_line' id='line_1_25' title="bbox 240 1877 1360 1927; baseline -0.002 -9"><span class='ocrx_word' id='word_1_166' title='bbox 240 1889 341 1927; x_wconf 87' lang='lat' dir='ltr'><strong>quos</strong></span> <span class='ocrx_word' id='word_1_167' title='bbox 366 1889 492 1916; x_wconf 88' lang='lat' dir='ltr'><strong>verum</strong></span> <span class='ocrx_word' id='word_1_168' title='bbox 518 1878 604 1916; x_wconf 91' lang='lat' dir='ltr'><strong>inde</strong></span> <span class='ocrx_word' id='word_1_169' title='bbox 625 1877 750 1916; x_wconf 89' lang='lat' dir='ltr'><strong>reduci</strong></span> <span class='ocrx_word' id='word_1_170' title='bbox 775 1877 938 1925; x_wconf 86' lang='lat' dir='ltr'><strong>aequitas</strong></span> <span class='ocrx_word' id='word_1_171' title='bbox 965 1878 1027 1916; x_wconf 87' lang='lat' dir='ltr'><strong>vix</strong></span> <span class='ocrx_word' id='word_1_172' title='bbox 1059 1877 1218 1917; x_wconf 88' lang='lat' dir='ltr'><strong>sinebat.</strong></span> <span class='ocrx_word' id='word_1_173' title='bbox 1244 1879 1360 1916; x_wconf 86' lang='lat' dir='ltr'><strong>Aera-</strong></span> 
     </span>
    </p>

    <p class='ocr_par' dir='ltr' id='par_1_4' title="bbox 1257 1958 1353 1985">
     <span class='ocr_line' id='line_1_26' title="bbox 1257 1958 1353 1985; baseline 0.01 -1"><span class='ocrx_word' id='word_1_174' title='bbox 1257 1958 1353 1985; x_wconf 73' lang='lat' dir='ltr'><strong>rium</strong></span> 
     </span>
    </p>
   </div>
   <div class='ocr_carea' id='block_1_3' title="bbox 237 2065 1356 2273">
    <p class='ocr_par' dir='ltr' id='par_1_5' title="bbox 275 2065 1188 2104">
     <span class='ocr_line' id='line_1_27' title="bbox 275 2065 1188 2104; baseline 0.001 -10"><span class='ocrx_word' id='word_1_175' title='bbox 275 2065 322 2104; x_wconf 88' lang='lat'><strong>(1)</strong></span> <span class='ocrx_word' id='word_1_176' title='bbox 342 2067 449 2096; x_wconf 72' lang='lat' dir='ltr'><strong>l‘usan.</strong></span> <span class='ocrx_word' id='word_1_177' title='bbox 466 2068 489 2096; x_wconf 88' lang='grc' dir='ltr'><strong>Ι.</strong></span> <span class='ocrx_word' id='word_1_178' title='bbox 512 2073 560 2104; x_wconf 85' lang='lat'><strong>24.</strong></span> <span class='ocrx_word' id='word_1_179' title='bbox 581 2066 675 2095; x_wconf 87' lang='lat' dir='ltr'><strong>Thuc.</strong></span> <span class='ocrx_word' id='word_1_180' title='bbox 703 2067 742 2095; x_wconf 91' lang='lat'><strong>11.</strong></span> <span class='ocrx_word' id='word_1_181' title='bbox 761 2072 812 2099; x_wconf 72' lang='lat'><strong>13.</strong></span> <span class='ocrx_word' id='word_1_182' title='bbox 835 2066 903 2094; x_wconf 86' lang='lat' dir='ltr'><strong>Cic.</strong></span> <span class='ocrx_word' id='word_1_183' title='bbox 931 2066 970 2095; x_wconf 85' lang='lat' dir='ltr'><strong>de</strong></span> <span class='ocrx_word' id='word_1_184' title='bbox 999 2066 1060 2096; x_wconf 83' lang='lat' dir='ltr'><strong>off.</strong></span> <span class='ocrx_word' id='word_1_185' title='bbox 1080 2066 1120 2097; x_wconf 87' lang='lat'><strong>11.</strong></span> <span class='ocrx_word' id='word_1_186' title='bbox 1140 2073 1188 2102; x_wconf 81' lang='lat'><strong>57.</strong></span> 
     </span>
    </p>

    <p class='ocr_par' dir='ltr' id='par_1_6' title="bbox 237 2122 1356 2273">
     <span class='ocr_line' id='line_1_28' title="bbox 275 2122 1353 2160; baseline 0.001 -7"><span class='ocrx_word' id='word_1_187' title='bbox 275 2122 327 2160; x_wconf 82' lang='lat'><strong>(2)</strong></span> <span class='ocrx_word' id='word_1_188' title='bbox 349 2126 429 2153; x_wconf 81' lang='lat' dir='ltr'><strong>Plut.</strong></span> <span class='ocrx_word' id='word_1_189' title='bbox 452 2125 523 2153; x_wconf 88' lang='lat' dir='ltr'><strong>Per.</strong></span> <span class='ocrx_word' id='word_1_190' title='bbox 549 2130 600 2156; x_wconf 80' lang='lat'><strong>¹3·</strong></span> <span class='ocrx_word' id='word_1_191' title='bbox 629 2123 672 2152; x_wconf 82' lang='lat' dir='ltr'><strong>ld.</strong></span> <span class='ocrx_word' id='word_1_192' title='bbox 700 2122 732 2152; x_wconf 85' lang='lat' dir='ltr'><strong>in</strong></span> <span class='ocrx_word' id='word_1_193' title='bbox 757 2130 892 2158; x_wconf 83' lang='lat' dir='ltr'><strong>compar.</strong></span> <span class='ocrx_word' id='word_1_194' title='bbox 918 2122 1027 2152; x_wconf 87' lang='lat' dir='ltr'><strong>Pericl.</strong></span> <span class='ocrx_word' id='word_1_195' title='bbox 1052 2130 1083 2152; x_wconf 88' lang='lat' dir='ltr'><strong>et</strong></span> <span class='ocrx_word' id='word_1_196' title='bbox 1107 2122 1191 2152; x_wconf 78' lang='lat' dir='ltr'><strong>Fabii</strong></span> <span class='ocrx_word' id='word_1_197' title='bbox 1217 2124 1302 2153; x_wconf 85' lang='lat' dir='ltr'><strong>Max.</strong></span> <span class='ocrx_word' id='word_1_198' title='bbox 1323 2133 1353 2159; x_wconf 85' lang='lat'><strong>3·</strong></span> 
     </span>
     <span class='ocr_line' id='line_1_29' title="bbox 237 2177 1356 2218; baseline 0 -8"><span class='ocrx_word' id='word_1_199' title='bbox 237 2181 284 2210; x_wconf 81' lang='lat' dir='ltr'><strong>De</strong></span> <span class='ocrx_word' id='word_1_200' title='bbox 304 2180 431 2216; x_wconf 67' lang='lat' dir='ltr'><strong>singulis</strong></span> <span class='ocrx_word' id='word_1_201' title='bbox 443 2179 488 2210; x_wconf 79' lang='lat' dir='ltr'><strong>ef.</strong></span> <span class='ocrx_word' id='word_1_202' title='bbox 507 2178 665 2210; x_wconf 70' lang='lat' dir='ltr'><strong>Menrsius</strong></span> <span class='ocrx_word' id='word_1_203' title='bbox 683 2177 714 2209; x_wconf 72' lang='lat' dir='ltr'><strong>in</strong></span> <span class='ocrx_word' id='word_1_204' title='bbox 738 2180 893 2216; x_wconf 68' lang='lat' dir='ltr'><strong>cecropia</strong></span> <span class='ocrx_word' id='word_1_205' title='bbox 907 2186 938 2210; x_wconf 83' lang='lat' dir='ltr'><strong>c.</strong></span> <span class='ocrx_word' id='word_1_206' title='bbox 965 2180 996 2209; x_wconf 84' lang='lat'><strong>6.</strong></span> <span class='ocrx_word' id='word_1_207' title='bbox 1026 2186 1078 2218; x_wconf 79' lang='lat'><strong>14.</strong></span> <span class='ocrx_word' id='word_1_208' title='bbox 1103 2187 1142 2215; x_wconf 86' lang='lat'><strong>17</strong></span> <span class='ocrx_word' id='word_1_209' title='bbox 1172 2179 1202 2208; x_wconf 88' lang='lat' dir='ltr'><strong>in</strong></span> <span class='ocrx_word' id='word_1_210' title='bbox 1219 2179 1356 2210; x_wconf 83' lang='lat' dir='ltr'><strong>Cerami-</strong></span> 
     </span>
     <span class='ocr_line' id='line_1_30' title="bbox 237 2243 342 2273; baseline -0.029 -5"><span class='ocrx_word' id='word_1_211' title='bbox 237 2244 295 2273; x_wconf 73' lang='grc' dir='ltr'><strong>εο,</strong></span> <span class='ocrx_word' id='word_1_212' title='bbox 315 2243 342 2266; x_wconf 84' lang='lat'><strong>1.</strong></span> 
     </span>
    </p>
   </div>
   <div class='ocr_carea' id='block_1_4' title="bbox 1520 0 1523 1029">
    <p class='ocr_par' dir='ltr' id='par_1_7' title="bbox 1520 0 1523 1029">
     <span class='ocr_line' id='line_1_31' title="bbox 1520 0 1523 1029; baseline 0 0"><span class='ocrx_word' id='word_1_213' title='bbox 1520 0 1523 1029; x_wconf 95' lang='lat' dir='ltr'><strong> </strong></span> 
     </span>
    </p>
   </div>
  </div>
 </body>
</html>
