1507 2876
338 235 985 284 'THE'OLOGICA.
1196 257 1248 294 ας

117 352 254 402 vatia-nc
278 356 429 403 ἀγάπην
456 355 565 399 οὐδεὶς
589 355 689 404 ἔχει,
720 355 776 396 ἵνα
811 357 866 401 τὶς
890 356 953 402 τὴν
978 356 1103 405 ψυχὴν
1127 357 1235 396 αὑτοῦ

118 427 159 475 θῇ
194 428 278 475 ὑπὲρ
312 429 380 466 τῶν
411 429 525 474 <oman
551 426 659 465 αὑτοῦ
687 423 772 475 (1).

617 572 650 614 ᾖ.
705 582 746 618 5.

446 699 621 737 Civitatis
647 710 691 735 ac
713 698 908 747 principis.

171 847 239 885 Ille
265 846 421 884 forsitan
449 846 514 893 qui
539 853 654 883 semet
683 844 763 892 ipse
779 872 792 891 ,
830 851 1036 891 cognatos,
1069 843 1236 890 amicos,

119 917 223 954 cives
249 917 287 954 in
308 915 406 953 bello
429 914 622 953 defendere
647 914 758 951 licere
783 913 976 959 concedit,
1005 913 1142 951 dubius
1154 913 1238 951 hae-

121 993 203 1032 ret,
232 994 354 1023 utrum
372 985 557 1022 civitatem
579 995 618 1021 ac
640 983 845 1032 principem
865 982 1060 1031 defendat3
1088 984 1237 1023 haerere

120 1063 254 1093 autem,
283 1065 360 1092 non
398 1054 521 1092 debet.
586 1054 701 1103 Quod
733 1062 774 1090 ut
808 1054 1019 1100 elucescat,
1059 1055 1236 1093 rationem

119 1124 330 1173 spectemus
349 1152 362 1171 ,
392 1136 463 1171 qua
489 1123 581 1162 civis
608 1123 848 1162 Christianus
886 1136 968 1162 sese
999 1124 1130 1162 habeat
1147 1136 1239 1174 erga

117 1194 306 1234 civitatem
339 1194 633 1243 principemque.
780 1197 783 1200 ⁴

169 1263 299 1302 Homo
324 1263 484 1312 quisque
509 1264 714 1302 arctissime
738 1265 823 1302 solo
846 1262 954 1301 natali
981 1264 1160 1313 adstringi
1175 1276 1239 1302 so·

116 1335 168 1372 let
195 1334 290 1383 (2),
319 1334 384 1373 ubi
411 1342 469 1372 tot
495 1334 756 1384 voluptatibus
791 1333 936 1372 fructus
962 1344 1041 1373 est:
1073 1363 1103 1382 „
1132 1335 1240 1385 Quo-

119 1431 151 1452 „
178 1404 400 1451 tiescunque
415 1404 458 1451 ‚²⁹
484 1405 535 1442 ait
560 1405 593 1443 C'
607 1417 627 1442 a
641 1418 675 1443 m
691 1405 701 1442 i
715 1407 727 1443 1
741 1407 789 1457 iu
808 1417 825 1442 s
844 1434 857 1452 ,
883 1433 914 1452 ,‚
942 1405 1058 1453 patria
1079 1406 1115 1443 in
1137 1417 1238 1443 rnen-

119 1501 152 1522 „
181 1482 253 1512 tem
281 1474 451 1523 veniret,
507 1475 593 1512 haec
634 1475 759 1513 omnia
795 1476 1065 1523 occurrebant,
1122 1477 1237 1514 colles

119 1571 152 1592 „
178 1544 375 1593 campique
398 1553 435 1582 et
459 1544 609 1583 Tiberis
640 1554 675 1582 et
702 1553 849 1583 assueta
887 1545 1007 1583 oculis
1042 1546 1171 1594 reglo,
1202 1555 1239 1584 et

119 1641 152 1662 „
179 1614 254 1652 hoc
294 1616 472 1662 coelum,
506 1615 577 1653 sub
619 1627 695 1664 quo
738 1624 846 1653 natus
889 1617 1144 1664 educatusque
1181 1608 1241 1654 es?

119 1710 153 1731 „
180 1694 257 1723 sem
284 1684 311 1701 ’⁹
336 1684 420 1733 (3).
487 1685 589 1723 Haec
629 1678 753 1724 Omnia
806 1685 988 1723 recordari
1026 1686 1132 1723 dulce
1178 1695 1235 1724 est

118 1753 293 1792 solatium
318 1754 500 1792 morituro
527 1755 585 1792 ini
612 1756 756 1802 exsuli,
785 1756 829 1793 de
854 1766 930 1802 quo
945 1755 1054 1793 Maro
1075 1755 1233 1794 cecinit:

455 1847 534 1856 ——
586 1848 665 1857 —
716 1847 796 1856 —
821 1824 1040 1876 Coelumque

217 1892 389 1943 Adspicit
418 1903 454 1932 et
479 1893 601 1932 dulces
629 1897 888 1933 reminiscitur
914 1896 1037 1945 Argos
1063 1897 1148 1947 (3).

1150 1968 1240 2005 Om-

157 2044 299 2084 (1)Joh.
328 2048 393 2076 XV.
428 2056 482 2084 12,
514 2057 560 2083 13.
602 2047 687 2077 Vid.
726 2049 893 2078 Grotius
923 2056 954 2077 et
982 2049 1163 2078 Kuinoel
1200 2051 1236 2079 ad

117 2104 149 2133 h.
171 2105 193 2133 1.
233 2105 289 2134 eff.
312 2106 349 2133 de
374 2105 542 2141 Keizer,
565 2106 597 2134 in
625 2107 702 2142 Opp.
725 2107 791 2135 Soc.
825 2108 907 2143 Hag.
930 2109 1015 2137 1822.
1045 2117 1077 2143 p.
1108 2116 1173 2138 110.
1206 2116 1237 2137 et

118 2161 392 2197 Reddingius,
423 2163 475 2198 qui
500 2164 624 2191 eandem
643 2171 726 2199 rem,
746 2171 834 2199 quam
855 2165 908 2193 De
935 2165 1110 2202 Keizer,
1129 2146 1272 2195 tracta-x*

120 2216 185 2253 vit,
203 2226 236 2254 p.
261 2223 327 2253 258.

157 2272 210 2311 (ι)
231 2274 401 2311 Livius,
422 2276 547 2305 Histor.
571 2278 608 2306 V.
632 2284 679 2314 54·

159 2332 211 2369 (s)
231 2329 455 2369 Virgilius,
475 2334 556 2365 Aen.
579 2335 618 2363 X.
642 2342 688 2364 νε.
712 2338 781 2369 782.
