1523 2745
301 213 347 251 32
518 199 1183 241 COMMENTATIO

297 310 488 360 antiquius
535 310 768 357 habuerunt,
797 321 904 357 quam
930 310 963 347 ei
989 310 1188 352 adversari.
1241 306 1406 349 Praeser-

290 383 357 424 tim
382 382 507 421 odium
543 381 643 418 illud
665 380 782 417 crevit
807 389 894 427 post
922 389 1076 417 mortem
1111 379 1281 418 Cimonis
1297 407 1311 427 ‚
1339 380 1406 428 qui

283 464 380 491 unus
422 451 523 501 pacis
572 461 716 498 semper
762 448 978 486 conciliator
1023 447 1156 487 fuerat.
1211 449 1403 488 Lubenter

280 524 371 562 adeo
385 521 559 560 videbant
583 519 866 558 Atheniensium
898 519 935 556 in
961 518 1085 557 socios
1110 518 1295 557 saevitiam
1311 530 1406 567 ‚ne-

277 592 470 632 cessariam
504 591 601 628 illam
638 589 812 637 quidem‚
841 589 906 626 sed
935 597 1055 626 tamen
1080 589 1205 627 duram
1233 597 1269 628 et
1297 588 1403 627 odio-

280 675 388 702 sam:
431 661 523 709 quin
560 668 727 707 tempore
757 658 843 696 belli
871 658 981 696 Samii
1011 659 1209 696 consilium
1243 659 1281 696 in
1307 670 1400 697 con·

280 741 396 771 ventu
412 730 603 769 sociorum
628 729 812 777 agitarunt
835 739 944 776 opem
966 728 1096 767 Samiis
1119 727 1260 766 ferendi
1276 756 1290 776 ,
1317 728 1400 766 bel-

280 805 435 851 lumque
463 802 535 851 J'am
571 808 660 837 tnnc
697 798 909 846 suscepturi
945 797 1063 835 fuisse
1099 797 1295 845 videntur,
1323 797 1400 836 nisi

280 871 565 913 Corinthiorum
608 867 879 917 praevaluisset
920 867 1128 914 sententia,
1179 866 1395 906 existiman-

277 943 372 982 tium
398 940 538 989 cuique
567 939 711 987 populo
736 937 891 976 liberum
920 949 1001 975 esse
1023 937 1155 975 debere
1182 939 1260 977 suis
1281 938 1397 978 sociis

278 1023 432 1062 poenam
481 1010 671 1058 imponere
710 1008 795 1057 (1).
860 1008 1089 1047 Athenarum
1139 1019 1228 1057 ergo
1263 1017 1396 1057 poten-

273 1083 326 1122 tia
352 1083 446 1132 (α),
474 1092 566 1128 quae
588 1078 962 1117 Lacedaemoniorum
993 1077 1168 1115 invidiam
1195 1086 1232 1116 et
1253 1087 1392 1116 metum

272 1151 480 1197 excitabat,
520 1148 628 1187 unice
666 1159 750 1185 vera
784 1146 903 1185 fuisse
940 1148 1087 1185 videtur
1124 1147 1211 1185 belli
1254 1159 1389 1187 causa:

269 1223 431 1272 eiusdem
465 1218 538 1257 orti
571 1217 717 1256 occasio
754 1217 854 1255 varie
877 1216 925 1255 ab
949 1217 1163 1273 auctoribus
1187 1226 1384 1268 narratur,

269 1300 392 1337 neque
424 1298 495 1325 una
516 1285 604 1324 fuit.

320 1359 482 1399 Primum
509 1356 547 1394 in
580 1355 707 1402 bello,
736 1355 838 1401 quod
866 1354 1100 1402 Corcyraeos
1124 1354 1220 1392 inter
1242 1364 1279 1393 et
1307 1356 1385 1395 Co-

271 1428 431 1468 rinthios
456 1425 529 1477 (3)
556 1432 678 1462 ortum
714 1431 818 1471 erat,
845 1423 1093 1462 Athenienses
1121 1424 1268 1463 illorum
1300 1438 1386 1476 par-

272 1510 327 1539 tes
362 1496 535 1548 prudenti
574 1493 737 1533 consilio
772 1493 924 1532 Periclis
960 1493 1118 1543 amplexi
1151 1504 1252 1533 erant
1285 1497 1380 1546 (4):

1298 1577 1378 1615 quo

302 1711 354 1750 (r)
376 1711 421 1739 lta
438 1715 520 1738 certe
539 1705 704 1742 gloriantur
723 1703 951 1733 Corinthiorum
969 1702 1059 1738 legati
1076 1703 1156 1739 apud
1173 1704 1370 1744 Thuc91.40,

259 1778 286 1800 1.
311 1769 395 1798 Idem
412 1768 434 1796 1.
448 1774 514 1795 101.
536 1763 596 1798 iam
607 1769 699 1791 annos
717 1760 834 1796 aliquot
850 1766 917 1788 ante
934 1759 1102 1795 irrumpere
1118 1760 1149 1788 in
1160 1761 1291 1790 Atticam
1302 1765 1370 1798 ¹,sq.

259 1825 376 1856 Thasiis
404 1822 583 1853 sollicitatos
610 1818 744 1848 voluisse
777 1817 1059 1854 Lacedaemonios,
1088 1819 1142 1847 sed
1167 1825 1262 1847 terrae
1286 1827 1371 1849 motu

258 1882 420 1918 impeditos
436 1877 598 1908 consilium
624 1875 784 1911 reliquisse
805 1881 912 1903 narrat.

295 1939 347 1978 (ε)
368 1939 466 1968 Thuc.
487 1936 513 1965 1.
536 1944 583 1969 23.
607 1937 656 1963 88.

252 2054 346 2084 ruisse
367 2048 567 2080 adversariae.
590 2049 774 2076 Graecorum
784 2052 865 2073 certe
883 2043 972 2080 primi
989 2052 1140 2072 certamen
1157 2047 1263 2074 navale
1279 2054 1363 2076 com.

254 2111 412 2141 miserunt.
453 2108 549 2137 Thuc.
569 2106 594 2135 1.
621 2112 667 2139 ¹3·
690 2103 731 2132 cf.
752 2103 882 2132 Wessel.
911 2101 947 2129 ad
964 2101 1080 2130 Herod.
1101 2101 1151 2130 111.
1174 2110 1222 2136 53·

289 2168 343 2205 (4)
363 2168 439 2198 Plut.
460 2166 529 2194 Per.
549 2172 597 2200 29.
615 2162 711 2190 Thuc.
730 2160 754 2189 1.
781 2169 831 2195 44.
850 2167 873 2186 s.
901 2157 993 2187 Diod.
1022 2159 1079 2188 Sic.
1111 2159 1160 2187 XI.
1190 2160 1245 2189 Illa
1261 2159 1360 2188 socie-

253 2233 296 2254 tas
318 2232 385 2253 cum
408 2219 587 2255 Corcyraeis
612 2225 674 2247 non
701 2223 764 2245 erat
789 2215 911 2245 illicita:
936 2223 1003 2243 nam
1027 2214 1140 2250 inipso
1156 2216 1283 2244 foedere
1306 2217 1360 2244 tri-

247 2279 364 2311 cennali
386 2278 531 2310 sancitum
556 2281 641 2313 erat,
655 2281 687 2305 ut
711 2271 808 2303 cuivis
828 2271 943 2303 civitati
960 2273 1109 2309 Graecae,
1129 2279 1204 2308 quae
1223 2273 1357 2303 neutrius

1285 2336 1356 2364 gen—
