1523 2745
420 171 942 214 LtTnRARm.
1207 183 1256 222 25

134 282 233 322 tium
256 281 352 322 enirn
372 282 463 322 illud
489 292 567 322 erat
585 293 783 322 commune
806 281 971 320 omnium
1000 280 1232 320 Graecorum

130 352 174 390 in
208 353 312 400 quod
351 352 620 401 conferebant,
662 353 746 391 inde
784 351 828 390 ab
866 352 1045 391 Aristidis
1087 333 1257 400 tempore,

133 422 335 470 pecuniam·
365 424 410 461 ad
438 423 574 460 bellum
611 432 741 461 contra
771 423 901 461 Persas
943 422 1143 476 gerendum
1170 423 1255 470 (1).

120 491 209 541 -Jam
247 492 334 530 olim
363 493 611 531 Athenienses
633 492 725 530 iilud
759 503 780 530 e
802 492 895 530 Delo
922 490 959 527 in
989 502 1091 529 suam
1127 491 1254 530 urbem

127 563 397 600 transtulerant
414 562 512 610 (2);
541 573 694 609 eamque
720 561 901 599 actionem
927 571 1004 597 non
1026 561 1096 598 ali-„i
1126 560 1251 608 specie

128 629 324 668 defendere
345 639 546 679 poterant,
573 642 681 678 quam
706 631 812 678 ’quod
840 630 879 667 in
919 629 1099 677 AcropoIi
1134 629 1251 667 tutius

128 709 351 740 servaretur.
423 702 477 739 At
525 701 683 739 Pericles
721 700 800 738 illas
834 712 954 749 opes,
1003 711 1118 747 quum
1173 700 1255 747 ipse

129 772 339 819 quaestoris
371 771 552 822 (ταμιόυ)
581 782 733 809 munere
756 770 911 808 functus
942 769 1062 807 fuisse
1084 770 1256 819 videtur,

123 850 190 879 aut
226 850 326 879 certe
364 841 435 878 sub
476 841 571 879 alius
611 843 772 890 persona
820 840 957 887 latuit,
1009 840 1046 878 in
1085 840 1252 888 privatos

126 909 418 949 Atheniensium
459 922 553 949 usus
588 911 760 949 adhibere
800 921 875 949 uon
914 910 1097 948 dubitavit
1133 909 1252 957 qualis

126 980 265 1030 injusta
286 981 416 1030 agendi
438 981 531 1018 ratio
559 980 669 1029 digna
697 979 990 1028 reprehensione
1015 990 1092 1017 non
1117 979 1251 1017 caruit.

130 1050 258 1101 Quum
298 1050 444 1099 saepius
478 1051 516 1088 in
541 1051 723 1088 concione
746 1050 885 1087 crimen
908 1050 981 1087 hoc
1015 1049 1048 1087 ei
1071 1048 1252 1097 obJ'icere‘

129 1128 219 1168 tur,
246 1131 339 1172 usus
367 1120 503 1158 dicitur
533 1119 749 1158 defensione
780 1119 948 1167 speciosa
970 1119 1112 1168 magis,
1141 1129 1248 1165 quam

119 1191 211 1241 jus,
262 1192 338 1238 qua
371 1190 610 1228 contenderet
659 1189 755 1228 nihil
809 1188 998 1227 sociorum
1038 1188 1245 1234 interesse,

122 1271 197 1308 qua
227 1260 365 1298 tributa
392 1271 458 1298 sua
492 1259 659 1307 abirent,
687 1259 892 1297 dummodo
927 1259 1118 1297 Persarum
1152 1258 1250 1308 inju-

119 1330 192 1368 rias
220 1329 266 1368 ab
293 1329 367 1368 illis
394 1341 452 1367 arc
464 1339 566 1367 erent
593 1329 673 1376 illi,
702 1329 768 1377 qui
803 1329 1024 1377 acciperent.
1080 1329 1250 1377 Vereor,

119 1410 169 1438 ne
201 1399 260 1437 vir
286 1411 440 1448 magnus
476 1400 543 1437 hac
577 1399 615 1437 in
640 1410 680 1437 re
704 1400 844 1447 patriae
872 1400 1068 1438 commoda
1103 1400 1244 1448 tnagis,

121 1481 232 1517 quam
259 1470 384 1518 ipsum
421 1469 570 1507 honesti
609 1480 758 1508 sensum
799 1470 850 1507 ob
888 1472 1019 1508 oculos
1059 1470 1244 1510 habuerit.

116 1540 162 1579 In
199 1539 315 1578 media
348 1539 447 1578 enim
487 1550 580 1588 pace
609 1549 672 1577 aut
699 1539 838 1578 tributa
878 1541 939 1578 illa
966 1552 1044 1579 non
1082 1542 1240 1597 amplius

117 1619 218 1648 erant
250 1609 477 1648 conferenda
500 1637 514 1657 ‚
544 1619 608 1647 aut
633 1609 828 1658 diligenter
858 1612 903 1649 ad
932 1622 1030 1650 nova
1057 1612 1150 1650 bella
1186 1625 1242 1651 re-

116 1664 309 1719 servanda.
363 1681 566 1728 Postquam
593 1680 644 1718 ita
673 1691 714 1718 se
739 1692 859 1718 coram
888 1682 1038 1730 populo
1066 1682 1240 1722 defende-

117 1750 246 1798 derat,
294 1750 518 1788 adversariae
557 1749 732 1788 factionis
771 1751 958 1799 principes
1001 1763 1077 1791 non
1115 1763 1236 1797 tamen

118 1819 341 1859 destiterunt
376 1831 397 1857 a
445 1819 766 1858 criminationibus
790 1846 806 1868 ,
856 1821 1083 1871 nimiamque
1126 1836 1241 1874 pecu-

1152 1894 1238 1934 niae
1283 1889 1286 1891 ’

153 2016 202 2055 (ι)
223 2018 319 2047 Thuc.
340 2017 361 2047 1.
382 2020 433 2054 96.
455 2019 535 2048 Plut.
563 2018 659 2048 Arist.
681 2027 729 2056 24.
749 2017 842 2048 Diod.
860 2018 917 2049 sic.
938 2020 996 2050 XI.
1018 2023 1068 2057 46.
1089 2027 1120 2054 7.

154 2073 210 2111 (2)
231 2076 364 2111 Tempus
381 2074 544 2104 incertum.
563 2076 706 2104 Dodwell
729 2076 819 2104 Anno
838 2077 935 2105 Thuc.
958 2077 1073 2105 sactum
1089 2078 1186 2107 refert
1196 2080 1232 2108 ad

116 2139 201 2177 0143
227 2133 351 2168 olymp.
373 2132 506 2161 LXXIX.
529 2133 708 2167 Perper-am,
739 2131 888 2167 siquidem
915 2133 995 2162 iilud
1019 2134 1131 2163 accidit
1156 2135 1236 2166 vivo

116 2188 281 2220 etiamnum
296 2188 428 2218 Aristide
438 2209 448 2224 ,
464 2188 547 2225 (vid.
562 2190 640 2219 Plut.
649 2188 744 2219 Arist.
755 2189 821 2227 25.)
831 2189 884 2225 qui
903 2190 1026 2228 Olymp.
1043 2191 1233 2223 Lxxxvm.

116 2251 147 2275 a.
173 2244 196 2276 i„
219 2245 290 2281 jan.
316 2246 382 2275 vita
408 2245 568 2276 defunctus
585 2251 643 2275 est.
