1523 2745
243 244 314 282 180
398 232 654 279 COMM.
706 232 1219 278 LITERARIA.

246 361 312 390 nes
338 348 435 399 (1),
459 348 589 386 ludens
622 347 660 385 in
690 345 814 385 verbis
847 349 1123 397 παρατέταται,
1151 348 1276 397 (quod
1309 348 1364 386 de·

245 420 439 461 Euboeae
454 418 529 455 situ
543 418 674 466 ,juxta
688 416 886 455 Locridem
901 445 914 464 ,
929 416 1121 454 Boeotiam
1150 425 1262 464 atque
1287 418 1366 455 At·-

248 490 357 528 ticam
383 497 581 534 extensae,
618 486 847 534 accipitur),
876 495 912 523 et
940 488 1121 536 παρετάθη
1138 514 1151 533 ,
1188 497 1265 533 quo
1300 497 1365 524 ree

248 560 438 609 spondens
460 556 690 605 Strepsiades
705 556 851 593 notavit
862 555 1091 593 tributorum
1110 555 1357 603 exactionem,

251 642 325 678 qua
361 621 484 666 vexati
522 634 612 664 sunt
654 627 767 675 hujus
804 625 967 673 regionis
1008 625 1164 664 incolae.
1205 647 1260 655 —
1285 626 1365 664 Est·

248 699 419 750 quaestio
447 699 494 738 de
519 698 816 736 Hestiaeensium
839 697 1002 735 nominis
1035 696 1221 735 scribendi
1246 706 1360 736 ratio-

182 819 184 822 .
246 782 319 818 ne,
355 781 464 818 quam
496 775 745 806 tractaverunt
779 766 1064 806 Valckenaerius
1082 796 1095 814 .,
1129 767 1331 806 Goellerus
1342 794 1361 815 ,-

243 839 481 879 Wichersius
496 836 675 888 (2)‚a1ii‚
689 848 857 884 quaeque
878 837 960 875 huc·
973 837 1096 874 minus
1121 836 1363 885 pertinet.—

245 908 554 950 Hestiaeensibus
577 907 616 945 in
639 907 896 944 Macedoniam
933 906 1082 954 missis,
1111 905 1362 945 Athenienses

246 981 428 1029 oppidum
474 985 731 1026 occuparunt,
778 988 963 1025 agrosque
1004 977 1100 1014 inter
1136 970 1237 1014 ntille
1279 976 1361 1026 (uti

246 1050 470 1096 Diodorus,
497 1048 557 1085 bis
590 1047 717 1093 mille,
759 1054 801 1083 ut
835 1046 1110 1095 Theopompus
1155 1043 1358 1095 memorat)

230 1121 403 1158 *colonos
442 1117 679 1165 diviserunt3
730 1116 907 1154 Hestiaea
933 1115 1024 1154 urbs
1070 1123 1201 1165 postea
1235 1115 1360 1155 Oreus

243 1197 374 1228 vocata
396 1195 454 1226 est
478 1189 563 1236 (3).

294 1259 446 1309 Tempus
487 1256 648 1304 denique
662 1284 676 1303 ‚
715 1269 785 1306 quo
809 1256 1038 1294 tricennalia
1061 1256 1220 1304 foedera
1252 1258 1354 1296 inita

242 1337 330 1367 sunt
344 1356 358 1376 ,
385 1326 493 1365 facile
506 1334 744 1373 computatur
759 1337 805 1362 ex
825 1325 871 1362 iis
885 1353 899 1372 ,
928 1336 1023 1373 quae
1038 1325 1281 1374 Thucydides
1310 1327 1360 1365 de¹

241 1396 507 1446 Peloponnesii
531 1395 619 1433 belli
644 1395 752 1432 initio
776 1399 935 1433 narravit
958 1397 1044 1444 (4).
1097 1396 1224 1446 Quum
1259 1396 1357 1435 enim

243 1468 453 1506 Archontes
497 1466 822 1503 Hecatombaeone
862 1476 988 1502 mense
1020 1477 1155 1503 munus
1189 1465 1359 1514 auspica-

241 1545 394 1584 rentur,
421 1544 458 1574 et
491 1536 731 1583 Pythodorus
765 1535 911 1573 dicatur
937 1536 1031 1574 duos
1064 1536 1184 1574 adhuc
1211 1547 1360 1576 menses·

241 1607 397 1646 Archon
430 1605 574 1654 fuisse,
603 1614 782 1654 apparet,
818 1606 949 1644 demtis
984 1605 1043 1643 his
1071 1605 1220 1643 duobus
1255 1618 1357 1645 men-

241 1677 348 1716 sibus
371 1688 411 1715 ac
447 1676 728 1723 quatuordecim
756 1675 886 1723 annis,
915 1675 1038 1723 ipsum
1075 1683 1224 1724 tempus
1259 1676 1357 1714 indi·-

241 1746 340 1794 cari,
369 1758 446 1794 quo
476 1744 624 1784 foedera
650 1747 725 1785 sint
748 1745 958 1795 composita
975 1746 1061 1795 (5).
1113 1746 1229 1795 Quod
1257 1747 1354 1786 enim

1333 1827 1357 1855 a

278 1917 330 1956 (1)
350 1917 454 1946 Nubb.
476 1924 524 1948 vs.
551 1924 620 1952 213.
640 1917 716 1952 ibiq.
732 1918 831 1947 schol.

279 1973 331 2011 (2)
352 1974 459 2002 Valck.
481 1974 518 2001 ad
535 1974 651 2003 Herod.
680 1975 757 2002 VIII.
782 1984 830 2009 23·
854 1989 890 1996 —
907 1975 1013 2004 Goell.
1035 1975 1072 2003 ad
1100 1975 1197 2004 Thuc.
1220 1975 1246 2004 1.
1281 1982 1351 2014 114*

239 2030 392 2061 Wichers.
416 2031 452 2058 ad
474 2031 594 2065 Theop.
615 2031 722 2065 fragm.
747 2033 812 2069 164.
830 2040 861 2068 p.
878 2041 942 2066 215.
958 2039 1027 2067 sqq·

272 2091 329 2128 (g)
348 2091 443 2119 strab.
468 2091 506 2119 X.
527 2098 559 2125 p.
585 2100 657 2128 440.
686 2105 730 2114 -ι
749 2093 852 2127 Steph.
873 2095 945 2127 ssyz.
965 2095 996 2122 in
1017 2101 1095 2122 voce
1118 2087 1282 2127 ‘Ia-rixam.
1309 2113 1348 2122 —

237 2149 344 2178 schol.
369 2147 405 2175 ad
432 2148 531 2175 Thuc.
560 2147 587 2176 1.
625 2153 697 2185 ¹¹4·
726 2162 764 2170 —
783 2150 868 2178 Paus.
903 2150 970 2178 VII.
1000 2153 1050 2180 26.
1078 2151 1107 2186 §-
1139 2162 1167 2182 α.
1190 2167 1227 2174 -
1255 2155 1349 2187 conf.

235 2205 388 2233 Wieners.
407 2203 443 2231 ad
459 2203 580 2238 Theop.
597 2204 619 2232 Ι.
639 2205 660 2232 1.
683 2218 718 2225 -
739 2204 875 2234 Marxius
896 2207 932 2235 ad
947 2207 1059 2242 Ephori
1070 2207 1206 2244 fragmm.
1217 2217 1250 2246 p.
1270 2215 1340 2243 161,

271 2259 325 2299 (4)
346 2259 417 2290 Lib.
437 2259 473 2289 11.
497 2268 526 2289 2.
547 2260 616 2289 init.

271 2317 325 2355 (5)
346 2317 437 2347 Conf-
460 2317 532 2346 Obs.
555 2317 643 2348 XIV.
666 2326 696 2346 et
715 2317 865 2348 XXXW.
