<?xml version="1.0" encoding="UTF-8"?>
<!DOCTYPE html PUBLIC "-//W3C//DTD XHTML 1.0 Transitional//EN"
    "http://www.w3.org/TR/xhtml1/DTD/xhtml1-transitional.dtd">
<html xmlns="http://www.w3.org/1999/xhtml" xml:lang="en" lang="en">
 <head>
  <title>
</title>
<meta http-equiv="Content-Type" content="text/html;charset=utf-8" />
  <meta name='ocr-system' content='tesseract 3.04.00' />
  <meta name='ocr-capabilities' content='ocr_page ocr_carea ocr_par ocr_line ocrx_word'/>
</head>
<body>
  <div class='ocr_page' id='page_1' title='image "annalesacademiae33rhen_0826.png"; bbox 0 0 1523 2745; ppageno 0'>
   <div class='ocr_carea' id='block_1_1' title="bbox 256 156 1146 199">
    <p class='ocr_par' dir='ltr' id='par_1_1' title="bbox 256 156 1146 199">
     <span class='ocr_line' id='line_1_1' title="bbox 256 156 1146 199; baseline 0 0"><span class='ocrx_word' id='word_1_1' title='bbox 256 165 283 199; x_wconf 80' lang='grc'><strong>8·</strong></span> <span class='ocrx_word' id='word_1_2' title='bbox 487 156 1146 199; x_wconf 89' lang='lat' dir='ltr'><strong>COMMENTATIO</strong></span> 
     </span>
    </p>
   </div>
   <div class='ocr_carea' id='block_1_2' title="bbox 254 266 1371 1083">
    <p class='ocr_par' dir='ltr' id='par_1_2' title="bbox 254 266 1371 1083">
     <span class='ocr_line' id='line_1_2' title="bbox 255 266 1358 316; baseline 0.002 -9"><span class='ocrx_word' id='word_1_3' title='bbox 255 281 297 307; x_wconf 90' lang='lat' dir='ltr'><strong>ro</strong></span> <span class='ocrx_word' id='word_1_4' title='bbox 321 268 448 307; x_wconf 89' lang='lat' dir='ltr'><strong>abesse</strong></span> <span class='ocrx_word' id='word_1_5' title='bbox 466 275 583 316; x_wconf 87' lang='lat' dir='ltr'><strong>puto,</strong></span> <span class='ocrx_word' id='word_1_6' title='bbox 612 268 644 306; x_wconf 87' lang='lat' dir='ltr'><strong>si</strong></span> <span class='ocrx_word' id='word_1_7' title='bbox 668 267 888 315; x_wconf 86' lang='lat' dir='ltr'><strong>Olympiade</strong></span> <span class='ocrx_word' id='word_1_8' title='bbox 912 266 1039 306; x_wconf 93' lang='lat' dir='ltr'><strong>LXX.</strong></span> <span class='ocrx_word' id='word_1_9' title='bbox 1057 267 1208 307; x_wconf 89' lang='lat' dir='ltr'><strong>ineunte</strong></span> <span class='ocrx_word' id='word_1_10' title='bbox 1233 277 1358 309; x_wconf 89' lang='lat' dir='ltr'><strong>natum</strong></span> 
     </span>
     <span class='ocr_line' id='line_1_3' title="bbox 254 331 1361 386; baseline 0.003 -10"><span class='ocrx_word' id='word_1_11' title='bbox 254 337 374 376; x_wconf 84' lang='lat' dir='ltr'><strong>fuisse</strong></span> <span class='ocrx_word' id='word_1_12' title='bbox 412 331 585 376; x_wconf 84' lang='lat' dir='ltr'><strong>Periclem</strong></span> <span class='ocrx_word' id='word_1_13' title='bbox 619 337 826 386; x_wconf 80' lang='lat' dir='ltr'><strong>conJecero.</strong></span> <span class='ocrx_word' id='word_1_14' title='bbox 889 337 1046 375; x_wconf 89' lang='lat' dir='ltr'><strong>Nullum</strong></span> <span class='ocrx_word' id='word_1_15' title='bbox 1076 337 1171 375; x_wconf 90' lang='lat' dir='ltr'><strong>enim</strong></span> <span class='ocrx_word' id='word_1_16' title='bbox 1207 339 1361 379; x_wconf 91' lang='lat' dir='ltr'><strong>dubium</strong></span> 
     </span>
     <span class='ocr_line' id='line_1_4' title="bbox 257 405 1361 457; baseline 0.003 -13"><span class='ocrx_word' id='word_1_17' title='bbox 257 415 417 444; x_wconf 82' lang='lat' dir='ltr'><strong>remanet</strong></span> <span class='ocrx_word' id='word_1_18' title='bbox 432 435 446 455; x_wconf 87' lang='lat'>,</span> <span class='ocrx_word' id='word_1_19' title='bbox 460 406 550 455; x_wconf 86' lang='lat' dir='ltr'><strong>quin</strong></span> <span class='ocrx_word' id='word_1_20' title='bbox 577 406 687 444; x_wconf 88' lang='lat' dir='ltr'><strong>tertio</strong></span> <span class='ocrx_word' id='word_1_21' title='bbox 711 406 800 444; x_wconf 92' lang='lat' dir='ltr'><strong>belli</strong></span> <span class='ocrx_word' id='word_1_22' title='bbox 827 405 1133 454; x_wconf 82' lang='lat' dir='ltr'>Peloponnesiaci</span> <span class='ocrx_word' id='word_1_23' title='bbox 1156 417 1252 445; x_wconf 89' lang='lat' dir='ltr'><strong>anno</strong></span> <span class='ocrx_word' id='word_1_24' title='bbox 1274 408 1361 457; x_wconf 82' lang='lat'>(1),</span> 
     </span>
     <span class='ocr_line' id='line_1_5' title="bbox 258 475 1363 524; baseline 0.002 -10"><span class='ocrx_word' id='word_1_25' title='bbox 258 477 352 514; x_wconf 87' lang='lat' dir='ltr'><strong>diem</strong></span> <span class='ocrx_word' id='word_1_26' title='bbox 390 487 603 524; x_wconf 88' lang='lat' dir='ltr'><strong>supremum</strong></span> <span class='ocrx_word' id='word_1_27' title='bbox 630 475 789 522; x_wconf 89' lang='lat' dir='ltr'><strong>obierit,</strong></span> <span class='ocrx_word' id='word_1_28' title='bbox 817 482 1017 523; x_wconf 87' lang='lat' dir='ltr'>postquam</span> <span class='ocrx_word' id='word_1_29' title='bbox 1041 486 1106 524; x_wconf 90' lang='lat' dir='ltr'><strong>per</strong></span> <span class='ocrx_word' id='word_1_30' title='bbox 1131 486 1247 514; x_wconf 88' lang='lat' dir='ltr'><strong>annos</strong></span> <span class='ocrx_word' id='word_1_31' title='bbox 1275 476 1363 516; x_wconf 87' lang='lat' dir='ltr'><strong>XL.</strong></span> 
     </span>
     <span class='ocr_line' id='line_1_6' title="bbox 259 544 1365 596; baseline 0.001 -12"><span class='ocrx_word' id='word_1_32' title='bbox 259 557 378 595; x_wconf 81' lang='lat' dir='ltr'><strong>remp.</strong></span> <span class='ocrx_word' id='word_1_33' title='bbox 394 554 556 594; x_wconf 82' lang='lat' dir='ltr'><strong>gesserat</strong></span> <span class='ocrx_word' id='word_1_34' title='bbox 571 545 655 596; x_wconf 82' lang='lat'>(2).</span> <span class='ocrx_word' id='word_1_35' title='bbox 683 545 845 583; x_wconf 88' lang='lat' dir='ltr'><strong>Primum</strong></span> <span class='ocrx_word' id='word_1_36' title='bbox 859 544 972 593; x_wconf 89' lang='lat' dir='ltr'><strong>igitur</strong></span> <span class='ocrx_word' id='word_1_37' title='bbox 990 544 1143 594; x_wconf 85' lang='lat' dir='ltr'><strong>Olymp.</strong></span> <span class='ocrx_word' id='word_1_38' title='bbox 1168 545 1365 585; x_wconf 87' lang='lat' dir='ltr'><strong>LXXVII.</strong></span> 
     </span>
     <span class='ocr_line' id='line_1_7' title="bbox 257 610 1367 665; baseline -0.003 -10"><span class='ocrx_word' id='word_1_39' title='bbox 257 628 316 655; x_wconf 88' lang='lat' dir='ltr'><strong>an.</strong></span> <span class='ocrx_word' id='word_1_40' title='bbox 350 629 391 665; x_wconf 87' lang='lat'><strong>4.</strong></span> <span class='ocrx_word' id='word_1_41' title='bbox 418 617 463 654; x_wconf 89' lang='lat' dir='ltr'><strong>ad</strong></span> <span class='ocrx_word' id='word_1_42' title='bbox 488 627 565 654; x_wconf 85' lang='lat' dir='ltr'><strong>eam</strong></span> <span class='ocrx_word' id='word_1_43' title='bbox 602 614 779 653; x_wconf 85' lang='lat' dir='ltr'><strong>accessit:</strong></span> <span class='ocrx_word' id='word_1_44' title='bbox 808 610 885 663; x_wconf 88' lang='lat' dir='ltr'><strong>quo</strong></span> <span class='ocrx_word' id='word_1_45' title='bbox 915 624 1081 664; x_wconf 86' lang='lat' dir='ltr'><strong>tempore</strong></span> <span class='ocrx_word' id='word_1_46' title='bbox 1105 626 1241 654; x_wconf 88' lang='lat' dir='ltr'><strong>annum</strong></span> <span class='ocrx_word' id='word_1_47' title='bbox 1267 623 1367 654; x_wconf 86' lang='lat' dir='ltr'><strong>certe</strong></span> 
     </span>
     <span class='ocr_line' id='line_1_8' title="bbox 257 684 1365 735; baseline -0.001 -12"><span class='ocrx_word' id='word_1_48' title='bbox 257 685 486 735; x_wconf 85' lang='lat' dir='ltr'><strong>trigesimum</strong></span> <span class='ocrx_word' id='word_1_49' title='bbox 519 696 602 723; x_wconf 90' lang='lat' dir='ltr'><strong>eum</strong></span> <span class='ocrx_word' id='word_1_50' title='bbox 632 684 830 733; x_wconf 81' lang='lat' dir='ltr'><strong>attigisse,</strong></span> <span class='ocrx_word' id='word_1_51' title='bbox 857 684 1029 733; x_wconf 85' lang='lat' dir='ltr'><strong>probalili</strong></span> <span class='ocrx_word' id='word_1_52' title='bbox 1054 685 1195 723; x_wconf 84' lang='lat' dir='ltr'><strong>ratione</strong></span> <span class='ocrx_word' id='word_1_53' title='bbox 1224 693 1365 723; x_wconf 86' lang='lat' dir='ltr'><strong>statue-</strong></span> 
     </span>
     <span class='ocr_line' id='line_1_9' title="bbox 261 752 1368 803; baseline -0.002 -10"><span class='ocrx_word' id='word_1_54' title='bbox 261 767 300 793; x_wconf 89' lang='lat' dir='ltr'><strong>re</strong></span> <span class='ocrx_word' id='word_1_55' title='bbox 335 754 425 792; x_wconf 89' lang='lat' dir='ltr'><strong>mihi</strong></span> <span class='ocrx_word' id='word_1_56' title='bbox 451 755 594 794; x_wconf 86' lang='lat' dir='ltr'><strong>videor.</strong></span> <span class='ocrx_word' id='word_1_57' title='bbox 648 752 797 792; x_wconf 87' lang='lat' dir='ltr'>Etenim</span> <span class='ocrx_word' id='word_1_58' title='bbox 836 765 917 792; x_wconf 88' lang='lat' dir='ltr'><strong>mos</strong></span> <span class='ocrx_word' id='word_1_59' title='bbox 944 755 1004 792; x_wconf 85' lang='lat' dir='ltr'><strong>ille</strong></span> <span class='ocrx_word' id='word_1_60' title='bbox 1040 754 1079 792; x_wconf 89' lang='lat' dir='ltr'><strong>in</strong></span> <span class='ocrx_word' id='word_1_61' title='bbox 1103 753 1291 803; x_wconf 86' lang='lat' dir='ltr'><strong>plerisque</strong></span> <span class='ocrx_word' id='word_1_62' title='bbox 1315 753 1368 792; x_wconf 90' lang='lat' dir='ltr'><strong>ci-</strong></span> 
     </span>
     <span class='ocr_line' id='line_1_10' title="bbox 263 823 1370 876; baseline -0.004 -11"><span class='ocrx_word' id='word_1_63' title='bbox 263 825 445 865; x_wconf 84' lang='lat' dir='ltr'><strong>vitatibus</strong></span> <span class='ocrx_word' id='word_1_64' title='bbox 468 824 632 873; x_wconf 87' lang='lat' dir='ltr'><strong>antiquis</strong></span> <span class='ocrx_word' id='word_1_65' title='bbox 656 824 803 872; x_wconf 87' lang='lat' dir='ltr'><strong>vigebat</strong></span> <span class='ocrx_word' id='word_1_66' title='bbox 829 824 923 876; x_wconf 84' lang='lat'>(3),</span> <span class='ocrx_word' id='word_1_67' title='bbox 951 832 993 861; x_wconf 90' lang='lat' dir='ltr'><strong>ut</strong></span> <span class='ocrx_word' id='word_1_68' title='bbox 1018 835 1059 862; x_wconf 88' lang='lat' dir='ltr'><strong>ea</strong></span> <span class='ocrx_word' id='word_1_69' title='bbox 1083 823 1228 861; x_wconf 88' lang='lat' dir='ltr'><strong>demum</strong></span> <span class='ocrx_word' id='word_1_70' title='bbox 1253 831 1370 861; x_wconf 87' lang='lat' dir='ltr'><strong>aetate</strong></span> 
     </span>
     <span class='ocr_line' id='line_1_11' title="bbox 259 892 1367 944; baseline -0.004 -10"><span class='ocrx_word' id='word_1_71' title='bbox 259 897 306 934; x_wconf 88' lang='lat' dir='ltr'><strong>ad</strong></span> <span class='ocrx_word' id='word_1_72' title='bbox 328 895 476 944; x_wconf 84' lang='lat' dir='ltr'><strong>negotia</strong></span> <span class='ocrx_word' id='word_1_73' title='bbox 510 894 660 943; x_wconf 82' lang='lat' dir='ltr'><strong>publica</strong></span> <span class='ocrx_word' id='word_1_74' title='bbox 686 894 787 932; x_wconf 89' lang='lat' dir='ltr'><strong>cives</strong></span> <span class='ocrx_word' id='word_1_75' title='bbox 817 893 1061 942; x_wconf 76' lang='lat' dir='ltr'><strong>accederent3</strong></span> <span class='ocrx_word' id='word_1_76' title='bbox 1086 901 1123 930; x_wconf 90' lang='lat' dir='ltr'><strong>et</strong></span> <span class='ocrx_word' id='word_1_77' title='bbox 1154 892 1367 931; x_wconf 82' lang='lat' dir='ltr'><strong>Alcibiades</strong></span> 
     </span>
     <span class='ocr_line' id='line_1_12' title="bbox 262 963 1371 1015; baseline -0.001 -13"><span class='ocrx_word' id='word_1_78' title='bbox 262 966 334 1015; x_wconf 78' lang='lat' dir='ltr'><strong>J‘am</strong></span> <span class='ocrx_word' id='word_1_79' title='bbox 367 964 526 1003; x_wconf 90' lang='lat' dir='ltr'>XXVII.</span> <span class='ocrx_word' id='word_1_80' title='bbox 562 975 678 1002; x_wconf 90' lang='lat' dir='ltr'><strong>annos</strong></span> <span class='ocrx_word' id='word_1_81' title='bbox 702 974 811 1002; x_wconf 91' lang='lat' dir='ltr'><strong>natus</strong></span> <span class='ocrx_word' id='word_1_82' title='bbox 835 963 970 1002; x_wconf 87' lang='lat' dir='ltr'><strong>dicitur</strong></span> <span class='ocrx_word' id='word_1_83' title='bbox 993 963 1064 1013; x_wconf 86' lang='lat'><strong>(4)</strong></span> <span class='ocrx_word' id='word_1_84' title='bbox 1091 964 1214 1012; x_wconf 66' lang='grc' dir='ltr'><strong><em>ἡλικίᾳ</em></strong></span> <span class='ocrx_word' id='word_1_85' title='bbox 1239 965 1305 1013; x_wconf 74' lang='grc' dir='ltr'><strong>μὲν</strong></span> <span class='ocrx_word' id='word_1_86' title='bbox 1327 964 1371 1004; x_wconf 74' lang='grc' dir='ltr'><strong>ὤν</strong></span> 
     </span>
     <span class='ocr_line' id='line_1_13' title="bbox 265 1029 1272 1083; baseline -0.003 -9"><span class='ocrx_word' id='word_1_87' title='bbox 265 1035 316 1074; x_wconf 80' lang='grc' dir='ltr'><strong>ἔτι</strong></span> <span class='ocrx_word' id='word_1_88' title='bbox 342 1035 424 1075; x_wconf 77' lang='grc' dir='ltr'><strong>τότε</strong></span> <span class='ocrx_word' id='word_1_89' title='bbox 445 1035 541 1079; x_wconf 76' lang='grc' dir='ltr'><em>νέος,</em></span> <span class='ocrx_word' id='word_1_90' title='bbox 568 1033 678 1072; x_wconf 90' lang='lat' dir='ltr'><strong>rebus</strong></span> <span class='ocrx_word' id='word_1_91' title='bbox 712 1033 874 1083; x_wconf 89' lang='lat' dir='ltr'><strong>publicis</strong></span> <span class='ocrx_word' id='word_1_92' title='bbox 893 1043 934 1072; x_wconf 90' lang='lat' dir='ltr'><strong>se</strong></span> <span class='ocrx_word' id='word_1_93' title='bbox 956 1033 1217 1072; x_wconf 79' lang='lat' dir='ltr'><strong>immiscuisse.</strong></span> <span class='ocrx_word' id='word_1_94' title='bbox 1270 1029 1272 1032; x_wconf 70' lang='grc'>’</span> 
     </span>
    </p>
   </div>
   <div class='ocr_carea' id='block_1_3' title="bbox 700 1157 881 1206">
    <p class='ocr_par' dir='ltr' id='par_1_3' title="bbox 700 1157 881 1206">
     <span class='ocr_line' id='line_1_14' title="bbox 700 1157 881 1206; baseline -0.011 -10"><span class='ocrx_word' id='word_1_95' title='bbox 700 1157 709 1165; x_wconf 88' lang='grc'><strong>”</strong></span> <span class='ocrx_word' id='word_1_96' title='bbox 763 1157 805 1206; x_wconf 84' lang='lat'><strong>§.</strong></span> <span class='ocrx_word' id='word_1_97' title='bbox 844 1167 881 1205; x_wconf 86' lang='lat'><strong>3.</strong></span> 
     </span>
    </p>
   </div>
   <div class='ocr_carea' id='block_1_4' title="bbox 266 1290 1379 1827">
    <p class='ocr_par' dir='ltr' id='par_1_4' title="bbox 266 1290 1377 1552">
     <span class='ocr_line' id='line_1_15' title="bbox 316 1290 1371 1348; baseline -0.007 -11"><span class='ocrx_word' id='word_1_98' title='bbox 316 1299 497 1348; x_wconf 88' lang='lat' dir='ltr'><strong>Majorem</strong></span> <span class='ocrx_word' id='word_1_99' title='bbox 522 1295 655 1341; x_wconf 84' lang='lat' dir='ltr'><strong>etiam,</strong></span> <span class='ocrx_word' id='word_1_100' title='bbox 684 1306 792 1343; x_wconf 86' lang='lat' dir='ltr'><strong>quam</strong></span> <span class='ocrx_word' id='word_1_101' title='bbox 813 1293 988 1331; x_wconf 89' lang='lat' dir='ltr'><strong>natalium</strong></span> <span class='ocrx_word' id='word_1_102' title='bbox 1022 1290 1188 1330; x_wconf 88' lang='lat' dir='ltr'><strong>conditio</strong></span> <span class='ocrx_word' id='word_1_103' title='bbox 1205 1318 1219 1339; x_wconf 87' lang='lat'><strong>,</strong></span> <span class='ocrx_word' id='word_1_104' title='bbox 1245 1291 1284 1329; x_wconf 92' lang='lat' dir='ltr'><strong>in</strong></span> <span class='ocrx_word' id='word_1_105' title='bbox 1302 1292 1371 1330; x_wconf 92' lang='lat' dir='ltr'><strong>ho-</strong></span> 
     </span>
     <span class='ocr_line' id='line_1_16' title="bbox 266 1359 1377 1410; baseline -0.007 -5"><span class='ocrx_word' id='word_1_106' title='bbox 266 1367 406 1407; x_wconf 88' lang='lat' dir='ltr'><strong>minum</strong></span> <span class='ocrx_word' id='word_1_107' title='bbox 429 1365 572 1403; x_wconf 88' lang='lat' dir='ltr'><strong>animos</strong></span> <span class='ocrx_word' id='word_1_108' title='bbox 607 1363 682 1401; x_wconf 91' lang='lat' dir='ltr'><strong>vim</strong></span> <span class='ocrx_word' id='word_1_109' title='bbox 717 1372 883 1401; x_wconf 87' lang='lat' dir='ltr'><strong>exercere</strong></span> <span class='ocrx_word' id='word_1_110' title='bbox 908 1361 1005 1399; x_wconf 86' lang='lat' dir='ltr'><strong>solet</strong></span> <span class='ocrx_word' id='word_1_111' title='bbox 1026 1359 1201 1410; x_wconf 75' lang='lat' dir='ltr'><strong>Juvenilis</strong></span> <span class='ocrx_word' id='word_1_112' title='bbox 1226 1359 1377 1398; x_wconf 89' lang='lat' dir='ltr'><strong>institu-</strong></span> 
     </span>
     <span class='ocr_line' id='line_1_17' title="bbox 266 1428 1372 1483; baseline -0.005 -9"><span class='ocrx_word' id='word_1_113' title='bbox 266 1435 319 1474; x_wconf 87' lang='lat' dir='ltr'><strong>tio</strong></span> <span class='ocrx_word' id='word_1_114' title='bbox 333 1463 346 1482; x_wconf 85' lang='lat'>,</span> <span class='ocrx_word' id='word_1_115' title='bbox 364 1441 593 1483; x_wconf 86' lang='lat' dir='ltr'><strong>quapropter</strong></span> <span class='ocrx_word' id='word_1_116' title='bbox 628 1433 804 1470; x_wconf 88' lang='lat' dir='ltr'><strong>laetamur</strong></span> <span class='ocrx_word' id='word_1_117' title='bbox 833 1428 1037 1468; x_wconf 86' lang='lat' dir='ltr'><strong>accuratius</strong></span> <span class='ocrx_word' id='word_1_118' title='bbox 1059 1440 1128 1467; x_wconf 89' lang='lat' dir='ltr'><strong>nos</strong></span> <span class='ocrx_word' id='word_1_119' title='bbox 1149 1428 1372 1479; x_wconf 74' lang='lat' dir='ltr'><strong>informari,</strong></span> 
     </span>
     <span class='ocr_line' id='line_1_18' title="bbox 269 1498 1240 1552; baseline -0.006 -9"><span class='ocrx_word' id='word_1_120' title='bbox 269 1505 308 1543; x_wconf 92' lang='lat' dir='ltr'><strong>in</strong></span> <span class='ocrx_word' id='word_1_121' title='bbox 343 1514 504 1552; x_wconf 88' lang='lat' dir='ltr'><strong>quorum</strong></span> <span class='ocrx_word' id='word_1_122' title='bbox 527 1500 757 1550; x_wconf 85' lang='lat' dir='ltr'><strong>disciplinam</strong></span> <span class='ocrx_word' id='word_1_123' title='bbox 782 1499 993 1538; x_wconf 88' lang='lat' dir='ltr'><strong>adolescens</strong></span> <span class='ocrx_word' id='word_1_124' title='bbox 1017 1498 1240 1546; x_wconf 84' lang='lat' dir='ltr'><strong>pervenerit.</strong></span> 
     </span>
    </p>

    <p class='ocr_par' dir='ltr' id='par_1_5' title="bbox 269 1567 1379 1827">
     <span class='ocr_line' id='line_1_19' title="bbox 317 1567 1375 1619; baseline -0.005 -7"><span class='ocrx_word' id='word_1_125' title='bbox 317 1574 466 1612; x_wconf 85' lang='lat' dir='ltr'><strong>Illarum</strong></span> <span class='ocrx_word' id='word_1_126' title='bbox 493 1571 607 1619; x_wconf 84' lang='lat' dir='ltr'><strong>igitur</strong></span> <span class='ocrx_word' id='word_1_127' title='bbox 647 1569 808 1616; x_wconf 81' lang='lat' dir='ltr'><strong>artium,</strong></span> <span class='ocrx_word' id='word_1_128' title='bbox 858 1579 951 1616; x_wconf 84' lang='lat' dir='ltr'><strong>quae</strong></span> <span class='ocrx_word' id='word_1_129' title='bbox 984 1567 1157 1606; x_wconf 89' lang='lat' dir='ltr'><strong>universe</strong></span> <span class='ocrx_word' id='word_1_130' title='bbox 1189 1568 1375 1616; x_wconf 88' lang='lat' dir='ltr'><strong>pertinent</strong></span> 
     </span>
     <span class='ocr_line' id='line_1_20' title="bbox 269 1637 1379 1687; baseline -0.005 -6"><span class='ocrx_word' id='word_1_131' title='bbox 269 1643 314 1682; x_wconf 89' lang='lat' dir='ltr'><strong>ad</strong></span> <span class='ocrx_word' id='word_1_132' title='bbox 339 1642 448 1680; x_wconf 89' lang='lat' dir='ltr'><strong>animi</strong></span> <span class='ocrx_word' id='word_1_133' title='bbox 473 1641 615 1679; x_wconf 88' lang='lat' dir='ltr'><strong>cultum</strong></span> <span class='ocrx_word' id='word_1_134' title='bbox 635 1648 673 1678; x_wconf 89' lang='lat' dir='ltr'><strong>et</strong></span> <span class='ocrx_word' id='word_1_135' title='bbox 705 1638 977 1676; x_wconf 89' lang='lat' dir='ltr'><strong>institutionem</strong></span> <span class='ocrx_word' id='word_1_136' title='bbox 1001 1637 1209 1685; x_wconf 88' lang='lat' dir='ltr'><strong>liberalem,</strong></span> <span class='ocrx_word' id='word_1_137' title='bbox 1243 1638 1379 1687; x_wconf 89' lang='lat' dir='ltr'><strong>magis-</strong></span> 
     </span>
     <span class='ocr_line' id='line_1_21' title="bbox 269 1707 1375 1758; baseline -0.004 -8"><span class='ocrx_word' id='word_1_138' title='bbox 269 1721 368 1752; x_wconf 91' lang='lat' dir='ltr'><strong>trum</strong></span> <span class='ocrx_word' id='word_1_139' title='bbox 404 1711 533 1749; x_wconf 82' lang='lat' dir='ltr'><strong>habuit</strong></span> <span class='ocrx_word' id='word_1_140' title='bbox 573 1711 790 1749; x_wconf 85' lang='lat' dir='ltr'><strong>Damonem.</strong></span> <span class='ocrx_word' id='word_1_141' title='bbox 845 1708 917 1747; x_wconf 90' lang='lat' dir='ltr'><strong>Hic</strong></span> <span class='ocrx_word' id='word_1_142' title='bbox 943 1707 1027 1756; x_wconf 82' lang='lat' dir='ltr'><strong>vir,</strong></span> <span class='ocrx_word' id='word_1_143' title='bbox 1062 1709 1171 1758; x_wconf 78' lang='lat' dir='ltr'><strong>qu&#39;us</strong></span> <span class='ocrx_word' id='word_1_144' title='bbox 1199 1707 1375 1756; x_wconf 90' lang='lat' dir='ltr'><strong>frequens</strong></span> 
     </span>
     <span class='ocr_line' id='line_1_22' title="bbox 271 1776 1377 1827; baseline -0.005 -7"><span class='ocrx_word' id='word_1_145' title='bbox 271 1782 314 1820; x_wconf 87' lang='lat' dir='ltr'><strong>fit</strong></span> <span class='ocrx_word' id='word_1_146' title='bbox 337 1790 373 1820; x_wconf 91' lang='lat' dir='ltr'><strong>et</strong></span> <span class='ocrx_word' id='word_1_147' title='bbox 398 1779 605 1819; x_wconf 83' lang='lat' dir='ltr'><strong>honorifica</strong></span> <span class='ocrx_word' id='word_1_148' title='bbox 632 1778 770 1817; x_wconf 88' lang='lat' dir='ltr'><strong>mentio</strong></span> <span class='ocrx_word' id='word_1_149' title='bbox 801 1779 901 1827; x_wconf 89' lang='lat' dir='ltr'><strong>apud</strong></span> <span class='ocrx_word' id='word_1_150' title='bbox 929 1778 1117 1822; x_wconf 76' lang='lat' dir='ltr'><strong>Platonem</strong></span> <span class='ocrx_word' id='word_1_151' title='bbox 1153 1776 1254 1827; x_wconf 83' lang='lat'>(5),</span> <span class='ocrx_word' id='word_1_152' title='bbox 1279 1778 1377 1827; x_wconf 86' lang='lat' dir='ltr'><strong>peri-</strong></span> 
     </span>
    </p>
   </div>
   <div class='ocr_carea' id='block_1_5' title="bbox 310 1856 1376 1996">
    <p class='ocr_par' dir='ltr' id='par_1_6' title="bbox 310 1856 1376 1996">
     <span class='ocr_line' id='line_1_23' title="bbox 310 1856 1376 1938; baseline -0.047 -3"><span class='ocrx_word' id='word_1_153' title='bbox 310 1902 364 1938; x_wconf 84' lang='grc' dir='ltr'><strong>(ι)</strong></span> <span class='ocrx_word' id='word_1_154' title='bbox 385 1902 479 1930; x_wconf 81' lang='lat' dir='ltr'><strong>Thuc.</strong></span> <span class='ocrx_word' id='word_1_155' title='bbox 501 1899 544 1929; x_wconf 89' lang='lat'><strong>11.</strong></span> <span class='ocrx_word' id='word_1_156' title='bbox 565 1902 615 1934; x_wconf 81' lang='lat'><strong>⁶5.</strong></span> <span class='ocrx_word' id='word_1_157' title='bbox 1289 1856 1376 1886; x_wconf 74' lang='lat' dir='ltr'><strong>tiam</strong></span> 
     </span>
     <span class='ocr_line' id='line_1_24' title="bbox 310 1957 623 1996; baseline -0.035 -5"><span class='ocrx_word' id='word_1_158' title='bbox 310 1958 363 1996; x_wconf 67' lang='grc' dir='ltr'><strong>(α)</strong></span> <span class='ocrx_word' id='word_1_159' title='bbox 385 1959 464 1987; x_wconf 89' lang='lat' dir='ltr'><strong>Plut.</strong></span> <span class='ocrx_word' id='word_1_160' title='bbox 484 1957 552 1985; x_wconf 83' lang='lat' dir='ltr'><strong>Per.</strong></span> <span class='ocrx_word' id='word_1_161' title='bbox 579 1958 623 1986; x_wconf 84' lang='lat'><strong>16.</strong></span> 
     </span>
    </p>
   </div>
   <div class='ocr_carea' id='block_1_6' title="bbox 274 2010 1380 2283">
    <p class='ocr_par' dir='ltr' id='par_1_7' title="bbox 274 2010 1380 2104">
     <span class='ocr_line' id='line_1_25' title="bbox 309 2010 1380 2050; baseline -0.002 -7"><span class='ocrx_word' id='word_1_162' title='bbox 309 2015 364 2050; x_wconf 77' lang='lat'><strong>(3)</strong></span> <span class='ocrx_word' id='word_1_163' title='bbox 385 2014 463 2044; x_wconf 87' lang='lat' dir='ltr'><strong>Vide</strong></span> <span class='ocrx_word' id='word_1_164' title='bbox 480 2012 575 2042; x_wconf 83' lang='lat' dir='ltr'><strong>Dion.</strong></span> <span class='ocrx_word' id='word_1_165' title='bbox 601 2012 669 2041; x_wconf 87' lang='lat' dir='ltr'><strong>Hal.</strong></span> <span class='ocrx_word' id='word_1_166' title='bbox 685 2011 760 2041; x_wconf 85' lang='lat' dir='ltr'><strong>Ant.</strong></span> <span class='ocrx_word' id='word_1_167' title='bbox 785 2011 878 2042; x_wconf 84' lang='lat' dir='ltr'><strong>Rom.</strong></span> <span class='ocrx_word' id='word_1_168' title='bbox 896 2011 952 2040; x_wconf 86' lang='lat' dir='ltr'><strong>IV.</strong></span> <span class='ocrx_word' id='word_1_169' title='bbox 973 2019 1005 2047; x_wconf 82' lang='lat' dir='ltr'><strong>p.</strong></span> <span class='ocrx_word' id='word_1_170' title='bbox 1023 2018 1094 2041; x_wconf 83' lang='lat'>211.</span> <span class='ocrx_word' id='word_1_171' title='bbox 1122 2019 1171 2046; x_wconf 83' lang='lat'><strong>30·</strong></span> <span class='ocrx_word' id='word_1_172' title='bbox 1191 2010 1274 2046; x_wconf 76' lang='lat' dir='ltr'><strong>sylb.</strong></span> <span class='ocrx_word' id='word_1_173' title='bbox 1293 2017 1325 2040; x_wconf 81' lang='lat' dir='ltr'><strong>et</strong></span> <span class='ocrx_word' id='word_1_174' title='bbox 1338 2011 1380 2041; x_wconf 71' lang='lat' dir='ltr'><strong>de·</strong></span> 
     </span>
     <span class='ocr_line' id='line_1_26' title="bbox 274 2069 784 2104; baseline -0.006 -2"><span class='ocrx_word' id='word_1_175' title='bbox 274 2069 524 2102; x_wconf 83' lang='lat' dir='ltr'><strong>Lacedaemoniis</strong></span> <span class='ocrx_word' id='word_1_176' title='bbox 544 2070 626 2098; x_wconf 78' lang='lat' dir='ltr'><strong>Plut.</strong></span> <span class='ocrx_word' id='word_1_177' title='bbox 641 2069 717 2104; x_wconf 81' lang='lat' dir='ltr'><strong>Lyc.</strong></span> <span class='ocrx_word' id='word_1_178' title='bbox 737 2077 784 2103; x_wconf 80' lang='lat'><strong>25·</strong></span> 
     </span>
    </p>

    <p class='ocr_par' dir='ltr' id='par_1_8' title="bbox 313 2124 611 2167">
     <span class='ocr_line' id='line_1_27' title="bbox 313 2124 611 2167; baseline -0.007 -9"><span class='ocrx_word' id='word_1_179' title='bbox 313 2124 365 2167; x_wconf 77' lang='lat'><strong>(4)</strong></span> <span class='ocrx_word' id='word_1_180' title='bbox 386 2129 485 2161; x_wconf 76' lang='lat' dir='ltr'><strong>Thuc.</strong></span> <span class='ocrx_word' id='word_1_181' title='bbox 505 2128 542 2156; x_wconf 87' lang='lat' dir='ltr'><strong>V.</strong></span> <span class='ocrx_word' id='word_1_182' title='bbox 561 2136 611 2164; x_wconf 80' lang='lat'><strong>43.</strong></span> 
     </span>
    </p>

    <p class='ocr_par' dir='ltr' id='par_1_9' title="bbox 274 2181 1379 2283">
     <span class='ocr_line' id='line_1_28' title="bbox 313 2181 1379 2222; baseline -0.005 -8"><span class='ocrx_word' id='word_1_183' title='bbox 313 2185 364 2222; x_wconf 83' lang='grc'><strong>(5)</strong></span> <span class='ocrx_word' id='word_1_184' title='bbox 389 2185 460 2214; x_wconf 88' lang='lat' dir='ltr'><strong>Vid.</strong></span> <span class='ocrx_word' id='word_1_185' title='bbox 481 2182 543 2214; x_wconf 75' lang='lat' dir='ltr'><strong>l&#39;oci</strong></span> <span class='ocrx_word' id='word_1_186' title='bbox 568 2184 634 2214; x_wconf 85' lang='lat' dir='ltr'><strong>citt.</strong></span> <span class='ocrx_word' id='word_1_187' title='bbox 654 2184 732 2219; x_wconf 84' lang='lat' dir='ltr'><strong>apud</strong></span> <span class='ocrx_word' id='word_1_188' title='bbox 744 2183 839 2213; x_wconf 89' lang='lat' dir='ltr'><strong>Cons.</strong></span> <span class='ocrx_word' id='word_1_189' title='bbox 860 2183 965 2212; x_wconf 87' lang='lat' dir='ltr'><strong>Groen</strong></span> <span class='ocrx_word' id='word_1_190' title='bbox 985 2189 1043 2211; x_wconf 78' lang='lat' dir='ltr'><strong>van</strong></span> <span class='ocrx_word' id='word_1_191' title='bbox 1060 2181 1224 2212; x_wconf 81' lang='lat' dir='ltr'><strong>Prinsterer</strong></span> <span class='ocrx_word' id='word_1_192' title='bbox 1244 2181 1275 2212; x_wconf 84' lang='lat' dir='ltr'><strong>in</strong></span> <span class='ocrx_word' id='word_1_193' title='bbox 1292 2183 1379 2215; x_wconf 68' lang='lat' dir='ltr'><strong>Pros-</strong></span> 
     </span>
     <span class='ocr_line' id='line_1_29' title="bbox 274 2238 1220 2283; baseline -0.004 -10"><span class='ocrx_word' id='word_1_194' title='bbox 274 2250 382 2278; x_wconf 84' lang='lat' dir='ltr'><strong>opogr.</strong></span> <span class='ocrx_word' id='word_1_195' title='bbox 399 2244 476 2272; x_wconf 82' lang='lat' dir='ltr'><strong>Plat.</strong></span> <span class='ocrx_word' id='word_1_196' title='bbox 496 2251 528 2278; x_wconf 81' lang='lat' dir='ltr'><strong>p.</strong></span> <span class='ocrx_word' id='word_1_197' title='bbox 550 2244 603 2272; x_wconf 79' lang='lat'><strong>186</strong></span> <span class='ocrx_word' id='word_1_198' title='bbox 621 2249 667 2283; x_wconf 79' lang='lat' dir='ltr'><strong>sq.</strong></span> <span class='ocrx_word' id='word_1_199' title='bbox 687 2238 907 2269; x_wconf 83' lang='lat' dir='ltr'><strong>Hemsterhusii</strong></span> <span class='ocrx_word' id='word_1_200' title='bbox 928 2239 1081 2269; x_wconf 80' lang='lat' dir='ltr'><strong>Anecdota</strong></span> <span class='ocrx_word' id='word_1_201' title='bbox 1102 2239 1127 2268; x_wconf 88' lang='lat'><strong>1.</strong></span> <span class='ocrx_word' id='word_1_202' title='bbox 1151 2245 1220 2273; x_wconf 67' lang='lat'>232.</span> 
     </span>
    </p>
   </div>
  </div>
 </body>
</html>
