1502 2767
373 188 964 236 THEOLOGICA.
1164 214 1235 250 2²3

130 298 426 340 Teuwnicorum
460 299 499 337 in
524 300 742 350 Borussos‚
767 303 936 343 Militum
969 316 1078 345 cruce
1116 309 1238 359 signa·

127 354 249 407 torum
281 369 319 406 in
353 369 524 407 Turcas!
555 371 651 421 Quis
681 374 801 412 nescit
836 375 1037 416 valdenses
1069 388 1107 417 et
1132 382 1239 420 Albi-

127 448 259 487 genses
297 437 396 477 ferro
424 439 589 488 petitos,
616 441 818 491 Hussstas,
856 445 1017 486 Mauros
1057 448 1240 499 Hispania

131 510 325 558 expulsos.
379 509 422 548 In
463 511 673 549 memoriam
710 523 932 554 revocentur
970 517 1114 558 Siculae
1149 521 1243 560 Ves-

127 590 238 627 perae
260 579 386 628 dirae,
411 591 447 617 et
487 580 669 621 nefandae
693 583 776 621 illae
796 585 963 633 Nuptiae
988 588 1210 630 Parisienses
1225 620 1239 638 ‚

129 647 295 687 Hiberna
331 650 485 699 caedes,
528 651 621 690 bella
653 653 691 690 in
714 653 831 701 patria
855 665 982 695 nostra
1013 668 1139 707 gesta,
1169 660 1244 698 bel-

126 719 206 758 lum
233 721 465 770 trecennale,
493 733 538 760 ne
563 723 609 760 de
632 723 714 762 aliis
739 726 876 763 mentio
901 727 989 765 fiat!

241 828 276 866 T
273 838 401 868 amum
431 831 561 880 religio
583 835 706 882 potuit
733 834 890 872 suadere
916 837 1131 879 malorum!

127 934 345 984 Numquam
379 938 451 976 tale
489 938 526 975 in
565 939 670 977 aliter
693 942 906 981 *sentientes
949 946 1075 984 odium
1116 948 1243 996 depre-

127 1005 327 1054 henditur,
343 1019 451 1055 quam
467 1009 568 1056 quali
581 1010 817 1050 Christianos
844 1013 998 1053 affectos
1013 1015 1130 1057 fuisse
1154 1031 1245 1057 con-

126 1075 226 1113 stat!
265 1087 379 1122 quare
412 1079 615 1125 optandum
650 1080 726 1127 sit,
763 1092 807 1120 ut*
829 1083 1060 1125 Graecorum
1096 1097 1132 1127 et
1168 1090 1247 1129 Ro-

127 1154 320 1183 manorum
361 1152 527 1195 tempora
549 1150 700 1188 redeant
715 1177 733 1198 ,η
757 1153 823 1201 qui
856 1155 973 1194 rarius
1012 1158 1061 1195 ob
1100 1160 1247 1208 religio-

127 1223 236 1261 nem,
264 1215 483 1265 plerumque
505 1219 555 1256 ob
582 1221 753 1268 politicas
780 1231 923 1264 tantum
956 1229 1119 1270 rationes
1151 1233 1245 1272 bella

128 1284 344 1334 suscipere,
364 1288 565 1338 eademque
594 1301 694 1330 certe
721 1304 798 1332 non
827 1305 928 1336 tanta
959 1302 1154 1343 atrocitate
1182 1315 1244 1353 ge—

128 1366 208 1394 rere
237 1357 435 1406 solebant,
464 1370 601 1408 quanta
627 1363 837 1405 Christiani
869 1369 931 1407 isti
956 1371 1117 1420 Hispani
1145 1374 1242 1413 bello

127 1427 328 1466 trecennali
360 1427 487 1468 affecti
525 1443 644 1472 erant.
671 1456 725 1465 —
751 1436 814 1475 Sic
852 1441 1023 1480 nonnulli
1057 1443 1246 1494 religionis

130 1494 366 1548 Christianae
405 1501 611 1542 doctrinam
649 1504 842 1546 hominum
879 1510 924 1548 de
954 1511 1054 1550 bello
1079 1518 1245 1562 gerundo

131 1567 332 1606 sententias
369 1579 447 1608 non
478 1574 715 1624 emendasse,
742 1579 808 1616 sed
836 1589 967 1621 contra
998 1583 1080 1632 ipsa
1107 1587 1168 1625 illa
1191 1599 1247 1625 re-

126 1634 284 1684 ligionis
322 1639 493 1682 doctrina
527 1646 636 1692 plura
671 1647 769 1687 bella
810 1652 967 1691 excitata
999 1663 1035 1692 et
1069 1657 1247 1701 crudelis-

130 1706 226 1746 sime
261 1716 366 1756 gesta
398 1712 571 1753 clamant.

182 1777 319 1827 Neque
334 1781 408 1820 hoe
439 1791 609 1834 tantum,
623 1799 752 1828 verum
776 1803 820 1831 ex
834 1793 937 1832 omni
959 1806 1052 1834 aevo
1071 1805 1128 1837 tot
1142 1799 1243 1847 dira,

131 1846 314 1898 nefanda,
341 1862 474 1902 saeva,
501 1857 693 1908 crudelia,
719 1860 831 1911 impia
861 1875 882 1902 a
917 1865 1146 1907 Christianis
1177 1882 1248 1919 po-

131 1919 232 1966 pulis
256 1931 401 1969 peracta
429 1924 558 1964 afferre
587 1929 741 1979 sciunt,
769 1941 812 1971 ut
837 1934 1041 1986 imperito,
1056 1947 1091 1976 et
1121 1940 1244 1980 minus

133 1989 224 2036 quid
254 2002 381 2030 verum
405 1995 494 2042 quid
509 1997 645 2038 falsum
675 2013 868 2042 secernere
890 2017 931 2044 ac
958 2006 1161 2056 dijudicare
1185 2022 1248 2049 so-

132 2059 228 2108 lito,
280 2074 473 2103 assensum
513 2066 590 2105 fere
642 2079 893 2122 extorqueant
914 2105 927 2124 ,
981 2077 1019 2116 in
1062 2081 1164 2119 nulla
1208 2094 1247 2120 re

135 2130 256 2169 minus
275 2132 468 2180 hominum
493 2140 760 2181 sententiarum
783 2147 1077 2187 emendationem
1112 2152 1243 2201 cerni,

118 2209 243 2247 *quam
281 2201 318 2239 in
355 2203 654 2250 be110.Citant
687 2215 814 2262 plures
851 2219 1018 2266 populos
1049 2222 1143 2269 qui,
1183 2234 1245 2261 an-

133 2266 249 2313 tiquis
284 2272 451 2311 moribus
486 2280 670 2327 retentis,
698 2283 851 2323 Graecis
885 2296 922 2324 et
959 2288 1141 2329 Romanis
1169 2292 1248 2330 bel,

1149 2363 1244 2400 landi
