1523 2745
372 165 1138 226 OBS'ERVATIONES.
1243 171 1312 217 183

206 303 232 325 „
255 275 439 314 Incertum
466 284 552 323 est3
582 288 667 315 cum
707 276 802 315 enim
838 289 907 327 ego
949 289 1032 316 eum
1063 277 1223 327 dejicio,
1249 288 1313 315 ne·
1365 276 1381 291 ⁶

206 373 232 395 ,‚
257 346 377 395 gando
403 357 443 384 se
474 346 652 385 cecidisse
696 347 846 404 vincit,
885 348 997 396 idque
1034 347 1310 396 spectatoribus

209 442 235 464 ‚‚
260 416 499 465 persuadet.”
526 417 610 466 (1).

255 527 343 567 obs.
388 527 527 568 XXIII.
563 529 769 567 Muellerus
788 558 801 576 ,
833 529 1039 567 rationibus
1075 527 1274 566 subductis
1297 554 1311 575 ,

203 583 335 635 statuit
388 598 574 645 Phidiam,
615 611 722 646 quem
760 599 978 650 Plutarchus
1013 607 1194 644 testatur,
1233 608 1313 635 om·

200 666 303 712 nium
329 677 651 706 monumentorum
672 697 684 715 ,
713 681 805 716 quae
831 669 978 707 Periclis
998 670 1108 718 J'ussu
1125 676 1312 706 exstructa

201 733 365 783 fuerint,
389 737 567 776 arbitrum
593 729 742 785 fuisse,
760 750 873 786 opera
890 737 949 776 illa
981 737 1065 776 inde
1089 738 1133 775 ab
1156 738 1309 785 Olymp.

199 806 392 845 LXXXII.
432 808 492 845 vel
535 806 748 847 LXXXIII.
782 820 852 845 suo
887 808 1047 845 consilio
1085 808 1249 852 rexisse,
1276 816 1313 843 et

197 887 371 914 manuum
397 877 540 915 honore
561 878 779 915 nobilitasse
802 878 886 927 (ει).
927 875 1034 923 Prius
1054 878 1127 926 Jam
1147 877 1311 921 dixerat,

197 946 268 999 ista
306 957 418 995 opera
455 947 635 984 continuo
667 948 796 985 ordine
840 958 922 992 sese
945 947 1163 995 excepisse,
1189 946 1240 983 ita
1271 954 1315 983 ut

199 1015 347 1053 initium
365 1016 517 1054 ductum
543 1017 593 1055 sit
606 1017 649 1054 ab
676 1017 763 1054 aede
778 1017 925 1055 Cereris
942 1018 1151 1054 Eleusiniae
1167 1043 1178 1060 ,
1205 1015 1314 1064 cujus

196 1085 388 1123 architecti
423 1085 575 1123 fuerunt
611 1087 841 1132 Coroebus,
871 1094 907 1123 et
930 1095 1017 1133 post
1042 1087 1121 1134 ejtls
1159 1093 1314 1121 mortem

196 1155 439 1202 Metagenes,
477 1139 638 1202 denique
671 1146 855 1191 Xenocles
891 1156 987 1202 (3);
1034 1153 1164 1190 deinde
1197 1151 1316 1190 fuisse

195 1232 380 1262 exstructa
417 1224 748 1271 Hecatompedon,
799 1223 971 1269 Odeum,
1011 1224 1134 1260 aedem
1173 1223 1316 1260 Miner-

193 1304 260 1331 vae
298 1293 495 1342 Suniensis
516 1321 529 1340 ,
581 1286 650 1330 alia
681 1293 719 1330 in
754 1304 842 1342 agro
881 1293 1010 1330 Attico
1053 1277 1206 1330 deorum
1256 1292 1317 1329 de-

194 1362 301 1406 lubra
322 1390 339 1410 ,
389 1362 598 1411 Acropolin
623 1389 636 1409 ,
690 1362 850 1409 denique
885 1347 1105 1410 Propylaea.
1170 1361 1314 1398 Odeum

196 1441 318 1488 autem
349 1431 451 1471 hisce
488 1432 753 1480 temporibus,
800 1430 926 1470 fuisse
954 1431 1210 1478 aedificatum,
1260 1430 1315 1468 vir

198 1494 305 1558 Clar.
364 1502 592 1553 demonstrat
641 1513 661 1538 e
717 1501 860 1539 Cratini
898 1500 1066 1548 versibus
1093 1529 1108 1549 ,
1169 1512 1191 1538 a
1233 1501 1316 1538 Plu·

196 1558 325 1610 tarcho
353 1571 508 1616 servatis
537 1567 609 1620 (4)
626 1598 640 1619 ,
690 1567 755 1608 ubi‘
780 1571 960 1609 Comicus
981 1580 1181 1627 certamen
1208 1571 1318 1608 Thu-

197 1641 367 1691 cydidem
405 1642 500 1680 inter
545 1635 808 1692 Periclemque'
842 1631 1019 1689 respexit.
1077 1640 1215 1694 ¹Addit
1263 1640 1316 1677 ibi

1212 1712 1316 1749 Plut-

215 1840 220 1844 -
236 1819 289 1857 (1)
309 1822 384 1851 Plut.
405 1819 437 1848 in
456 1823 523 1850 Per.¹
536 1827 609 1855 cap.
624 1821 653 1848 8.
671 1820 706 1854 p.
730 1816 798 1853 '156-
812 1831 849 1839 —
869 1817 962 1852 Reip.
975 1818 1047 1846 Ger.
1065 1818 1189 1847 Praecc.
1206 1825 1273 1854 cap.
1283 1824 1312 1851 5.

198 1887 233 1915 p.
257 1882 324 1908 802.
341 1878 377 1906 C.
1301 1884 1303 1886 ·

219 1933 290 1973 vv(2)
310 1935 344 1962 In
360 1932 588 1973 *vitagPhidiaffi
601 1940 632 1967 p.
655 1941 704 1969 54.

218 1992 289 2033 ,(;3)
308 1992 400 2021 strab.
424 1991 475 2019 lx.
493 1999 526 2026 p,
550 1997 619 2032 395¹.
639 1976 849 2026 'Architectura
867 1994 959 2027 vocat
983 1988 1130 2016 lerinum.

238 2050 290 2088 (4)
312 2036 347 2077 In
372 2033 439 2078 rer.
474 2056 541 2083 cap.
579 2055 624 2080 ¹3·
660 2056 692 2082 p.
717 2050 783 2077 160.
807 2048 844 2074 A.
866 2059 904 2066 —
929 2046 975 2073 De
1001 2046 1089 2073 Odeo
1118 2045 1202 2073 conf.
1225 2044 1316 2074 etiam

201 2106 356 2134 Meursius
377 2107 457 2140 opp.
479 2105 503 2132 Ι.
527 2112 560 2139 p.
586 2105 655 2140 48⁶·
676 2111 741 2138 sqq.
762 2104 800 2131 11.
818 2104 872 2135 566
885 2121 894 2136 ,
919 2101 1213 2137 1192.-Gibb0nus
1233 2102 1263 2128 in
1278 2102 1314 2129 li-

199 2164 276 2198 bro,
296 2170 387 2198 quem
413 2162 542 2195 Anglice
570 2159 690 2196 scripsit
713 2161 750 2189 de
774 2159 956 2188 detrimento
977 2165 1008 2187 et
1040 2158 1164 2188 interitu
1191 2158 1316 2194 Imperii

200 2214 473 2262 Romani-‚AT9m3
486 2215 515 2249 Ι.
529 2225 564 2254 p.
586 2225 635 2254 5⁵·
654 2216 706 2248 ed.
721 2216 824 2246 Lond,
860 2219 940 2246 1821.
959 2220 1021 2245 oct.
