<?xml version="1.0" encoding="UTF-8"?>
<!DOCTYPE html PUBLIC "-//W3C//DTD XHTML 1.0 Transitional//EN"
    "http://www.w3.org/TR/xhtml1/DTD/xhtml1-transitional.dtd">
<html xmlns="http://www.w3.org/1999/xhtml" xml:lang="en" lang="en">
 <head>
  <title>
</title>
<meta http-equiv="Content-Type" content="text/html;charset=utf-8" />
  <meta name='ocr-system' content='tesseract 3.04.00' />
  <meta name='ocr-capabilities' content='ocr_page ocr_carea ocr_par ocr_line ocrx_word'/>
</head>
<body>
  <div class='ocr_page' id='page_1' title='image "annalesacademiae33rhen_0380.png"; bbox 0 0 1502 2767; ppageno 0'>
   <div class='ocr_carea' id='block_1_1' title="bbox 205 176 1081 233">
    <p class='ocr_par' dir='ltr' id='par_1_1' title="bbox 205 176 1081 233">
     <span class='ocr_line' id='line_1_1' title="bbox 205 176 1081 233; baseline -0.007 -12"><span class='ocrx_word' id='word_1_1' title='bbox 205 185 255 233; x_wconf 88' lang='lat'>96</span> <span class='ocrx_word' id='word_1_2' title='bbox 418 176 1081 220; x_wconf 84' lang='lat' dir='ltr'><strong>COMMENTATIO</strong></span> 
     </span>
    </p>
   </div>
   <div class='ocr_carea' id='block_1_2' title="bbox 203 285 1313 401">
    <p class='ocr_par' dir='ltr' id='par_1_2' title="bbox 203 285 1313 401">
     <span class='ocr_line' id='line_1_2' title="bbox 205 285 1311 338; baseline -0.007 -6"><span class='ocrx_word' id='word_1_3' title='bbox 205 292 423 337; x_wconf 88' lang='lat' dir='ltr'><strong>ostendere,</strong></span> <span class='ocrx_word' id='word_1_4' title='bbox 453 289 796 338; x_wconf 88' lang='lat' dir='ltr'>quomodocunque</span> <span class='ocrx_word' id='word_1_5' title='bbox 820 289 927 325; x_wconf 87' lang='lat' dir='ltr'>locus</span> <span class='ocrx_word' id='word_1_6' title='bbox 952 285 1178 335; x_wconf 81' lang='lat' dir='ltr'>accipiatur,</span> <span class='ocrx_word' id='word_1_7' title='bbox 1205 286 1311 325; x_wconf 90' lang='lat' dir='ltr'>nullo</span> 
     </span>
     <span class='ocr_line' id='line_1_3' title="bbox 203 350 1313 401; baseline -0.008 -4"><span class='ocrx_word' id='word_1_8' title='bbox 203 359 288 397; x_wconf 91' lang='lat' dir='ltr'>inde</span> <span class='ocrx_word' id='word_1_9' title='bbox 303 356 413 395; x_wconf 91' lang='lat' dir='ltr'>modo</span> <span class='ocrx_word' id='word_1_10' title='bbox 430 354 523 391; x_wconf 87' lang='lat' dir='ltr'>effici</span> <span class='ocrx_word' id='word_1_11' title='bbox 543 365 656 401; x_wconf 91' lang='lat' dir='ltr'>posse</span> <span class='ocrx_word' id='word_1_12' title='bbox 669 352 805 390; x_wconf 84' lang='lat' dir='ltr'>bellurn</span> <span class='ocrx_word' id='word_1_13' title='bbox 821 363 898 390; x_wconf 90' lang='lat' dir='ltr'>non</span> <span class='ocrx_word' id='word_1_14' title='bbox 921 350 1063 389; x_wconf 90' lang='lat' dir='ltr'>licitum</span> <span class='ocrx_word' id='word_1_15' title='bbox 1083 361 1164 388; x_wconf 89' lang='lat' dir='ltr'>esse</span> <span class='ocrx_word' id='word_1_16' title='bbox 1178 378 1194 397; x_wconf 84' lang='lat'>‚</span> <span class='ocrx_word' id='word_1_17' title='bbox 1209 351 1313 398; x_wconf 89' lang='lat' dir='ltr'>quod</span> 
     </span>
    </p>
   </div>
   <div class='ocr_carea' id='block_1_3' title="bbox 195 420 1317 1932">
    <p class='ocr_par' dir='ltr' id='par_1_3' title="bbox 195 420 1317 1805">
     <span class='ocr_line' id='line_1_4' title="bbox 203 420 1310 473; baseline -0.005 -9"><span class='ocrx_word' id='word_1_18' title='bbox 203 427 292 465; x_wconf 91' lang='lat' dir='ltr'>satis</span> <span class='ocrx_word' id='word_1_19' title='bbox 325 423 473 473; x_wconf 87' lang='lat' dir='ltr'>probari</span> <span class='ocrx_word' id='word_1_20' title='bbox 506 431 678 471; x_wconf 84' lang='lat' dir='ltr'>putamus</span> <span class='ocrx_word' id='word_1_21' title='bbox 695 449 708 469; x_wconf 87' lang='lat'><strong>‚</strong></span> <span class='ocrx_word' id='word_1_22' title='bbox 736 420 929 468; x_wconf 87' lang='lat' dir='ltr'>sequentia</span> <span class='ocrx_word' id='word_1_23' title='bbox 956 421 1066 458; x_wconf 91' lang='lat' dir='ltr'>modo</span> <span class='ocrx_word' id='word_1_24' title='bbox 1093 427 1310 459; x_wconf 86' lang='lat' dir='ltr'>teneantur:</span> 
     </span>
     <span class='ocr_line' id='line_1_5' title="bbox 253 489 1316 539; baseline -0.007 -5"><span class='ocrx_word' id='word_1_25' title='bbox 253 509 287 534; x_wconf 91' lang='lat'>1.</span> <span class='ocrx_word' id='word_1_26' title='bbox 314 496 447 534; x_wconf 87' lang='lat' dir='ltr'>Paulus</span> <span class='ocrx_word' id='word_1_27' title='bbox 464 493 525 532; x_wconf 89' lang='lat' dir='ltr'>hic</span> <span class='ocrx_word' id='word_1_28' title='bbox 542 492 632 530; x_wconf 87' lang='lat' dir='ltr'>citat</span> <span class='ocrx_word' id='word_1_29' title='bbox 655 492 896 538; x_wconf 77' lang='lat' dir='ltr'>ve1·ba‚quae</span> <span class='ocrx_word' id='word_1_30' title='bbox 915 490 952 528; x_wconf 92' lang='lat' dir='ltr'>in</span> <span class='ocrx_word' id='word_1_31' title='bbox 975 489 1227 539; x_wconf 80' lang='lat' dir='ltr'>pulcherrimo</span> <span class='ocrx_word' id='word_1_32' title='bbox 1249 490 1316 528; x_wconf 94' lang='lat' dir='ltr'>illo</span> 
     </span>
     <span class='ocr_line' id='line_1_6' title="bbox 199 559 1316 609; baseline -0.007 -4"><span class='ocrx_word' id='word_1_33' title='bbox 199 565 326 605; x_wconf 89' lang='lat' dir='ltr'>Mosis</span> <span class='ocrx_word' id='word_1_34' title='bbox 340 564 498 603; x_wconf 86' lang='lat' dir='ltr'>carmine</span> <span class='ocrx_word' id='word_1_35' title='bbox 526 570 728 600; x_wconf 87' lang='lat' dir='ltr'>occurrunt</span> <span class='ocrx_word' id='word_1_36' title='bbox 746 588 760 607; x_wconf 87' lang='lat'>,</span> <span class='ocrx_word' id='word_1_37' title='bbox 784 561 941 598; x_wconf 82' lang='lat' dir='ltr'>Deuter.</span> <span class='ocrx_word' id='word_1_38' title='bbox 970 560 1127 599; x_wconf 85' lang='lat' dir='ltr'>XXXII.</span> <span class='ocrx_word' id='word_1_39' title='bbox 1157 570 1218 609; x_wconf 83' lang='grc'>35.</span> <span class='ocrx_word' id='word_1_40' title='bbox 1247 559 1316 598; x_wconf 92' lang='lat' dir='ltr'>ubi</span> 
     </span>
     <span class='ocr_line' id='line_1_7' title="bbox 200 629 1317 681; baseline -0.005 -7"><span class='ocrx_word' id='word_1_41' title='bbox 200 636 304 675; x_wconf 92' lang='lat' dir='ltr'>Deus</span> <span class='ocrx_word' id='word_1_42' title='bbox 334 636 492 681; x_wconf 83' lang='lat' dir='ltr'>loquens</span> <span class='ocrx_word' id='word_1_43' title='bbox 533 630 747 678; x_wconf 88' lang='lat' dir='ltr'>inducitur,</span> <span class='ocrx_word' id='word_1_44' title='bbox 800 629 976 669; x_wconf 69' lang='lat' dir='ltr'>Israelitis</span> <span class='ocrx_word' id='word_1_45' title='bbox 1015 629 1199 678; x_wconf 90' lang='lat' dir='ltr'>ingratum</span> <span class='ocrx_word' id='word_1_46' title='bbox 1236 629 1317 668; x_wconf 88' lang='lat' dir='ltr'>ani-</span> 
     </span>
     <span class='ocr_line' id='line_1_8' title="bbox 197 698 1315 750; baseline -0.004 -7"><span class='ocrx_word' id='word_1_47' title='bbox 197 717 297 743; x_wconf 88' lang='lat' dir='ltr'>mum</span> <span class='ocrx_word' id='word_1_48' title='bbox 334 703 506 750; x_wconf 88' lang='lat' dir='ltr'>variaque</span> <span class='ocrx_word' id='word_1_49' title='bbox 534 710 684 749; x_wconf 86' lang='lat' dir='ltr'>peccata</span> <span class='ocrx_word' id='word_1_50' title='bbox 722 698 934 749; x_wconf 47' lang='lat' dir='ltr'>objiciens-3</span> <span class='ocrx_word' id='word_1_51' title='bbox 990 711 1097 746; x_wconf 84' lang='lat' dir='ltr'>sese,</span> <span class='ocrx_word' id='word_1_52' title='bbox 1156 700 1221 748; x_wconf 91' lang='lat' dir='ltr'>qui</span> <span class='ocrx_word' id='word_1_53' title='bbox 1255 707 1315 738; x_wconf 91' lang='lat' dir='ltr'>tot</span> 
     </span>
     <span class='ocr_line' id='line_1_9' title="bbox 198 769 1314 822; baseline -0.005 -9"><span class='ocrx_word' id='word_1_54' title='bbox 198 774 388 822; x_wconf 86' lang='lat' dir='ltr'>tantisque</span> <span class='ocrx_word' id='word_1_55' title='bbox 423 784 487 811; x_wconf 91' lang='lat' dir='ltr'>eos</span> <span class='ocrx_word' id='word_1_56' title='bbox 525 772 750 809; x_wconf 79' lang='lat' dir='ltr'>cumulasset</span> <span class='ocrx_word' id='word_1_57' title='bbox 784 769 999 816; x_wconf 87' lang='lat' dir='ltr'>beneficiis,</span> <span class='ocrx_word' id='word_1_58' title='bbox 1037 771 1173 819; x_wconf 85' lang='lat' dir='ltr'>justam</span> <span class='ocrx_word' id='word_1_59' title='bbox 1201 769 1314 808; x_wconf 88' lang='lat' dir='ltr'>ultio-</span> 
     </span>
     <span class='ocr_line' id='line_1_10' title="bbox 197 840 1313 891; baseline -0.004 -8"><span class='ocrx_word' id='word_1_60' title='bbox 197 856 281 883; x_wconf 90' lang='lat' dir='ltr'>nem</span> <span class='ocrx_word' id='word_1_61' title='bbox 315 854 460 882; x_wconf 89' lang='lat' dir='ltr'>sumere</span> <span class='ocrx_word' id='word_1_62' title='bbox 488 853 602 891; x_wconf 89' lang='lat' dir='ltr'>posse</span> <span class='ocrx_word' id='word_1_63' title='bbox 633 842 863 888; x_wconf 86' lang='lat' dir='ltr'>ostendens;</span> <span class='ocrx_word' id='word_1_64' title='bbox 918 851 995 888; x_wconf 87' lang='lat' dir='ltr'>quo</span> <span class='ocrx_word' id='word_1_65' title='bbox 1031 840 1117 878; x_wconf 93' lang='lat' dir='ltr'>loco</span> <span class='ocrx_word' id='word_1_66' title='bbox 1156 840 1313 878; x_wconf 89' lang='lat' dir='ltr'>docetur</span> 
     </span>
     <span class='ocr_line' id='line_1_11' title="bbox 198 909 1312 963; baseline -0.004 -11"><span class='ocrx_word' id='word_1_67' title='bbox 198 926 313 963; x_wconf 88' lang='lat' dir='ltr'>ergo,</span> <span class='ocrx_word' id='word_1_68' title='bbox 340 914 521 963; x_wconf 82' lang='lat' dir='ltr'>Jehovam</span> <span class='ocrx_word' id='word_1_69' title='bbox 548 924 615 950; x_wconf 86' lang='lat' dir='ltr'>sua</span> <span class='ocrx_word' id='word_1_70' title='bbox 637 912 720 960; x_wconf 84' lang='lat' dir='ltr'>J’ura</span> <span class='ocrx_word' id='word_1_71' title='bbox 744 909 1015 948; x_wconf 85' lang='lat' dir='ltr'>vindicaturum</span> <span class='ocrx_word' id='word_1_72' title='bbox 1053 919 1090 948; x_wconf 88' lang='lat' dir='ltr'>et</span> <span class='ocrx_word' id='word_1_73' title='bbox 1124 909 1312 949; x_wconf 88' lang='lat' dir='ltr'>maleficos</span> 
     </span>
     <span class='ocr_line' id='line_1_12' title="bbox 197 981 1312 1033; baseline -0.002 -11"><span class='ocrx_word' id='word_1_74' title='bbox 197 984 433 1033; x_wconf 87' lang='lat' dir='ltr'>puniturum.</span> <span class='ocrx_word' id='word_1_75' title='bbox 461 1005 516 1013; x_wconf 92' lang='lat'>—</span> <span class='ocrx_word' id='word_1_76' title='bbox 549 983 736 1020; x_wconf 89' lang='lat' dir='ltr'>Ponamus</span> <span class='ocrx_word' id='word_1_77' title='bbox 760 981 835 1030; x_wconf 84' lang='lat' dir='ltr'>jam</span> <span class='ocrx_word' id='word_1_78' title='bbox 871 982 969 1019; x_wconf 89' lang='lat' dir='ltr'>hunc</span> <span class='ocrx_word' id='word_1_79' title='bbox 1004 982 1129 1019; x_wconf 89' lang='lat' dir='ltr'>locum</span> <span class='ocrx_word' id='word_1_80' title='bbox 1155 989 1256 1019; x_wconf 89' lang='lat' dir='ltr'>recte</span> <span class='ocrx_word' id='word_1_81' title='bbox 1291 992 1312 1020; x_wconf 88' lang='lat' dir='ltr'>a</span> 
     </span>
     <span class='ocr_line' id='line_1_13' title="bbox 195 1050 1314 1099; baseline -0.004 -5"><span class='ocrx_word' id='word_1_82' title='bbox 195 1056 310 1095; x_wconf 89' lang='lat' dir='ltr'>Paulo</span> <span class='ocrx_word' id='word_1_83' title='bbox 333 1056 483 1092; x_wconf 83' lang='lat' dir='ltr'>allatum</span> <span class='ocrx_word' id='word_1_84' title='bbox 514 1063 620 1098; x_wconf 77' lang='lat' dir='ltr'>esse,</span> <span class='ocrx_word' id='word_1_85' title='bbox 660 1051 794 1098; x_wconf 78' lang='lat' dir='ltr'>adid,</span> <span class='ocrx_word' id='word_1_86' title='bbox 835 1051 939 1098; x_wconf 91' lang='lat' dir='ltr'>quod</span> <span class='ocrx_word' id='word_1_87' title='bbox 973 1051 1107 1098; x_wconf 80' lang='lat' dir='ltr'>cupit,</span> <span class='ocrx_word' id='word_1_88' title='bbox 1150 1050 1314 1099; x_wconf 88' lang='lat' dir='ltr'>proban-</span> 
     </span>
     <span class='ocr_line' id='line_1_14' title="bbox 196 1121 1313 1174; baseline -0.004 -10"><span class='ocrx_word' id='word_1_89' title='bbox 196 1126 313 1174; x_wconf 83' lang='lat' dir='ltr'>dum3</span> <span class='ocrx_word' id='word_1_90' title='bbox 344 1125 453 1162; x_wconf 85' lang='lat' dir='ltr'>verba</span> <span class='ocrx_word' id='word_1_91' title='bbox 478 1124 558 1172; x_wconf 85' lang='lat' dir='ltr'>ejus</span> <span class='ocrx_word' id='word_1_92' title='bbox 585 1124 663 1164; x_wconf 79' lang='grc' dir='ltr'><em>δότε</em></span> <span class='ocrx_word' id='word_1_93' title='bbox 687 1122 794 1162; x_wconf 76' lang='grc' dir='ltr'><em>τόπον</em></span> <span class='ocrx_word' id='word_1_94' title='bbox 824 1128 869 1170; x_wconf 69' lang='grc' dir='ltr'>τῇ</span> <span class='ocrx_word' id='word_1_95' title='bbox 893 1124 981 1170; x_wconf 68' lang='grc' dir='ltr'>ὀργῇ</span> <span class='ocrx_word' id='word_1_96' title='bbox 1005 1125 1068 1161; x_wconf 79' lang='grc' dir='ltr'>τοῦ</span> <span class='ocrx_word' id='word_1_97' title='bbox 1105 1123 1180 1161; x_wconf 81' lang='grc' dir='ltr'><em>θεοῦ</em></span> <span class='ocrx_word' id='word_1_98' title='bbox 1207 1121 1313 1168; x_wconf 84' lang='lat' dir='ltr'>(ver-</span> 
     </span>
     <span class='ocr_line' id='line_1_15' title="bbox 196 1191 1312 1239; baseline -0.005 -5"><span class='ocrx_word' id='word_1_99' title='bbox 196 1197 243 1235; x_wconf 88' lang='lat' dir='ltr'>ba</span> <span class='ocrx_word' id='word_1_100' title='bbox 281 1201 343 1237; x_wconf 76' lang='grc' dir='ltr'>τοῦ</span> <span class='ocrx_word' id='word_1_101' title='bbox 374 1199 448 1236; x_wconf 75' lang='grc' dir='ltr'><em>θεοῦ</em></span> <span class='ocrx_word' id='word_1_102' title='bbox 485 1194 646 1232; x_wconf 87' lang='lat' dir='ltr'>addenda</span> <span class='ocrx_word' id='word_1_103' title='bbox 679 1203 790 1239; x_wconf 90' lang='lat' dir='ltr'>esse,</span> <span class='ocrx_word' id='word_1_104' title='bbox 839 1191 995 1228; x_wconf 87' lang='lat' dir='ltr'>suadent</span> <span class='ocrx_word' id='word_1_105' title='bbox 1034 1191 1203 1239; x_wconf 86' lang='lat' dir='ltr'>proxime</span> <span class='ocrx_word' id='word_1_106' title='bbox 1253 1202 1312 1229; x_wconf 89' lang='lat' dir='ltr'>se-</span> 
     </span>
     <span class='ocr_line' id='line_1_16' title="bbox 198 1259 1313 1315; baseline -0.006 -10"><span class='ocrx_word' id='word_1_107' title='bbox 198 1265 372 1315; x_wconf 86' lang='lat' dir='ltr'>quentia)</span> <span class='ocrx_word' id='word_1_108' title='bbox 411 1281 446 1304; x_wconf 79' lang='grc' dir='ltr'>κ.</span> <span class='ocrx_word' id='word_1_109' title='bbox 477 1281 514 1304; x_wconf 71' lang='grc' dir='ltr'>τ.</span> <span class='ocrx_word' id='word_1_110' title='bbox 542 1274 578 1304; x_wconf 69' lang='grc' dir='ltr'>λ.</span> <span class='ocrx_word' id='word_1_111' title='bbox 607 1262 679 1312; x_wconf 82' lang='lat'>(1)</span> <span class='ocrx_word' id='word_1_112' title='bbox 716 1262 754 1299; x_wconf 92' lang='lat' dir='ltr'>id</span> <span class='ocrx_word' id='word_1_113' title='bbox 797 1259 1082 1307; x_wconf 83' lang='lat' dir='ltr'>significabunt:</span> <span class='ocrx_word' id='word_1_114' title='bbox 1135 1270 1212 1298; x_wconf 92' lang='lat' dir='ltr'>non</span> <span class='ocrx_word' id='word_1_115' title='bbox 1247 1260 1313 1298; x_wconf 86' lang='lat' dir='ltr'>de·</span> 
     </span>
     <span class='ocr_line' id='line_1_17' title="bbox 196 1329 1309 1379; baseline -0.006 -4"><span class='ocrx_word' id='word_1_116' title='bbox 196 1346 256 1375; x_wconf 88' lang='lat' dir='ltr'>cet</span> <span class='ocrx_word' id='word_1_117' title='bbox 292 1335 574 1379; x_wconf 81' lang='lat' dir='ltr'>Christianum,</span> <span class='ocrx_word' id='word_1_118' title='bbox 627 1332 659 1369; x_wconf 89' lang='lat' dir='ltr'>si</span> <span class='ocrx_word' id='word_1_119' title='bbox 692 1331 737 1369; x_wconf 90' lang='lat' dir='ltr'>ab</span> <span class='ocrx_word' id='word_1_120' title='bbox 779 1330 852 1368; x_wconf 88' lang='lat' dir='ltr'>alio</span> <span class='ocrx_word' id='word_1_121' title='bbox 895 1330 1016 1368; x_wconf 87' lang='lat' dir='ltr'>laesus</span> <span class='ocrx_word' id='word_1_122' title='bbox 1053 1329 1129 1376; x_wconf 83' lang='lat' dir='ltr'>sit,</span> <span class='ocrx_word' id='word_1_123' title='bbox 1182 1329 1309 1368; x_wconf 89' lang='lat' dir='ltr'>statim</span> 
     </span>
     <span class='ocr_line' id='line_1_18' title="bbox 198 1400 1306 1449; baseline -0.006 -4"><span class='ocrx_word' id='word_1_124' title='bbox 198 1407 397 1446; x_wconf 85' lang='lat' dir='ltr'>vindictam</span> <span class='ocrx_word' id='word_1_125' title='bbox 426 1415 593 1449; x_wconf 84' lang='lat' dir='ltr'>sumere,</span> <span class='ocrx_word' id='word_1_126' title='bbox 623 1402 689 1439; x_wconf 92' lang='lat' dir='ltr'>sed</span> <span class='ocrx_word' id='word_1_127' title='bbox 723 1402 842 1438; x_wconf 91' lang='lat' dir='ltr'>lenem</span> <span class='ocrx_word' id='word_1_128' title='bbox 879 1408 916 1438; x_wconf 89' lang='lat' dir='ltr'>et</span> <span class='ocrx_word' id='word_1_129' title='bbox 944 1400 1160 1437; x_wconf 85' lang='lat' dir='ltr'>clementem</span> <span class='ocrx_word' id='word_1_130' title='bbox 1197 1409 1306 1448; x_wconf 78' lang='lat' dir='ltr'>esse3</span> 
     </span>
     <span class='ocr_line' id='line_1_19' title="bbox 195 1469 1309 1521; baseline -0.009 -4"><span class='ocrx_word' id='word_1_131' title='bbox 195 1488 253 1517; x_wconf 90' lang='lat' dir='ltr'>est</span> <span class='ocrx_word' id='word_1_132' title='bbox 288 1476 491 1514; x_wconf 88' lang='lat' dir='ltr'>omniscius</span> <span class='ocrx_word' id='word_1_133' title='bbox 526 1475 626 1512; x_wconf 86' lang='lat' dir='ltr'>Deus</span> <span class='ocrx_word' id='word_1_134' title='bbox 660 1472 786 1521; x_wconf 82' lang='lat' dir='ltr'>justus</span> <span class='ocrx_word' id='word_1_135' title='bbox 819 1469 979 1516; x_wconf 82' lang='lat' dir='ltr'>vindex,</span> <span class='ocrx_word' id='word_1_136' title='bbox 1017 1469 1082 1517; x_wconf 89' lang='lat' dir='ltr'>qui</span> <span class='ocrx_word' id='word_1_137' title='bbox 1117 1480 1207 1514; x_wconf 80' lang='lat' dir='ltr'>eos,</span> <span class='ocrx_word' id='word_1_138' title='bbox 1242 1469 1309 1517; x_wconf 89' lang='lat' dir='ltr'>qui</span> 
     </span>
     <span class='ocr_line' id='line_1_20' title="bbox 197 1539 1310 1591; baseline -0.01 -3"><span class='ocrx_word' id='word_1_139' title='bbox 197 1550 290 1588; x_wconf 73' lang='lat' dir='ltr'>aiios</span> <span class='ocrx_word' id='word_1_140' title='bbox 322 1549 531 1590; x_wconf 82' lang='lat' dir='ltr'>laeserunt,</span> <span class='ocrx_word' id='word_1_141' title='bbox 570 1542 791 1591; x_wconf 83' lang='lat' dir='ltr'>castigabit,</span> <span class='ocrx_word' id='word_1_142' title='bbox 833 1549 870 1578; x_wconf 90' lang='lat' dir='ltr'>et</span> <span class='ocrx_word' id='word_1_143' title='bbox 899 1551 969 1588; x_wconf 87' lang='lat' dir='ltr'>pro</span> <span class='ocrx_word' id='word_1_144' title='bbox 992 1539 1066 1588; x_wconf 89' lang='lat' dir='ltr'>piis</span> <span class='ocrx_word' id='word_1_145' title='bbox 1104 1539 1162 1578; x_wconf 89' lang='lat' dir='ltr'>sui</span> <span class='ocrx_word' id='word_1_146' title='bbox 1187 1541 1310 1577; x_wconf 87' lang='lat' dir='ltr'>culto·</span> 
     </span>
     <span class='ocr_line' id='line_1_21' title="bbox 198 1610 1308 1660; baseline -0.008 -3"><span class='ocrx_word' id='word_1_147' title='bbox 198 1620 301 1657; x_wconf 88' lang='lat' dir='ltr'>ribus</span> <span class='ocrx_word' id='word_1_148' title='bbox 328 1616 526 1654; x_wconf 86' lang='lat' dir='ltr'>vindictam</span> <span class='ocrx_word' id='word_1_149' title='bbox 559 1621 696 1651; x_wconf 85' lang='lat' dir='ltr'>sumet.</span> <span class='ocrx_word' id='word_1_150' title='bbox 723 1633 776 1641; x_wconf 97' lang='lat'>—</span> <span class='ocrx_word' id='word_1_151' title='bbox 798 1610 878 1660; x_wconf 90' lang='lat' dir='ltr'>Jam</span> <span class='ocrx_word' id='word_1_152' title='bbox 913 1620 1001 1647; x_wconf 89' lang='lat' dir='ltr'>vero</span> <span class='ocrx_word' id='word_1_153' title='bbox 1037 1610 1124 1647; x_wconf 89' lang='lat' dir='ltr'>haec</span> <span class='ocrx_word' id='word_1_154' title='bbox 1148 1620 1225 1647; x_wconf 91' lang='lat' dir='ltr'>non</span> <span class='ocrx_word' id='word_1_155' title='bbox 1256 1610 1308 1648; x_wconf 90' lang='lat' dir='ltr'>ita</span> 
     </span>
     <span class='ocr_line' id='line_1_22' title="bbox 200 1680 1311 1737; baseline -0.007 -10"><span class='ocrx_word' id='word_1_156' title='bbox 200 1687 411 1737; x_wconf 80' lang='lat' dir='ltr'>accipienda</span> <span class='ocrx_word' id='word_1_157' title='bbox 437 1696 540 1731; x_wconf 89' lang='lat' dir='ltr'>esse,</span> <span class='ocrx_word' id='word_1_158' title='bbox 567 1694 607 1721; x_wconf 88' lang='lat' dir='ltr'>ac</span> <span class='ocrx_word' id='word_1_159' title='bbox 637 1682 668 1720; x_wconf 90' lang='lat' dir='ltr'>si</span> <span class='ocrx_word' id='word_1_160' title='bbox 703 1682 840 1720; x_wconf 86' lang='lat' dir='ltr'>Paulus</span> <span class='ocrx_word' id='word_1_161' title='bbox 877 1680 1113 1719; x_wconf 88' lang='lat' dir='ltr'>Christianos</span> <span class='ocrx_word' id='word_1_162' title='bbox 1135 1681 1311 1730; x_wconf 89' lang='lat' dir='ltr'>jussisset</span> 
     </span>
     <span class='ocr_line' id='line_1_23' title="bbox 199 1751 1307 1805; baseline -0.005 -8"><span class='ocrx_word' id='word_1_163' title='bbox 199 1759 322 1797; x_wconf 86' lang='lat' dir='ltr'>omnia</span> <span class='ocrx_word' id='word_1_164' title='bbox 360 1757 497 1805; x_wconf 81' lang='lat' dir='ltr'>injusta</span> <span class='ocrx_word' id='word_1_165' title='bbox 535 1754 638 1803; x_wconf 83' lang='lat' dir='ltr'>pati,</span> <span class='ocrx_word' id='word_1_166' title='bbox 667 1761 703 1790; x_wconf 89' lang='lat' dir='ltr'>et</span> <span class='ocrx_word' id='word_1_167' title='bbox 746 1763 936 1800; x_wconf 90' lang='lat' dir='ltr'>nunquam</span> <span class='ocrx_word' id='word_1_168' title='bbox 975 1753 1071 1789; x_wconf 90' lang='lat' dir='ltr'>malo</span> <span class='ocrx_word' id='word_1_169' title='bbox 1112 1751 1307 1800; x_wconf 86' lang='lat' dir='ltr'>resistere,</span> 
     </span>
    </p>

    <p class='ocr_par' dir='ltr' id='par_1_4' title="bbox 197 1821 1311 1932">
     <span class='ocr_line' id='line_1_24' title="bbox 197 1821 1107 1876; baseline -0.008 -10"><span class='ocrx_word' id='word_1_170' title='bbox 197 1828 316 1876; x_wconf 86' lang='lat' dir='ltr'>liquet</span> <span class='ocrx_word' id='word_1_171' title='bbox 347 1838 394 1865; x_wconf 86' lang='lat' dir='ltr'>ex</span> <span class='ocrx_word' id='word_1_172' title='bbox 426 1826 498 1872; x_wconf 84' lang='lat' dir='ltr'>iis,</span> <span class='ocrx_word' id='word_1_173' title='bbox 540 1833 635 1872; x_wconf 89' lang='lat' dir='ltr'>quae</span> <span class='ocrx_word' id='word_1_174' title='bbox 664 1824 736 1873; x_wconf 86' lang='lat' dir='ltr'>jam</span> <span class='ocrx_word' id='word_1_175' title='bbox 774 1821 956 1860; x_wconf 89' lang='lat' dir='ltr'>monenda</span> <span class='ocrx_word' id='word_1_176' title='bbox 990 1830 1107 1860; x_wconf 80' lang='lat' dir='ltr'>sunt:</span> 
     </span>
     <span class='ocr_line' id='line_1_25' title="bbox 1135 1892 1311 1932; baseline -0.011 -1"><span class='ocrx_word' id='word_1_177' title='bbox 1135 1904 1176 1931; x_wconf 89' lang='lat'>2.</span> <span class='ocrx_word' id='word_1_178' title='bbox 1205 1892 1311 1932; x_wconf 87' lang='lat' dir='ltr'>Con-</span> 
     </span>
    </p>
   </div>
   <div class='ocr_carea' id='block_1_4' title="bbox 198 2021 1307 2237">
    <p class='ocr_par' dir='ltr' id='par_1_5' title="bbox 198 2021 1307 2237">
     <span class='ocr_line' id='line_1_26' title="bbox 235 2021 1305 2067; baseline -0.007 -8"><span class='ocrx_word' id='word_1_179' title='bbox 235 2030 291 2067; x_wconf 68' lang='lat'>(1)</span> <span class='ocrx_word' id='word_1_180' title='bbox 311 2029 390 2059; x_wconf 82' lang='lat' dir='ltr'>esrr.</span> <span class='ocrx_word' id='word_1_181' title='bbox 417 2034 493 2063; x_wconf 76' lang='lat' dir='ltr'>quae</span> <span class='ocrx_word' id='word_1_182' title='bbox 525 2024 643 2054; x_wconf 87' lang='lat' dir='ltr'>monuit</span> <span class='ocrx_word' id='word_1_183' title='bbox 676 2025 727 2053; x_wconf 87' lang='lat' dir='ltr'>Cl.</span> <span class='ocrx_word' id='word_1_184' title='bbox 759 2031 833 2052; x_wconf 85' lang='lat' dir='ltr'>van</span> <span class='ocrx_word' id='word_1_185' title='bbox 865 2023 1034 2057; x_wconf 78' lang='lat' dir='ltr'>Henge1‚</span> <span class='ocrx_word' id='word_1_186' title='bbox 1067 2021 1100 2051; x_wconf 85' lang='lat' dir='ltr'>in</span> <span class='ocrx_word' id='word_1_187' title='bbox 1130 2023 1305 2053; x_wconf 81' lang='lat' dir='ltr'>Comment.</span> 
     </span>
     <span class='ocr_line' id='line_1_27' title="bbox 200 2079 1307 2121; baseline -0.006 -6"><span class='ocrx_word' id='word_1_188' title='bbox 200 2086 337 2121; x_wconf 79' lang='lat' dir='ltr'>egregia,</span> <span class='ocrx_word' id='word_1_189' title='bbox 366 2084 536 2119; x_wconf 87' lang='lat' dir='ltr'>dignaque,</span> <span class='ocrx_word' id='word_1_190' title='bbox 562 2089 638 2118; x_wconf 86' lang='lat' dir='ltr'>quae</span> <span class='ocrx_word' id='word_1_191' title='bbox 662 2081 794 2110; x_wconf 86' lang='lat' dir='ltr'>omnium</span> <span class='ocrx_word' id='word_1_192' title='bbox 821 2079 904 2110; x_wconf 84' lang='lat' dir='ltr'>Novi</span> <span class='ocrx_word' id='word_1_193' title='bbox 928 2079 1074 2108; x_wconf 84' lang='lat' dir='ltr'>Foederis</span> <span class='ocrx_word' id='word_1_194' title='bbox 1103 2079 1307 2114; x_wconf 79' lang='lat' dir='ltr'>Interpretum</span> 
     </span>
     <span class='ocr_line' id='line_1_28' title="bbox 198 2136 1298 2176; baseline -0.007 -4"><span class='ocrx_word' id='word_1_195' title='bbox 198 2143 335 2172; x_wconf 79' lang='lat' dir='ltr'>manibus</span> <span class='ocrx_word' id='word_1_196' title='bbox 368 2148 501 2176; x_wconf 80' lang='lat' dir='ltr'>teratur,</span> <span class='ocrx_word' id='word_1_197' title='bbox 528 2148 599 2169; x_wconf 76' lang='lat' dir='ltr'>over</span> <span class='ocrx_word' id='word_1_198' title='bbox 632 2139 688 2167; x_wconf 74' lang='lat' dir='ltr'>den</span> <span class='ocrx_word' id='word_1_199' title='bbox 723 2137 846 2167; x_wconf 77' lang='lat' dir='ltr'>s&#39;nvloed</span> <span class='ocrx_word' id='word_1_200' title='bbox 873 2146 933 2166; x_wconf 71' lang='lat' dir='ltr'>vem</span> <span class='ocrx_word' id='word_1_201' title='bbox 972 2137 1024 2164; x_wconf 74' lang='lat' dir='ltr'>het</span> <span class='ocrx_word' id='word_1_202' title='bbox 1060 2136 1211 2164; x_wconf 80' lang='lat' dir='ltr'>karakter</span> <span class='ocrx_word' id='word_1_203' title='bbox 1242 2137 1298 2164; x_wconf 79' lang='lat' dir='ltr'>der</span> 
     </span>
     <span class='ocr_line' id='line_1_29' title="bbox 198 2193 1305 2237; baseline -0.005 -9"><span class='ocrx_word' id='word_1_204' title='bbox 198 2201 362 2237; x_wconf 75' lang='lat' dir='ltr'>Apostelen</span> <span class='ocrx_word' id='word_1_205' title='bbox 396 2205 429 2235; x_wconf 83' lang='lat' dir='ltr'>op</span> <span class='ocrx_word' id='word_1_206' title='bbox 465 2197 563 2224; x_wconf 77' lang='lat' dir='ltr'>bunne</span> <span class='ocrx_word' id='word_1_207' title='bbox 598 2195 778 2232; x_wconf 71' lang='lat' dir='ltr'>Schriften,</span> <span class='ocrx_word' id='word_1_208' title='bbox 805 2202 874 2230; x_wconf 78' lang='lat' dir='ltr'>pag.</span> <span class='ocrx_word' id='word_1_209' title='bbox 911 2203 960 2231; x_wconf 78' lang='lat'>24.</span> <span class='ocrx_word' id='word_1_210' title='bbox 998 2193 1030 2222; x_wconf 82' lang='lat' dir='ltr'>in</span> <span class='ocrx_word' id='word_1_211' title='bbox 1065 2193 1192 2224; x_wconf 70' lang='lat' dir='ltr'>Dissert.</span> <span class='ocrx_word' id='word_1_212' title='bbox 1230 2194 1305 2225; x_wconf 83' lang='lat' dir='ltr'>Soc.</span> 
     </span>
    </p>
   </div>
   <div class='ocr_carea' id='block_1_5' title="bbox 200 2253 628 2294">
    <p class='ocr_par' dir='ltr' id='par_1_6' title="bbox 200 2253 628 2294">
     <span class='ocr_line' id='line_1_30' title="bbox 200 2253 628 2294; baseline -0.009 -8"><span class='ocrx_word' id='word_1_213' title='bbox 200 2259 297 2294; x_wconf 75' lang='lat' dir='ltr'>Teyl</span> <span class='ocrx_word' id='word_1_214' title='bbox 310 2265 325 2285; x_wconf 79' lang='lat' dir='ltr'>e</span> <span class='ocrx_word' id='word_1_215' title='bbox 339 2265 372 2292; x_wconf 76' lang='lat' dir='ltr'>t,</span> <span class='ocrx_word' id='word_1_216' title='bbox 394 2256 482 2284; x_wconf 78' lang='lat' dir='ltr'>Tom-</span> <span class='ocrx_word' id='word_1_217' title='bbox 505 2253 628 2283; x_wconf 77' lang='lat' dir='ltr'>xxvu.</span> 
     </span>
    </p>
   </div>
  </div>
 </body>
</html>
