1538 2689
293 163 316 198 6
577 159 1129 201 PROOEMIUM.

288 279 501 320 persecutus
524 278 603 317 est,
630 273 854 319 summopere
881 267 1020 307 Ordim‘
1040 270 1215 322 probavit
1228 284 1245 320 ,·
1272 270 1311 308 in
1333 280 1406 318 qua

292 349 415 378 tamen
429 339 751 378 Commentatione
764 339 869 377 Ordo
895 339 1117 378 desideravit
1139 340 1330 378 doctrinae
1343 350 1411 378 co—

292 410 414 459 piam,
450 409 612 448 criticam
634 410 815 448 rationem
839 410 1071 458 probamque
1100 409 1303 448 orationem
1327 409 1411 448 lati·

292 493 373 521 nam
390 493 401 519 2
419 492 510 529 quas
531 480 580 518 ob
592 492 721 519 causas
734 481 807 520 hoc
818 481 998 529 scriptum
1012 483 1175 530 praemio
1194 482 1315 520 ornari
1329 479 1407 519 non

293 553 441 601 potuit3
457 554 522 591 sed
543 553 622 601 eJus
646 551 937 601 inscriptionem¹
954 552 1106 600 publice
1130 551 1411 600 praelegendam

293 633 376 669 esse
410 622 596 661 duxerunt
632 622 785 660 Ordinis
819 621 1074 662 Professores.
1137 623 1272 671 Nuper
1309 621 1408 660 Phil.

294 693 440 731 Theor.
465 701 501 731 et
524 693 646 732 Liter.
671 692 788 732 Hum.
807 694 846 731 in
868 693 1065 731 Academia
1087 691 1411 741 Rheno-Traiec-

292 763 371 802 tina
397 764 502 802 Ordo
517 791 531 811 ,
561 775 676 812 quum
702 765 920 802 Batavarum
944 763 1226 809 Academiarum
1251 760 1410 799 alumnis

295 837 525 888 occasionem
540 835 778 884 praebiturus
790 844 888 873 esset
901 833 1140 872 elaborandae
1152 833 1309 882 alicujus
1326 844 1411 880 par-

295 906 343 943 tis
374 918 393 943 e
419 906 650 944 Graecorum
673 905 851 953 historia,
882 905 1041 943 similem
1070 905 1122 942 illi
1149 903 1411 952 quaestionem

293 975 524 1024 proposuit3
555 987 648 1023 quae
676 987 796 1023 vero,
823 985 866 1013 ut
903 975 1103 1027 sororibus
1135 985 1204 1012 nec
1235 974 1407 1019 diversa,

294 1056 364 1082 nec
394 1054 514 1083 tamen
540 1057 636 1093 una,
666 1056 748 1084 esse
778 1046 874 1083 solet
903 1045 1043 1093 facies,
1070 1045 1110 1082 in
1140 1043 1330 1082 nonnullis
1361 1043 1408 1080 ab

296 1126 336 1153 ea
367 1115 567 1163 discrepat.
648 1115 858 1154 Postulavit
901 1114 999 1153 enim
1035 1123 1077 1153 ut
1119 1114 1270 1152 Periclis
1303 1113 1408 1159 vita,

295 1196 340 1241 ex
367 1185 459 1234 ipsis
491 1185 685 1232 fontibus,
713 1186 871 1224 maxime
902 1186 1126 1231 Plutarcho,
1153 1185 1266 1232 petita
1293 1195 1410 1231 expo-

294 1265 472 1303 neretur3
511 1256 571 1293 cui
609 1264 782 1303 tanquam
817 1255 1057 1293 fundamento
1089 1262 1410 1301 superstrueretur

291 1326 362 1365 viri
407 1325 712 1364 characterismus
753 1333 866 1372 atque
902 1324 1128 1373 inquisitio,
1166 1332 1289 1361 utrum
1328 1324 1408 1373 ejus

289 1396 444 1445 politica
478 1395 633 1433 consilia
662 1395 950 1433 Atheniensium
987 1394 1132 1432 civitati
1156 1404 1270 1442 atque
1294 1395 1412 1443 impe-

289 1468 346 1505 rio
372 1465 607 1515 profuerint,
635 1477 682 1504 an
706 1466 920 1504 nocuerint.

339 1536 680 1575 Commentationis
706 1536 821 1585 igitur
846 1535 1081 1583 partitionem
1109 1547 1130 1572 a
1154 1534 1405 1572 Nobilissimo

287 1607 428 1645 Ordine
454 1608 526 1656 Jam
565 1607 760 1645 indicatam
798 1615 998 1655 putantes,
1043 1606 1201 1653 opellam
1236 1611 1404 1643 nostram

285 1678 324 1715 in
359 1687 434 1716 tres
467 1677 651 1716 sectiones
690 1677 978 1724 distribuimus;
1010 1687 1164 1723 quarum
1196 1675 1316 1723 prima
1341 1676 1409 1713 Pe-

285 1748 386 1786 riclis
423 1748 569 1796 vitam,
621 1750 733 1786 altera
775 1748 845 1785 viri
886 1747 1243 1794 characterismum,
1297 1745 1404 1784 tertia

285 1818 571 1865 inquisitionem
595 1817 634 1855 in
661 1819 742 1867 ejus
770 1820 953 1858 πολιτείαν
975 1816 1195 1855 continebit.
1224 1816 1406 1864 Adjectae

285 1897 374 1925 sunt
409 1887 732 1934 Observationes,
763 1889 903 1934 quibus
935 1888 980 1924 de
1004 1887 1077 1923 illis
1118 1885 1405 1934 quaestionibus

284 1959 432 2008 agitur,
472 1969 629 2005 quarum
663 1957 815 1996 uberior
846 1957 1014 1995 tractatio
1049 1956 1315 2003 disputationis
1344 1966 1405 1992 or-

285 2029 406 2066 dinem
448 2028 727 2077 impedivisset3
788 2037 822 2065 e.
854 2038 892 2076 g.
932 2019 978 2064 de
1006 2026 1128 2074 longis
1172 2026 1402 2079 Athenarum

283 2100 428 2146 muris,
457 2100 502 2138 de
526 2098 676 2138 Periclis
704 2109 847 2145 uxore,
874 2105 948 2136 cet.
1002 2096 1146 2134 Harum
1174 2094 1402 2144 opportuni-

283 2178 357 2206 tate
389 2178 575 2216 praeterea
600 2181 692 2207 usus
719 2180 802 2207 sum
822 2197 837 2215 ‚
862 2169 908 2206 ad
933 2167 1194 2216 exponendum
1222 2166 1402 2203 nonnulla

283 2240 326 2276 de
365 2238 452 2277 vitis
491 2251 645 2288 eorum,
672 2240 896 2287 quibuscum
931 2237 1064 2277 Pericli
1095 2238 1247 2285 aliquod
1275 2246 1404 2274 neces-

1311 2314 1406 2343 situ·
