1564 2750
440 137 946 179 LITERARIA.

1191 156 1259 194 133

148 247 244 287 nihil
285 247 370 286 mali
414 256 543 286 contra
595 248 841 287 Athenienses
893 257 1056 293 struere*
1087 261 1258 298 possent.

148 318 249 368 Quis
296 318 410 366 igitur
459 317 592 357 Pericli
637 319 778 356 tristem
824 319 935 369 hujtrs
991 320 1076 357 belli
1116 320 1259 358 exitum

149 386 383 436 imputabit,
423 399 537 435 quum
575 398 746 436 constet,
772 390 1019 428 Athenienses
1058 400 1147 438 post
1182 392 1260 440 ejus

149 466 307 496 mortem
336 457 561 496 contrarium
594 459 726 497 fecisse
757 471 909 506 eorum,
939 471 1033 507 quae
1057 460 1151 508 ipsis
1178 473 1262 498 sua-

149 527 279 567 serat?
332 528 430 566 Tum
480 528 574 567 bella
622 541 691 578 pro
737 529 883 575 lubitu,
939 539 1051 578 atque
1104 531 1259 568 arbitrio

147 597 406 647 improborum
440 600 737 648 Demagogorum
775 608 972 648 suscepta,
1025 611 1067 637 ae
1116 611 1261 649 pertur-

146 666 249 706 batio
304 667 343 706 in
394 669 596 716 omnibus,
653 681 768 717 quum
821 670 953 717 civili,
1001 680 1079 709 tum
1132 671 1260 709 bellica

145 739 213 786 re,
235 746 334 776 tanta
356 737 456 787 fuit,
494 748 536 777 ut
558 740 772 787 Kampenus
801 740 853 777 V.
881 740 983 778 Clar.
1005 768 1018 787 ‚
1043 741 1134 779 haee
1176 753 1259 778 om—

147 807 209 846 nia
245 809 508 858 expositurus,
560 821 581 847 a
623 810 901 859 ChronologIca
937 810 1077 848 ratione
1118 811 1260 849 disces-

148 878 267 926 serit,
299 890 370 927 ne,
396 879 717 917 innumerabilium
744 880 1019 928 expeditionum
1060 881 1141 917 sine
1181 882 1257 918 ulio

148 947 309 987 consilio
336 958 588 998 susceptarum
624 950 862 996 narratione,
886 948 1074 987 fastidium
1109 951 1257 987 lectori-

149 1017 222 1057 bus
255 1027 433 1056 moveret.
810 1019 811 1022 ’
1145 1023 1148 1027 “

413 1139 973 1157 ———-—--————————

195 1230 259 1270 Ad
298 1229 410 1267 finem
446 1228 559 1277 igitur
587 1229 803 1277 perduxisse
839 1228 928 1266 mihi
964 1230 1092 1268 videor
1127 1242 1251 1279 opus,

146 1301 279 1349 quod,
304 1291 589 1337 aNobilissima
616 1299 804 1336 Facultate
825 1299 1027 1347 invitatus,
1055 1300 1254 1349 aggressus

146 1381 272 1418 eram3
305 1377 374 1417 ut,
398 1369 564 1417 exposita
588 1369 738 1406 Periclis
763 1370 838 1406 vita
860 1378 896 1406 et
932 1371 1140 1420 dijudicatis
1175 1374 1254 1422 ejus

145 1441 296 1490 ingenio
325 1448 360 1478 et
393 1439 539 1486 indole,
570 1451 683 1477 meam
709 1441 1003 1488 qualemcunque
1037 1438 1253 1480 sententiam

144 1511 302 1549 dicerem
339 1510 384 1548 de
420 1508 581 1558 politicis
617 1511 694 1559 eJ'us
733 1510 915 1547 consiliis.
969 1512 1047 1560 Jam
1086 1524 1174 1550 vero
1220 1513 1257 1550 in

147 1580 320 1630 plurimis
357 1579 528 1618 existimo
554 1579 717 1617 omnium
743 1580 914 1618 laudibus
948 1581 1099 1629 dignum
1139 1582 1258 1621 fuisse

148 1652 348 1698 Periclem,
410 1650 510 1698 quod
547 1661 591 1686 eo
628 1650 875 1688 confidentius
917 1649 1035 1690 facere
1072 1664 1256 1700 possum,

149 1732 227 1770 quo
261 1721 387 1769 plures
421 1731 565 1768 semper
597 1719 780 1766 fuerunt,
808 1721 871 1768 qui
913 1721 1010 1759 hunc
1046 1722 1165 1759 vitum
1197 1724 1258 1760 ad-

148 1791 365 1832 mirarentur
390 1818 404 1838 ,
470 1801 622 1838 quoque
670 1790 865 1838 pauciores
898 1794 977 1837 ·qui
1028 1802 1255 1831 accusarent.

1274 204 1374 234 sectio
1387 204 1439 235 11¹1.
1450 201 1479 242 ξ
1499 209 1527 235 3..

148 1861 301 1899 Illorum
349 1861 387 1899 in
435 1871 585 1899 censum
626 1860 748 1908 primo
787 1861 942 1899 veniunt
979 1863 1058 1911 ejus
1099 1865 1284 1910 popula->

147 1942 234 1980 res;
260 1942 418 1979 quorum
446 1930 615 1979 plerique
650 1942 726 1968 non
761 1940 902 1969 tantum
928 1932 1054 1970 vivum
1084 1934 1257 1971 omnibus

148 2001 356 2039 honoribus
395 2001 584 2050 prosecuti
623 2011 712 2038 sunt
737 2000 831 2049 (03
863 2003 926 2040 sed
951 2012 1098 2040 mortuo
1125 2003 1255 2040 statuis

1190 2084 1256 2120 ΡΟ·

187 2169 240 2208 (ι)
259 2173 327 2201 Val.
348 2172 433 2201 Max.
454 2172 490 2200 11.
513 2175 543 2202 6.
566 2173 596 2210 S.
620 2182 649 2206 5.
682 2172 809 2201 Extern.
833 2188 867 2195 —
889 2173 1034 2203 Themist.
1068 2175 1150 2202 Orat.
1174 2175 1252 2202 XVI.

148 2237 179 2264 p.
202 2237 270 2258 ποι.
291 2229 332 2258 Ι).
355 2230 447 2258 conf.
471 2232 548 2259 sect.
573 2230 617 2260 11.
641 2226 669 2267 §.
694 2240 717 2261 1.
739 2238 805 2259 not.
828 2240 856 2265 3.
