1523 2745
267 172 315 214 54
503 162 1170 205 COMMENTATIO

270 275 471 320 tribuerat,
515 272 701 319 religionis
730 271 866 320 patriae
903 282 1052 309 severus
1095 273 1232 309 vindex
1276 271 1374 319 (1),

271 345 382 383 sicuti
421 351 536 390 patet¹
561 351 637 379 tum
665 353 707 379 ex
744 341 788 378 iis
827 353 920 388 quae
957 341 1171 379 Plutarchus
1219 341 1258 378 in
1295 342 1376 379 Per.

274 427 335 463 32.
369 412 503 459 tradit,
544 420 623 449 tum
665 421 752 448 vero
791 422 835 447 ex
882 410 1040 448 Socratis
1072 410 1376 459 judicio‚'quem

273 483 370 532 apud
408 482 587 520 Heliastas
625 491 770 518 causam
803 480 945 528 egisse,
985 480 1047 516 vix
1081 481 1194 516 ullum
1224 479 1387 516 dubium:

274 561 433 590 remanet
458 551 540 598 (2).
576 570 632 579 —
659 549 746 586 Sola
776 549 889 596 igitur
910 548 1046 597 judicia
1074 549 1118 586 de
1147 548 1256 585 rebus
1279 547 1377 595 capi÷

269 622 406 660 talibus
443 621 615 668 quaedam
651 630 762 666 penes
793 619 1028 666 Areopagum
1063 618 1282 655 remansisse
1308 615 1379 665 (3)
1432 666 1437 670 .

273 692 471 737 videntur,
507 688 701 737 splendido
737 689 860 735 legum
886 687 1052 726 custodis
1095 687 1243 724 nomine
1269 686 1382 724 desti·-

275 769 396 799 tutum
429 769 466 798 et
500 757 637 808 prioris
669 756 897 796 auctoritatis
931 756 994 794 vix
1023 755 1189 794 umbram
1221 754 1384 794 referen-

277 839 365 870 tem.

763 946 803 995 §-
857 950 894 985 8.

327 1082 447 1131 Supra
484 1080 705 1118 mentionem
738 1079 892 1118 fecimus
931 1079 1022 1128 legis
1062 1091 1082 1117 a
1120 1078 1258 1118 Pericle
1291 1061 1383 1116 latae

276 1152 320 1190 de
351 1150 511 1188 civitatis
544 1151 627 1198 jure
660 1149 796 1186 nemini
818 1149 1082 1200 concedendo,
1122 1150 1192 1186 nisi
1223 1148 1288 1197 qui
1321 1161 1386 1197 pa,-

277 1229 368 1258 trem
401 1230 436 1257 et
471 1227 617 1257 matrem
646 1219 796 1256 haberet
820 1218 922 1256 cives
949 1210 1098 1257 Atticos
1119 1220 1202 1268 (4).
1245 1208 1299 1264 Ea
1326 1205 1384 1256 lei<

276 1289 395 1338 prima
411 1289 534 1336 specie
559 1288 647 1324 dura
675 1287 823 1325 videtur
851 1296 886 1324 et
900 1277 1116 1325 inhumana:
1139 1299 1267 1326 verum
1293 1277 1388 1338 diju-

276 1359 427 1398 dicanda
465 1369 486 1395 e
518 1356 683 1394 molibus
720 1346 997 1404 institutisque¹
1021 1366 1182 1398 veterum
1224 1339 1385 1417 populo*-

279 1440 384 1475 rum,
422 1428 521 1475 apud
558 1438 652 1474 quos
690 1425 850 1463 civitatis
893 1428 973 1475 jura
1008 1426 1126 1465 fuisse
1163 1439 1385 1487 permagna,

279 1499 459 1536 neminem
495 1499 599 1535 latet.
649 1496 691 1533 In
716 1495 929 1543 primordiis
952 1497 1112 1534 civitatis
1144 1498 1291 1537 Atticae
1334 1486 1389 1537 fa-

279 1569 348 1607 cile
378 1567 561 1617 peregrini
586 1566 750 1604 civitatis
782 1566 864 1616 jure
897 1566 1128 1604 donabantur
1149 1568 1244 1616 (5),
1286 1555 1389 1627 quod

1300 1651 1388 1687 pos-

320 1708 371 1746 (ι)
393 1709 538 1741 Harpocr.
561 1702 735 1742 ἐπιθέτους
760 1702 890 1745 {opu-iae.
917 1708 1048 1736 Pertinet
1074 1709 1152 1743 huc,
1182 1710 1264 1744 quod
1292 1718 1391 1740 narrat

283 1764 351 1793 Cic.
369 1765 406 1792 de
421 1763 490 1792 Div.
507 1764 532 1793 Ι.
550 1773 598 1797 25·
621 1770 698 1791 extr.

317 1820 370 1857 (2)
393 1820 441 1849 Cf.
461 1828 518 1848 van
539 1819 734 1855 swinderen,
754 1821 796 1860 de„
818 1824 886 1850 sen.
907 1822 1022 1856 Areop.
1045 1829 1123 1850 auct.
1144 1822 1174 1850 in
1195 1824 1272 1852 Anu.
1293 1825 1386 1854 Acad.

283 1879 380 1907 Gron.
407 1881 486 1913 1819
503 1886 535 1912 p.
556 1885 600 1911 15.

320 1936 371 1970 (3)
393 1935 549 1962 Demosth.
575 1942 603 1962 c.
634 1934 780 1963 Aristocr.
826 1943 858 1969 p.
889 1936 957 1971 642.
989 1935 1106 1963 Pollux.
1132 1936 1211 1965 vul.
1246 1944 1312 1970 117·
1346 1954 1388 1962 ἣ

283 1994 391 2025 Meyer
407 1998 437 2019 et
452 1991 628 2019 Scliomann.
649 1991 708 2024 Op.
730 1992 750 2018 1.
769 2000 799 2025 p.
819 1999 894 2027 143,
915 1992 988 2019 haec
1003 2000 1125 2026 quoque
1142 1991 1252 2025 judicia
1269 2001 1285 2021 a
1296 1995 1388 2040 peri?

284 2052 330 2078 cle
350 2051 507 2083 Areopago
525 2055 627 2082 erepta
641 2048 837 2077 contendunt.
854 2050 893 2076 At
905 2049 973 2077 vrde
994 2048 1028 2077 C
1040 2049 1081 2094 Τ.
1096 2036 1386 2081 HermanniGriech.

286 2106 489 2135 staatsalterth
512 2106 534 2139 §
559 2114 622 2141 109..
644 2107 666 2134 6
708 2131 710 2134 ,
753 2133 755 2136 ,

325 2163 377 2200 (4)
397 2165 474 2192 Plut.
496 2163 564 2191 Per.
580 2171 613 2197 37
659 2160 916 2190 Aelinn0V1.10.

325 2219 375 2256 (ς)
399 2220 497 2247 Thuc.
518 2219 544 2248 Ι.
