1502 2767
418 170 1016 215 THEOLOGICA.
1213 181 1285 220 125

170 282 277 334 puli,
327 282 395 332 qui
428 281 516 320 olim
547 281 737 330 Europam
768 280 1007 326 habitarunt,
1047 287 1085 318 et
1123 292 1284 328 quorum

175 354 318 404 posteri
340 353 525 400 hodieque
543 353 608 390 has
635 361 748 390 terras
771 352 954 392 incolunt.
991 351 1046 390 Ita
1072 363 1154 390 sese
1172 351 1283 390 nobis

172 426 337 465 offerunt
361 424 501 464 Graeci
523 422 770 473 Romanique.
800 422 946 460 Horum
972 432 1060 459 sane
1082 422 1177 460 nulli
1204 434 1285 460 sese

172 496 459 542 commendant,
486 505 569 532 cum
600 494 850 538 attendamus,
879 504 964 538 eos,
989 492 1126 529 bellum
1158 502 1289 541 gessu-

175 578 268 614 ros,
294 566 475 613 interdum
511 564 595 603 Diis
624 564 794 601 homines
830 561 1055 601 sacrificasse
1081 561 1163 612 (ι).
1216 564 1288 601 Im-

173 649 299 676 manes
326 636 497 675 saevitiae
531 635 576 673 ab
606 635 826 673 Homero
854 643 1118 671 memorantur.
1169 624 1309 683 Aga-¹

172 717 426 754 memnon,
466 706 587 744 caedis
615 704 879 752 avidissimus,
920 703 1156 752 reprehendit
1190 703 1288 742 Me-

171 779 401 826 nelaum,
425 776 575 815 dicens:

203 910 206 911 ⁷
223 910 508 927 .....
559 885 644 932 μηδ’
666 882 784 923 ὅντινα
807 883 958 931 γαστέρι
984 885 1100 933 μήτηρ

227 960 354 1006 Κοῦρον
366 956 468 996 ἕόντοι
481 955 595 1003 φέροι,
618 954 702 1001 μηδ’
714 950 749 996 ὃς
761 953 892 1001 Φύγοι·
905 953 993 992 ἀλλ’
1004 951 1086 1000 ἅμα
1098 954 1235 999 πάντες

225 1019 341 1069 ἸλίουΓ
352 1025 581 1074 ἐξαπολοίατ’
605 1024 793 1069 ἀκήδεστοι
816 1022 875 1062 καὶ
902 1022 1060 1070 ἄφαντοι
1087 1022 1172 1072 (2).

178 1135 241 1177 En
267 1132 453 1174 Achil]
469 1130 546 1170 es!
576 1130 680 1168 Hec
697 1129 841 1168 toris
873 1130 1029 1168 cadaver
1051 1129 1129 1169 dire
1150 1130 1293 1181 violat,

178 1215 216 1245 et
251 1206 289 1244 in
322 1214 447 1253 pugna
481 1201 575 1240 nulli
612 1200 774 1250 supplici
805 1200 922 1249 parcit
935 1228 948 1248 ‚
987 1200 1060 1240 nisi
1095 1201 1292 1241 duodecim

177 1275 405 1328 Juvenibus,
434 1284 530 1321 quos
557 1272 595 1309 in
624 1282 718 1319 rogo
758 1271 783 1309 P
799 1282 817 1308 a
831 1279 846 1308 t
861 1283 879 1308 r
893 1282 915 1308 o
931 1270 1003 1308 cl
993 1282 1005 1308 1
1044 1281 1180 1310 mactat
1207 1274 1293 1324 (3).

184 1345 314 1385 Talem
325 1344 474 1382 heroem
489 1342 528 1379 H
543 1353 564 1379 o
579 1353 613 1378 m
628 1353 648 1379 e
659 1353 677 1378 r
690 1353 714 1378 u
728 1352 745 1378 5
770 1340 938 1389 depinxit
952 1371 964 1389 ‚
983 1354 1091 1389 quam
1105 1344 1292 1385 diversum

181 1431 203 1458 a
239 1418 277 1456 G
294 1429 316 1455 ο
330 1425 344 1453 t
358 1416 382 1454 h
398 1425 420 1452 o
433 1413 478 1451 fr
492 1425 510 1450 e
522 1414 546 1451 d
558 1424 580 1449 o
592 1440 604 1458 ‚
631 1411 721 1449 forti
737 1411 801 1449 illo
832 1423 872 1449 ac
892 1412 1078 1461 intrepido
1089 1441 1102 1460 ‚
1131 1415 1294 1457 humano

155 1481 163 1484 ,
184 1497 306 1528 autem
332 1498 373 1525 ac
395 1483 659 1523 innocentibus
685 1482 874 1531 parcenti,
900 1483 1044 1530 qualem
1072 1484 1183 1524 nobis
1208 1499 1298 1536 pm,

182 1559 314 1611 posuit
340 1555 506 1595 Tasso
533 1553 621 1603 (4).
647 1575 701 1583 —
726 1552 940 1591 Nonnullae
959 1552 1123 1593 feritates
1145 1556 1183 1594 in
1205 1571 1297 1607 pro-

184 1628 311 1670 verbia
339 1626 438 1675 apud
462 1624 629 1664 Graecos
655 1622 851 1671 abierunt3
881 1622 931 1661 ita
956 1635 1001 1663 ex
1026 1629 1298 1669 consuetudine

1192 1702 1294 1748 apud
1308 1741 1311 1744 ,

224 1811 277 1849 (ι)
299 1811 352 1841 cf.
373 1811 412 1840 de
440 1811 590 1845 Graecis,
609 1810 637 1846 J.
659 1811 687 1848 J.
711 1811 994 1846 Barthelemy‚
1025 1812 1124 1841 Refze
1150 1823 1211 1843 van
1239 1814 1298 1844 den

178 1868 538 1906 jongewAnacharsiffi
572 1868 646 1896 door
677 1868 910 1904 Grtekenland,
939 1869 1038 1904 (vert.
1067 1871 1113 1898 M.
1143 1870 1298 1909 Stuart,

184 1931 284 1956 Amst.
316 1928 400 1956 1826.
429 1928 522 1954 altera
546 1924 640 1962 edit.)
670 1925 748 1953 Deel
773 1933 802 1954 2.
834 1925 979 1956 l-Ioofdst.
1001 1936 1049 1958 21.
1079 1928 1116 1957 B.
1138 1928 1180 1957 D.
1201 1938 1231 1966 4.
1253 1930 1294 1960 H.

185 1986 233 2018 36.
261 1983 295 2011 E.
327 1985 363 2012 D.
397 1990 425 2016 5-
464 1982 502 2009 H.
541 1990 590 2014 52.
621 1983 658 2010 Β.
697 1989 726 2009 et
755 1981 792 2009 de
822 1982 982 2011 Romanis.
1018 1985 1172 2021 Stuart,
1206 1987 1295 2016 Rom.

187 2041 317 2074 Gesch„
339 2040 400 2071 111.
422 2048 454 2074 p.
478 2048 546 2077 349.
568 2048 636 2075 443.
658 2039 716 2067 1V.
737 2042 862 2072 4.158.

222 2098 274 2136 (α)
295 2098 392 2126 Iliad.
414 2097 472 2127 VI.
494 2099 620 2131 58—60.
642 2096 685 2125 cf.
708 2103 739 2125 et
760 2096 803 2125 11.
823 2105 898 2131 355,
921 2099 991 2132 356.

222 2155 273 2192 (3)
295 2155 390 2183 Iliad
410 2154 479 2184 XXI
498 2161 528 2182 et
548 2155 649 2184 XXII.

221 2213 277 2250 (4)
299 2212 363 2241 Cf.
375 2210 734 2246 Chateaubriand,
757 2211 903 2242 Schoonh.
925 2211 975 2239 aes
999 2211 1179 2242 ehrisrend.
1199 2212 1246 2243 11.
1266 2222 1301 2249 p.

184 2270 308 2303 5--60.
