1507 2876
1207 149 1260 177 lx

152 261 312 311 liceat,
344 259 511 299 bellum
528 271 695 311 gerere
713 285 724 305 ,
755 269 834 296 nec
855 256 939 295 ne?
1005 252 1177 302 Quodsi
1201 253 1264 297 li-

153 333 294 373 citum
317 330 629 380 existimetur,
661 328 953 383 inquiratur,
979 329 1185 379 quatenus
1209 325 1265 363 de

154 403 268 445 bello
291 403 500 457 gerundo
527 401 757 440 hominum
781 398 1028 439 sententias
1053 397 1268 436 emenda-

155 475 277 518 verit
304 473 517 515 doctriua
544 471 799 526 Religionis
829 469 1153 510 Christianae?

385 604 697 656 QUAESTIcv
724 605 758 647 Ι
761 603 879 647 UBI
879 603 958 646 DI
963 601 1046 644 cA.

210 725 297 767 Ad
321 740 506 766 examen
537 730 804 765 revocentur
828 727 1126 776 argumenta,
1156 734 1271 775 quae

159 798 224 838 ad
244 799 368 851 leges
394 796 770 837 commendandas
793 809 821 833 a
861 800 1080 843 eruntur,
1111 791 1274 847 quibus

160 868 252 910 sive
269 867 466 921 officinae
482 875 527 908 et
540 867 862 921 agriculturae
882 866 1075 905 tuendae
1090 878 1251 904 caussa
1262 893 1274 912 ‚

162 940 255 982 sive
282 955 336 980 ne
368 946 602 980 certarum
632 952 790 978 rerum
817 936 949 990 copia
976 935 1118 984 desit,
1153 949 1277 975 mer-

162 1011 282 1050 cium
314 1024 416 1050 cum
447 1009 715 1062 importatio
742 1001 1128 1060 tum-exportatio
1158 1021 1285 1060 gra-⁷

160 1088 299 1124 vatur
327 1083 400 1124 vel
419 1079 709 1135 prohibetur.

419 1212 730 1266 QUAESTIO
758 1210 1024 1254 MEDICA.

226 1332 459 1390 Quaenam
488 1333 764 1373 mutationes
783 1330 1111 1386 pathologicae
1142 1331 1280 1370 indu-

170 1417 338 1452 cuntur
349 1409 565 1451 Arteriis
586 1424 675 1463 per
689 1405 962 1463 Ligaturam?
1023 1407 1176 1456 Hinc,
1199 1420 1281 1445 ex-

166 1482 334 1537 positis
358 1482 503 1523 variis
532 1496 631 1520 eam
663 1480 934 1519 instituendi
963 1478 1130 1529 modis,
1172 1477 1284 1533 quid

168 1554 343 1609 singuli
366 1554 571 1603 valeant,
602 1552 920 1595 concludatur.
973 1579 975 1581 -

378 1684 689 1737 QUAESTIO
717 1684 791 1727 LI
792 1682 1087 1729 TERARIA.

232 1804 348 1845 Vita
369 1804 596 1855 Periclis,
628 1819 680 1845 ex
700 1804 814 1858 ipsis
824 1803 1058 1859 fontibus,
1087 1801 1281 1843 maxime

171 1876 456 1927 Plutarcho,
476 1876 645 1930 petita.
740 1875 853 1917 Viri
884 1875 1283 1916 characterismus.

176 1947 302 1999 Quid
316 1950 603 2003 profuerunt
626 1948 723 1988 eius
735 1947 935 2002 politica
956 1946 1145 1988 consilia
1170 1944 1287 1988 civi-

174 2020 264 2060 tati
291 2026 335 2060 et
361 2020 555 2076 imperio
573 2018 958 2061 Atheniensium?
1052 2017 1177 2068 Quid
1204 2028 1287 2060 no,-

176 2097 368 2133 cuerunt
381 2093 403 2132 ?
