1502 2767
238 174 308 212 174
463 152 1127 201 COMMENTATIO

234 255 421 312 doctrina
443 269 583 309 homini
611 277 646 306 et
683 267 845 316 principi
873 265 1090 305 Christiano
1127 261 1349 303 arma'con-

229 344 337 391 cedi3
369 342 510 391 quippe
540 350 665 388 quae,
692 338 766 376 nisi
789 336 933 376 aliunde
976 335 1156 374 auxilium
1196 345 1350 384 exspec-

228 423 331 458 tent,
360 420 602 461 cognatorum
619 438 632 456 ‚
657 407 888 454 amicorum,
920 406 1063 445 civium
1079 433 1093 453 ,
1132 404 1346 454 principum

227 485 459 530 aliorumque
492 481 677 518 bonorum
712 476 824 516 saluti
863 475 1047 515 vacillanti
1085 485 1222 514 certam
1258 475 1349 514 affe-

230 562 311 594 rant
341 564 475 601 opem‚
513 562 610 588 arma
647 556 821 594 tantum,
849 557 943 595 quae
984 546 1182 593 homines,
1222 555 1349 583 amore

231 636 314 673 erga
341 624 466 661 bonos
501 621 632 666 ducti,
658 617 882 667 suscipiant.
937 619 1203 656 Demonstrare
1235 627 1348 656 cona-

229 704 290 733 tus
331 704 442 739 sum,
481 691 651 729 meliores
691 688 893 727 sententias
929 688 975 726 de
1008 687 1108 725 bello
1151 687 1319 735 gerundo
1334 714 1348 734 ,

232 763 392 802 maxime
405 761 593 800 effectrice
607 760 671 798 illa
685 788 698 807 ,
715 771 810 808 quae
827 766 997 797 mutuum
1024 758 1136 796 docet
1158 767 1320 796 amorem
1334 784 1349 805 ‚

230 834 418 872 exstitisse
443 841 480 870 et
507 832 553 869 de
578 831 761 869 bellorum
790 828 906 868 caufis
932 837 968 867 et
998 829 1043 867 de
1077 828 1166 867 belli
1192 827 1349 878 gerundi

230 905 373 943 ratione
390 915 458 942 nec
471 913 548 941 non
561 903 605 940 de
629 901 740 940 bellis
754 899 925 939 finiendis
941 912 955 948 ;
972 899 1189 948 religionem
1217 900 1316 938 illam
1331 926 1347 947 ‚

228 986 306 1013 non
322 986 397 1012 uno
423 974 500 1012 ictu
516 981 579 1011 aut
605 971 975 1021 impetu‚hominum
1002 970 1203 1009 sententias
1226 980 1350 1008 emen·

231 1046 363 1091 dasse‚
405 1044 470 1081 sed
504 1041 641 1080 sensim
667 1042 922 1089 paulatimque
961 1040 1154 1078 hominum
1203 1039 1347 1078 animos

228 1115 428 1153 reddidisse
467 1113 573 1150 mites
613 1123 652 1149 ac
696 1119 938 1158 mansuetos3
967 1120 1044 1147 non
1081 1109 1348 1157 singulorum,

229 1185 294 1233 qui
331 1182 536 1223 Christiani
574 1182 838 1230 appellantur,
877 1180 943 1218 sed
976 1179 1177 1228 universe,
1215 1180 1349 1218 docto-

226 1268 307 1294 rum
331 1264 367 1292 et
387 1254 558 1301 rudium,
592 1251 801 1301 principum
831 1262 873 1289 ac
914 1249 1148 1288 subditorum
1167 1276 1181 1297 ‚
1208 1259 1249 1287 ac
1275 1259 1346 1298 pro

227 1327 355 1364 aetatis
383 1325 526 1362 ratione
542 1351 555 1371 ‚
584 1334 652 1371 pro
669 1320 858 1369 religionis
872 1320 973 1358 illius
992 1318 1209 1367 cognitione
1221 1329 1262 1356 ac
1290 1330 1347 1356 re-

227 1395 463 1433 veneratione
486 1394 599 1432 varia.
628 1412 668 1420 —
696 1390 848 1441 Quibus
885 1391 998 1429 rebus
1023 1388 1231 1439 expositis,
1253 1388 1346 1427 mihi

231 1467 301 1515 ipsi
336 1478 391 1503 me
430 1476 507 1502 non
531 1462 758 1501 satisfecisse
794 1470 877 1499 toto
902 1473 946 1499 ex
984 1462 1107 1499 animo
1137 1459 1347 1507 confiteor,

226 1547 454 1585 quapropter
479 1546 598 1572 meum
620 1534 842 1582 opusculum
868 1531 975 1570 etiam
995 1540 1108 1579 atque
1125 1530 1233 1568 etiam
1257 1531 1350 1568 sub-

230 1609 340 1645 misse
379 1606 664 1653 Theologorum
703 1602 882 1641 Facultati
929 1613 1072 1640 summe
1123 1602 1348 1640 venerandae

224 1678 461 1728 judicandum
492 1675 612 1713 trado.

278 1750 548 1798 Qualccunque
560 1754 679 1782 autem
693 1745 740 1782 sit
754 1728 873 1786 mcum
889 1743 1135 1792 opusculum,
1147 1750 1188 1780 tu
1206 1741 1346 1780 Ehices

226 1819 461 1860 Christianae
469 1816 637 1854 doctrina
657 1843 668 1862 ‚
684 1826 792 1862 quam
807 1814 989 1862 praeclara
998 1825 1037 1850 es
1052 1841 1065 1860 ‚
1083 1823 1178 1861 quae
1189 1823 1266 1850 non
1282 1825 1346 1852 ve·

225 1900 281 1928 tas
294 1901 389 1927 arma
403 1886 596 1925 civitatum
608 1885 718 1923 saluti
731 1885 934 1923 necessaria
949 1896 962 1932 ς
974 1885 1039 1922 sed
1053 1882 1234 1932 insignis,
1246 1883 1348 1922 Reli-

226 1961 288 2010 gio
300 1958 536 1999 Christiana!
559 1965 615 1994 est
633 1965 697 1994 tua
711 1956 768 1994 vis
784 1984 796 2003 ,
813 1966 933 2003 quae,
954 1963 1026 1992 tam
1048 1954 1344 1992 vehementiores

226 2030 338 2068 animi
352 2039 473 2067 motus
495 2036 732 2074 compescere
753 2025 924 2072 potueris
939 2052 951 2071 ,
970 2023 1188 2062 ethomines
1214 2024 1343 2061 huma.-

227 2102 334 2139 niora
369 2099 414 2136 de
439 2098 538 2135 bello
566 2097 731 2145 gerundo
754 2095 901 2132 docere.
932 2093 1029 2141 Dei,
1055 2095 1119 2142 qui
1142 2094 1343 2132 humanum

228 2183 345 2221 genus
360 2179 422 2217 te,
452 2167 621 2207 moribus
646 2165 883 2204 emendandis
916 2164 1133 2213 aptissima,
1159 2164 1312 2202 donavit
1328 2191 1341 2210 ,

230 2243 376 2281 bonitas
406 2251 445 2278 ac
474 2237 651 2287 sapientia
680 2239 717 2276 in
741 2237 804 2274 tali
839 2246 958 2274 rerum
992 2234 1237 2272 conversione
1266 2235 1343 2271 elu-

1265 2314 1344 2341 ces-
