1564 2750
430 173 932 214 LITERARIA.
1186 182 1231 221 59

129 290 277 329 reddere
312 287 552 325 conabantur.
607 285 768 330 Verum,
801 290 1031 330 quantopere
1052 280 1158 318 etiam
1174 280 1232 318 his

132 360 305 401 onmibus
320 365 529 396 commotus
546 364 669 402 esset,
685 354 907 393 calamitates
933 352 1024 390 istae
1035 363 1117 389 eum
1135 351 1234 389 fran-

129 440 216 479 gere
237 439 313 467 non
339 434 563 476 potuerunt3
592 434 629 463 at
653 436 766 472 quum
791 421 967 472 pestifero
992 421 1125 459 morbo
1151 422 1234 469 plu—

128 500 243 539 rimos
284 497 512 535 necessarios
550 505 791 542 sororemque
838 492 1049 538 amisisset,
1104 492 1231 530 eodem

130 579 206 616 quo
241 567 385 607 solebat
411 568 543 612 vultu,
571 565 825 613 Xanthippum
853 572 1039 601 mortuum
1065 563 1234 600 contueri

124 639 268 688 potuit.
335 638 440 688 Quae
480 646 598 675 tamen
636 635 747 674 animi
790 634 1030 683 magnitudo,
1081 644 1128 670 ne
1166 633 1234 670 ho-

126 709 238 748 minis
266 709 368 747 vires
395 719 567 756 superare
593 706 805 753 videretur,
832 703 1103 753 prohibuerunt
1140 714 1233 750 quae

128 778 218 817 fecit
254 779 404 825 Paralo‚
461 789 570 824 quem
620 788 732 816 unum
771 787 791 813 e
825 773 998 822 legitimis
1042 772 1128 810 filiis
1173 784 1235 810 su-

125 849 319 898 perstitem
374 848 556 894 habebat,
617 858 638 884 a
683 853 788 894 peste
836 852 1024 892 superato.
1106 843 1232 891 Quum

129 919 226 956 enim
267 929 442 956 coronam
486 925 635 955 mortuo
679 917 867 964 imponere
912 915 1049 960 vellet,
1107 914 1236 950 dolore

130 990 219 1027 adeo
248 997 459 1026 commotus
481 995 564 1033 est,
592 993 655 1032 ut,
684 995 792 1032 quern
815 996 949 1031 ne1n0‚
990 983 1057 1032 (ut
1080 990 1236 1019 testatur

124 1057 397 1105 Plutarchus),
425 1068 584 1103 unquam
611 1054 775 1092 lacrimas
807 1053 1025 1091 fundentem
1064 1052 1237 1099 adspexe-

123 1135 215 1174 rat,
266 1126 303 1164 in
350 1127 525 1176 ejulatum
570 1132 804 1172 erumperet,
858 1133 1099 1172 magnamque
1133 1122 1237 1159 lacri-

123 1205 266 1235 marum
294 1195 367 1235 vim
403 1194 629 1245 profundere
663 1202 856 1243 cogeretur
882 1193 968 1244 (r).
1008 1190 1118 1242 (Vid.
1148 1191 1234 1230 Obs.

123 1265 306 1314 XLIII.)

175 1336 285 1374 Brevi
315 1344 436 1374 autem
467 1344 601 1383 postea
631 1333 877 1373 Athenienses
917 1332 1119 1380 intelligere
1153 1342 1239 1368 coe.

127 1414 290 1455 petunt,
332 1414 510 1452 quantum
547 1406 804 1454 imperatorem
840 1403 1145 1452 publicarumque
1180 1414 1236 1440 re-

127 1488 209 1516 rum
243 1475 574 1515 administratorem
607 1487 672 1513 sua
706 1475 816 1523 culpa
845 1473 1082 1521 amisissent;
1123 1472 1236 1520 idque

129 1546 287 1585 maxime
317 1545 409 1594 ipsis
440 1545 636 1593 apparuit,
665 1556 777 1591 quum
808 1545 945 1593 Agnon
973 1552 1009 1581 et
1034 1544 1236 1591 Cleopom-

130 1627 229 1664 pus,
269 1616 407 1664 quibus
439 1616 640 1653 exercitum
676 1614 806 1653 Pericli
835 1623 1002 1662 ereptum
1032 1601 1233 1660 dederant,

126 1697 172 1725 re
198 1686 336 1725 infecta
359 1698 379 1724 a
401 1686 595 1724 Potidaeae
621 1685 815 1727 obsidione
836 1685 1000 1723 Athenas
1026 1685 1233 1725 rediissent.

131 1757 294 1795 Morbus
340 1756 436 1794 enim
475 1767 552 1794 non
595 1764 735 1793 tantum
777 1754 986 1794 classiarios
1037 1755 1232 1802 afflixerat,

130 1839 259 1866 verum
295 1824 468 1875 contagio
506 1828 611 1865 etiam
649 1827 694 1863 ad
731 1837 824 1872 eos,
863 1826 928 1873 qui
949 1826 1021 1874 jam
1056 1833 1161 1862 antea
1195 1825 1234 1862 in

131 1898 327 1936 obsidione
362 1897 497 1935 versati
531 1896 704 1943 fuerant,
731 1908 811 1934 sese
846 1896 1082 1941 extenderat,
1109 1894 1160 1932 ita
1193 1903 1234 1931 ut

129 1967 257 2016 paucis
292 1966 448 2014 diebus,
482 1978 502 2004 e
534 1975 663 2014 quater
698 1967 796 2004 mille
826 1965 1031 2012 militibus,
1058 1964 1157 2002 mille
1198 1972 1234 2001 et

132 2037 294 2076 sexcenti
314 2036 598 2076 succumberent
623 2037 706 2086 (2).
760 2037 888 2084 Itaque
913 2035 1017 2073 brevi
1033 2043 1233 2082 postquam

1170 2104 1235 2143 Pe-

175 2201 225 2238 (ι)
245 2202 323 2230 Plut.
349 2201 380 2229 in
402 2202 470 2230 Per.
493 2210 560 2236 cap.
584 2204 631 2235 36·
652 2209 682 2235 p.
710 2208 774 2233 ¹71:
793 2201 829 2234 ‚F-
844 2209 889 2235 sq.

174 2256 224 2294 (ε)
245 2248 342 2287 Time.
356 2259 405 2287 -11.
428 2266 495 2293 cap.
519 2263 567 2298 53·
587 2274 624 2281 .-
644 2258 737 2287 Diod.
761 2258 821 2286 Sic.
843 2258 912 2287 xit,
935 2265 998 2292 cap.
1019 2260 1069 2293 46.
