1502 2767
413 143 1010 187 THEoLOG-mA.
1215 162 1286 198 107

161 251 326 292 liationis
345 243 496 301 >pronus
530 253 626 304 (ι),
654 254 760 293 etiam
791 266 887 303 eos,
915 256 1053 304 quibus
1086 258 1167 306 ipse
1195 260 1282 298 odio

152 321 318 372 >afficitur
336 323 465 362 hostili
490 336 530 362 ac
553 324 699 375 injuriis
714 354 727 373 ,
755 327 904 375 diligit,
931 326 978 365 iis
1002 327 1214 378 benefacit,
1236 330 1281 369 ils

163 393 287 437 omnia
334 403 555 443 apprecatur
595 394 746 444 fausta,
795 408 864 445 pro
900 397 945 435 iis
981 410 1109 447 preces
1144 401 1188 438 acl
1217 401 1284 440 Pa·

156 470 250 507 trem
282 475 392 502 suurn
430 473 467 502 et
499 465 648 504 illorum
677 467 835 518 effundit
870 469 954 517 (ε).
982 492 1033 499 -
1073 471 1197 521 Hujus
1233 473 1280 510 de

157 543 281 571 amore
305 534 522 573 Christiano
546 537 734 585 praecepti
754 539 977 585 praestantia
997 540 1152 578 maxime
1164 541 1281 590 insig-

153 603 265 642 nibus
308 614 464 653 augetur
500 607 724 655 momentis,
779 597 938 657 quorum
982 616 1058 659 'ope
1092 611 1278 653 Christia-

154 683 226 712 nus
260 673 395 713 intimo
431 687 472 714 ac
504 676 633 716 vivido
669 677 792 716 animo
825 688 999 718 mutuum
1032 681 1146 720 sentit
1175 694 1278 721 amo-

152 754 230 781 rem
268 745 314 782 ad
347 757 507 794 eumque
540 748 769 788 accenditur.
837 749 1006 799 Omnes,
1047 752 1112 800 qui
1151 765 1276 792 revera

151 814 358 854 Christiani
392 825 509 865 sunt,
538 829 623 855 cum
662 819 817 867 reliquis
858 821 1075 861 hominibus
1108 823 1155 861 ab
1197 835 1273 864 uno

152 884 236 923 Deo
270 897 315 924 ex
349 885 500 924 duobus
523 887 743 935 parentibus
765 889 904 936 creati,
931 902 1020 938 prae
1047 893 1123 931 illis
1146 894 1276 944 singu-

151 954 218 991 lar-i
253 965 385 1008 amore,
401 966 422 993 a
443 956 526 994 Deo
545 965 650 1005 patre
674 968 714 995 ae
732 957 825 1008 Jesu
857 960 1015 999 Christo
1037 963 1275 1014 diliguntur,

149 1024 322 1071 quamvis
357 1024 517 1072 peccatis
557 1025 768 1075 inquinati,
798 1029 959 1077 gratuita
989 1031 1124 1070 horum
1161 1032 1272 1072 venia

152 1094 314 1142 gaudent
341 1105 499 1142 ornnes,
527 1106 644 1133 unum
674 1098 907 1146 eundemque
922 1101 1186 1149 sospitatorem
1209 1116 1273 1144 ve-

145 1172 324 1203 nerantur
339 1192 352 1212 ‚
372 1176 449 1203 uno
469 1165 592 1215 pretio
606 1178 625 1205 a
642 1177 878 1216 peccatorum
907 1171 1052 1210 miseria
1063 1183 1271 1223 eorumque

141 1233 325 1272 servitute
368 1234 602 1285 liberantur,
651 1249 781 1277 omnes
827 1249 916 1279 sunt
953 1253 1029 1280 uno
1062 1245 1268 1294 eodemque

141 1302 295 1344 vinculo
310 1332 324 1352 ,
347 1304 419 1344 fide
442 1307 610 1356 scilicet,
633 1317 668 1346 et
697 1308 856 1349 invicem
880 1320 916 1350 et
938 1323 1022 1351 cum
1049 1315 1134 1353 Deo
1160 1325 1267 1365 patre

140 1380 177 1411 et
191 1376 276 1412 c'um
297 1383 430 1414 nostro
446 1363 673 1426 sospitatore
687 1382 904 1430 coniuncti,
920 1395 1049 1422 omnes
1071 1397 1147 1423 uno
1164 1388 1264 1427 lava-

138 1443 193 1482 cri
215 1444 292 1483 ritu
317 1446 388 1485 Dei
415 1446 535 1485 cultui
558 1452 795 1499 consecrati,
820 1464 949 1491 omnes
967 1454 1131 1503 Spiritfis
1159 1469 1262 1497 sanc-

138 1512 169 1551 ti
188 1514 327 1554 auxilio
341 1515 511 1556 benefico
537 1519 583 1557 ad
607 1520 704 1559 vitae
727 1523 1019 1563 emendationem
1035 1535 1261 1578 struuntur,

137 1594 267 1623 omnes
307 1586 374 1624 uni
413 1587 570 1637 imperio
607 1591 768 1641 subjecti
793 1601 883 1631 sunt
916 1606 957 1632 ac
985 1595 1257 1646 obtemperant.

135 1654 310 1704 Denique
334 1668 462 1696 omnes
485 1661 596 1711 unius
612 1661 854 1711 ejusdemque
865 1666 1184 1718 corporis',cujus
1196 1681 1257 1709 ca·

134 1734 205 1774 put
241 1735 299 1765 est
327 1725 412 1778 ipse
436 1727 548 1779 Jesus
568 1759 583 1780 ,
620 1733 783 1772 membra
814 1736 1152 1788 conjunctissima,
1194 1742 1256 1780 ea-

1166 1811 1251 1850 dem

165 1927 220 1967 (ι)
241 1929 337 1958 Hebr.
356 1929 436 1959 xm.
453 1938 540 1966 4—7.
561 1932 673 1966 Ephes.
691 1932 745 1961 IV.
765 1942 799 1967 2,
814 1942 928 1970 3¹232·
938 1937 1060 1965 coloss.
1079 1934 1133 1966 111.
1151 1945 1198 1973 31.
1210 1952 1249 1961 —

128 1987 240 2016 Matth.
259 1989 295 2017 V.
317 1996 347 2023 9.
366 1987 434 2017 XII.
464 1992 512 2018 18.
537 1989 630 2018 Rom.
648 1990 717 2019 XII.
740 1994 786 2020 18.
813 1992 883 2022 Gal.
901 1995 939 2022 V.
960 2001 1008 2023 22.
1029 2005 1046 2024 2
1061 1996 1136 2025 cor.
1167 1996 1249 2026 xm.

128 2045 324 2075 11.001.111.
343 2034 390 2076 1‘2.
402 2046 497 2075 Hebr.
515 2046 580 2076 ΧΗ.
597 2054 642 2084 14.
654 2048 1059 2082 —Matth.V1.12.XV111.
1073 2060 1248 2089 εμπ».-

126 2102 239 2137 Ephes.
261 2104 315 2131 1v.
338 2110 388 2138 32-

161 2156 214 2196 (2)
233 2158 345 2196 (Prov.
363 2160 474 2190 XXIV.
497 2161 567 2198 17.)
587 2161 696 2193 Matth.
721 2163 757 2193 V.
778 2172 827 2202 44.
846 2165 924 2194 Luc.
946 2166 985 2195 X.
1003 2176 1038 2203 33
1050 2187 1061 2204 ,
1073 2177 1121 2207 34.
1145 2170 1239 2200 Rom.

125 2213 189 2244 111.
210 2225 266 2252 20,
288 2224 338 2247 21.
