1502 2767
175 183 244 218 104
409 169 1071 210 COMMENTATIO

173 284 283 328 ὑμῖν,
317 282 368 328 μὴ
393 284 598 326 ἀντιστῆναι
625 282 673 330 τῷ
696 285 844 331 πονηρῷ·
871 284 958 322 ἀλλ’
985 280 1082 325 ὅστις
1112 283 1151 321 σὲ
1179 281 1281 329 bocni-

174 366 227 390 σει
245 352 302 390 ἐπὶ
330 352 392 394 τὴν
413 351 532 397 δεξίαν
558 354 619 389 σοῦ
644 351 818 398 σιαγόνα,
845 352 995 400 στρέψον
1015 351 1112 399 αὐτῷ
1133 350 1192 390 καὶ
1219 349 1284 393 τὴν

175 421 308 465 ἄλλην.
334 419 401 459 Καὶ
426 421 474 468 τῷ
498 421 632 460 θέλοντί
651 435 703 459 σοι
728 422 876 469 κριθῆναι
898 421 958 460 καὶ
982 421 1040 460 τὸν
1058 423 1196 468 χιτῶνα
1221 421 1283 458 σοῦ

176 491 329 537 λαβεῖν,
365 488 461 537 ἄφες
500 491 596 538 αὐτῷ
635 489 695 528 καὶ
734 491 775 529 τὸ
815 491 977 538 ἱμάτιον,
1014 490 1073 529 καὶ
1106 488 1200 533 ὅστις
1243 503 1284 528 σε

175 559 396 607 ἀγγαρεύσει
433 560 548 606 μίλιον
588 556 647 605 ἓν,
681 558 802 606 ὕπαγε
852 563 933 607 μετ’
969 563 1078 600 αὐτοῦ
1119 560 1191 599 δύο.
1231 580 1284 589 —·

178 626 322 664 Haecce
357 627 467 665 verba
508 639 585 665 non
623 628 669 665 ad
704 629 817 665 latum
860 639 1021 676 unguem
1065 628 1285 674 resecanda,

177 697 242 734 sed
282 696 561 745 proverbialiter
603 697 699 735 dicta
741 709 848 751 esse,
898 697 1052 744 quivis,
1107 708 1164 734 me
1209 705 1287 734 non

178 774 378 813 monente,
407 767 607 815 intelligit3
638 779 797 814 quorum
830 767 920 805 adeo
963 778 1096 804 sensus
1125 767 1198 804 huc
1233 777 1292 811 te-

178 835 312 874 dierit:
343 837 418 874 noli
443 838 517 875 vt‘m
550 839 588 876 ‘vi
620 848 796 889 opponere
831 847 866 875 et
890 847 969 888 par
991 838 1080 888 pari
1115 836 1292 886 refizrge;

176 907 248 944 imo
270 907 394 956 potius
423 907 554 945 illatas
584 908 774 956 injurias,
812 909 903 958 quin
939 916 975 944 et
1012 907 1108 946 alias
1136 907 1293 959 majotfes

176 987 222 1012 ac
244 975 376 1026 plures
396 1003 408 1021 ,
434 988 550 1026 aequo
582 978 705 1015 animo
726 977 902 1027 perferre
917 1004 929 1024 ,
952 989 1063 1027 quam
1088 976 1132 1014 de
1159 976 1297 1014 ultione

180 1053 216 1082 et
249 1047 407 1096 privata
439 1045 607 1084 vindicta
642 1048 801 1095 cogites,
839 1049 872 1084 si
901 1058 947 1084 ex
973 1046 1116 1091 judicis
1151 1045 1294 1091 decreto

166 1114 267 1161 jura
302 1124 372 1152 tua
395 1114 614 1162 vindicari,
635 1116 696 1154 vel
716 1116 798 1153 alia
824 1116 992 1165 legitima
1022 1124 1056 1153 et
1081 1114 1296 1158 Chrt'stiano

177 1182 297 1232 digna
339 1185 487 1221 ratione
533 1185 701 1234 injuriae
748 1185 882 1222 illatae
928 1184 1060 1235 depelli
1095 1194 1295 1234 nequeant.

181 1252 292 1289 Hunc
316 1251 512 1290 verborum
539 1263 687 1290 sensum
726 1264 835 1299 esse,
863 1252 942 1300 ipse
973 1252 1177 1300 Magister,
1206 1251 1297 1300 qui,

181 1333 277 1369 quae
311 1321 478 1367 dixerat,
518 1323 688 1370 exemplo
736 1321 967 1368 interpretari
1003 1320 1179 1366 solebat,
1233 1331 1296 1358 os·

182 1390 327 1437 tendit,
357 1391 498 1438 quippe
534 1391 598 1438 qui
634 1390 672 1427 in
711 1390 929 1429 Pharizaeos
965 1400 1000 1427 et
1037 1391 1293 1437 Sadducaeos,

180 1471 261 1497 eum
298 1460 560 1498 calumniantes
590 1468 627 1498 et
655 1460 791 1509 injuria
819 1459 1017 1497 afficientes
1034 1486 1048 1505 ,
1078 1459 1209 1496 acriter
1232 1459 1296 1508 sin·

183 1528 266 1566 vehi
296 1530 458 1576 soleret,
486 1538 523 1567 et
551 1537 628 1567 tum
655 1529 824 1575 demum,
854 1529 918 1568 ubi
942 1529 1097 1576 Judices
1134 1528 1294 1577 injustos

181 1597 443 1646 conspiceret,
483 1607 525 1636 ut
560 1610 683 1637 coram
711 1598 895 1637 Pontifice
933 1598 1127 1644 Maximo,
1164 1609 1294 1646 parum

183 1667 325 1715 quippe
357 1678 396 1705 se
430 1667 686 1715 profecturum
721 1668 842 1706 sciens
861 1695 874 1714 ,
903 1667 1056 1714 quaevis
1093 1676 1296 1714 pateretur.

183 1737 235 1775 Et
263 1737 323 1773 hic
347 1748 501 1785 quoque
527 1738 667 1787 Jesus,
692 1739 840 1775 alteram
873 1736 1055 1775 maxillam
1086 1747 1163 1774 non
1196 1748 1301 1785 prae·

184 1805 304 1853 bens,
333 1807 415 1844 luce
446 1806 582 1845 clarius
609 1808 798 1853 ostendit,
834 1806 948 1844 verba
979 1817 1056 1844 non
1088 1806 1133 1844 ad
1165 1805 1294 1845 vivum

187 1877 381 1914 resecanda
417 1887 513 1915 esse.
540 1897 596 1907 —-
619 1876 700 1926 Qui
726 1867 892 1924 quaeso!
933 1876 1036 1913 aliter
1062 1864 1294 1925 interpretati

182 1946 275 1983 velis
309 1947 397 1983 haec
435 1945 547 1984 verba
565 1945 686 1995 Jesu,
714 1947 779 1994 qui
816 1945 974 1984 coelitus
1012 1931 1293 1994 descendit‚''ut

182 2015 346 2053 omnium
380 2024 416 2053 et
455 2015 687 2064 singulorum
722 2016 913 2053 hominum
946 2017 1103 2054 salutem
1138 2025 1176 2054 et
1215 2016 1298 2054 feli-

184 2085 330 2122 citatem
370 2094 634 2134 promoveret3
688 2096 811 2123 nonne
853 2094 957 2133 tum,
1012 2093 1054 2123 ut
1096 2093 1195 2123 recte
1235 2086 1297 2128 Cl.

184 2153 406 2203 Heringa
432 2155 604 2202 monuit,
632 2154 672 2194 in
693 2166 830 2204 pravos
856 2155 1080 2204 indulgens,
1107 2155 1146 2193 in
1172 2154 1294 2193 bonos

186 2225 347 2267 crudelis
386 2214 554 2264 fuisset?
581 2225 719 2264 Nonne
749 2234 827 2264 tum
861 2224 972 2273 probi
1002 2235 1072 2263 una
1105 2234 1190 2263 cum
1227 2225 1300 2263 im-

1211 2305 1299 2342 pro·
