1564 2750
91 205 189 248 sectio
203 206 242 235 11.
257 200 288 242 §.
299 212 328 240 7.

349 156 419 183 102
572 139 1240 188 COMMENTATIO

343 254 525 295 ἀνάλωτον
555 255 621 294 ὑπὸ
653 253 878 303 χρημάτων;
928 261 1038 300 quem
1073 249 1290 289 Pissuthnes
1317 248 1457 287 frustra

343 309 526 368 tentavit,
582 321 722 368 quique
771 321 962 368 moriens,
1013 319 1102 357 licet
1143 318 1183 356 in
1218 318 1292 357 vita
1318 318 1457 356 multos

341 402 445 439 reges
491 399 748 439 tyrannosque
796 398 1007 438 superasset
1050 387 1246 438 potentia,
1296 397 1343 425 ne
1383 397 1457 424 una

343 460 491 507 quidem
521 460 690 498 drachma
715 458 886 497 fortunas
912 470 999 497 suas
1015 487 1030 507 ,
1058 469 1151 507 quas
1180 466 1284 507 pater
1306 455 1380 495 sibi
1401 467 1458 494 re·

339 531 522 578 liquerat,
561 529 719 568 reddidit
755 529 955 578 ampliores
993 527 1078 578 (ι).
1150 528 1234 567 Nee
1272 527 1334 564 illa
1374 536 1459 574 erga

339 602 540 649 populares
575 598 695 646 fides,
747 599 961 648 patriaeque
993 610 1097 637 amor
1143 608 1306 646 unquam
1340 595 1460 634 immi-

339 677 455 707 nutus
492 669 580 709 fuit.
641 668 889 708 Gravissimis
917 669 1086 718 quamvis
1117 667 1263 718 injuriis
1301 675 1338 705 et
1364 677 1457 705 con-

339 739 501 777 tumeliis
540 750 560 776 a
590 738 736 777 civibus
783 738 966 787 affectus,
1015 737 1109 787 ipsis
1147 746 1268 776 tamen
1317 734 1491 785 nequa-'

338 819 447 855 quam
487 808 634 857 defuit,
675 821 792 857 quum
834 810 929 848 alios
961 810 1154 848 Praetores
1196 807 1366 858 experti,
1393 818 1460 846 ve·
1524 833 1530 839 -

337 888 419 916 rum
451 889 515 916 eos
554 878 630 916 cito
663 877 893 917 fastidientes
911 907 925 928 ‚
976 890 1098 917 rerum
1131 878 1365 929 publicarum
1393 888 1461 915 cu·

335 959 412 985 ram
451 947 585 986 iterum
622 947 660 986 in
691 949 869 996 Periclem
903 949 1125 988 detulerant.
1190 949 1309 987 Immo
1336 946 1458 986 letife-

338 1028 375 1054 ra
401 1018 627 1066 aegritudine
653 1018 851 1068 laborans,
889 1019 1016 1058 ultima
1051 1018 1213 1068 suspiria
1250 1017 1379 1065 duxit,
1415 1017 1455 1055 in

339 1088 457 1126 salute
492 1087 631 1127 civium
659 1089 824 1129 curanda
848 1097 1068 1139 occupatus.

389 1156 517 1206 Quum
547 1156 659 1206 igitur
681 1169 809 1197 omnes
843 1158 946 1198 cives
978 1167 1080 1197 tanto
1103 1169 1227 1196 amore
1250 1166 1456 1206 proseque-

338 1233 439 1262 retur
474 1226 663 1274 Pericles‚
692 1240 766 1276 qua
790 1229 939 1267 caritate
964 1228 1051 1266 illos
1086 1230 1294 1276 amplexum
1329 1227 1454 1275 ipsum

336 1294 457 1334 fuisse
475 1305 680 1344 putemus,
709 1309 806 1344 quos
845 1297 1042 1337 familiares
1082 1307 1195 1346 atque
1223 1298 1360 1335 amicos
1392 1295 1458 1333 ha·

337 1364 471 1403 beret?
498 1365 635 1413 Neque
661 1366 757 1406 enim
782 1366 857 1407 fuit
888 1368 1055 1417 vulgaris
1089 1368 1228 1406 amicus
1263 1374 1376 1416 atque
1409 1378 1454 1405 ex

337 1434 485 1474 illorum
518 1446 656 1485 grege,
692 1436 758 1485 qui

672 1570 685 1582 .
741 1570 753 1583 .
797 1543 1004 1595 diffugiunt
1026 1543 1131 1584 cadis

536 1611 628 1650 Cum
645 1612 757 1660 faece
783 1615 1072 1663 siccatis-amici
1086 1641 1101 1661 ,

536 1682 656 1720 Ferre
672 1683 808 1734 jugum
835 1686 990 1736 pariter
1013 1683 1128 1723 dolosi
1151 1683 1237 1734 (α).

338 1788 403 1826 sed
429 1797 551 1827 certus
578 1790 617 1827 in
652 1800 691 1829 re
720 1790 860 1830 incerta
897 1791 1140 1841 cernebatur3
1168 1792 1219 1830 ita
1251 1797 1293 1829 ut
1324 1798 1458 1840 postea

1371 1863 1454 1914 ejus

373 1983 425 2022 (ι)
445 1985 523 2014 Plut.
542 1987 566 2015 1.
588 1987 612 2016 1.
634 1993 665 2015 et
685 1995 754 2025 cap.
780 1991 826 2019 16.
849 1996 883 2024 p.
908 1991 977 2020 161.
996 1987 1074 2017 fine.
1103 1990 1214 2024 comp.
1241 1987 1296 2022 int.
1322 1987 1394 2017 Per.
1421 1993 1454 2016 et

335 2041 407 2070 Fab.
430 2042 513 2070 Max.
539 2050 605 2077 cap.
627 2052 656 2078 3.
678 2051 709 2079 p.
731 2052 797 2081 19¹·
819 2046 855 2074 C.
878 2059 915 2067 —
934 2045 1032 2077 Isoer.
1049 2046 1087 2074 de
1107 2047 1181 2074 Pace
1199 2053 1267 2080 cap.
1277 2055 1326 2083 40.
1338 2053 1372 2080 p.
1387 2047 1452 2082 184.

333 2098 436 2134 steph.
457 2112 496 2119 —
514 2099 562 2126 Ad
586 2100 661 2128 hanc
681 2099 888 2136 integritatem
914 2109 1088 2140 spectarunt
1105 2101 1262 2132 Himerius
1281 2110 1314 2139 p.
1334 2106 1400 2145 284.
1422 2108 1454 2142 et

334 2152 446 2192 Liban.
471 2155 529 2190 Ep.
553 2163 636 2193 1059.
676 2184 679 2187 .

372 2210 426 2246 (2)
447 2211 522 2240 Hor.
547 2214 646 2246 Carm.
665 2216 689 2244 1.
709 2223 801 2245 carm.
823 2222 872 2252 35.
895 2224 943 2247 vs.
965 2218 1014 2247 26.
1032 2223 1102 2251 sqq.
