1502 2767
318 111 978 203 ¹THEONLOGICA.
1183 165 1253 202 ¹43

132 260 429 309 obedientissimi
454 269 580 306 erant,
605 270 640 297 et
666 262 821 309 palmam
849 261 1085 298 humanitatis
1115 262 1252 300 Roma-

131 334 191 373 nis
222 331 480 370 Belisarii
509 330 689 368 militibus
714 330 984 379 praeripiebant
1019 332 1103 380 (1).
1161 332 1250 387 Quo

130 404 232 449 facto
263 402 444 452 agricolae
482 401 519 438 in
548 401 619 439 illis
653 401 785 449 bellis,
826 413 918 448 quae
955 398 1070 450 gessit
1107 401 1253 440 Toti-

133 476 208 518 las
225 505 239 525 ‚
267 472 450 520 intrepide
478 481 682 519 potuerunt
720 473 840 510 colere
866 484 998 520 agros,
1026 471 1253 521 fructusque

132 543 171 581 in
209 544 340 584 horrea
375 553 575 591 congerere
603 541 687 590 (2).
720 542 963 581 Continentis
998 543 1251 592 moderatique

126 612 241 651 animi
258 614 441 660 exemplar
469 613 569 650 dedit
585 612 779 661 eximium,
794 625 877 651 cum
896 614 967 663 jam
984 626 1049 662 per
1063 615 1252 653 biennium

129 683 288 726 Romam
321 683 502 721 militibus
541 683 870 730 circumdedisset,
907 684 1130 732 tandemque
1163 697 1251 723 vero

130 753 292 801 cepisset
315 753 460 792 urbem.
490 753 592 791 Tum
619 754 699 803 ejus
727 754 862 791 milites
881 783 894 802 ,
912 755 1080 793 miseriae
1104 767 1144 793 ac
1171 755 1256 794 ino-

119 807 211 873 'piae
231 835 298 872 per
325 833 465 862 tantum
488 824 671 877 temporis
695 825 856 871 spatium
879 824 1067 872 obnoxii,
1096 825 1134 862 in
1160 824 1253 864 urbe

128 904 207 941 non
248 902 392 931 tantum
428 893 623 941 praedari,
665 905 790 931 verum
836 905 965 932 omnes
1007 894 1081 932 sibi
1117 894 1252 933 obvios

127 961 336 1008 interimere
382 972 615 1011 coeperant3
669 962 751 1000 Deo
781 972 902 1001 autem
942 964 1077 1013 gratias
1118 966 1254 1003 relatu·

127 1045 221 1082 rus,
248 1034 285 1071 in
319 1032 464 1071 Petri
501 1034 678 1081 templum
708 1044 790 1071 sese
822 1036 1030 1072 contulerat
1054 1034 1164 1084 ipse,
1191 1037 1253 1074 cui

127 1104 337 1154 ingressoP
351 1102 484 1152 elagi
499 1115 554 1141 us
577 1103 797 1152 Episcopus
817 1132 830 1151 ,
845 1098 1025 1144 Codicem
1050 1117 1193 1143 sacrum
1214 1108 1253 1143 in

125 1185 235 1213 manu
255 1184 403 1223 gestans
419 1202 431 1221 ‚
447 1174 609 1211 occurrit
626 1202 638 1220 ,
659 1172 843 1222 flexisque
861 1175 1055 1224 genubus:
1071 1205 1102 1224 „
1115 1177 1227 1215 Parce
1239 1206 1253 1226 ‚

122 1270 157 1291 „
173 1245 320 1292 inquit,
335 1244 508 1293 princeps
521 1273 534 1292 ‚
547 1244 622 1282 tuis
637 1245 923 1293 supplicibus.'’
939 1247 1055 1295 Mox,
1073 1247 1145 1286 To
1157 1249 1253 1287 tila

121 1314 302 1362 jubente,
315 1315 446 1363 copiae
468 1315 607 1352 incolas
623 1315 847 1354 obtruncare
861 1317 1053 1356 desierunt
1066 1348 1080 1366 ,
1104 1328 1139 1357 et
1153 1331 1217 1358 rex
1236 1349 1251 1368 ‚

127 1385 298 1433 quamvis
321 1384 426 1422 urbis
454 1385 744 1424 devastationem
779 1387 811 1424 ei
841 1388 963 1435 magni
1002 1386 1085 1427 fore
1110 1392 1254 1429 emolu·

125 1455 239 1493 menti
265 1455 560 1493 Belisarius
603 1455 683 1503 ipse
707 1457 982 1505 aestimaverit,
1009 1459 1153 1498 Romae
1184 1472 1252 1509 pe-

126 1525 244 1576 percit
282 1526 367 1574 (3).
432 1526 624 1576 Quantum
664 1527 821 1565 interest
868 1528 941 1567 hos
979 1530 1115 1569 Gothos
1154 1531 1251 1570 inter

1213 1612 1250 1639 et

127 1715 292 1744 confestim
317 1724 415 1745 morte
435 1718 543 1752 plectit
573 1718 723 1755 istiusque
749 1728 826 1755 opes
847 1721 953 1750 tribuit
971 1722 1016 1751 illi
1038 1723 1179 1752 miserae.
1200 1725 1251 1754 Cf.

125 1771 377 1810 Procopius,
399 1775 434 1801 de
453 1775 541 1803 Bello
569 1776 663 1805 Goth.
686 1777 725 1806 11.
747 1786 777 1812 p.
806 1784 870 1815 139.
903 1779 1026 1814 Saepius
1052 1782 1089 1808 de
1114 1781 1251 1810 humani-

124 1834 186 1857 tate
207 1837 242 1858 ac
262 1829 379 1863 iustitia
399 1831 503 1867 copias
535 1834 664 1862 monuit.
695 1835 753 1864 Vd.
785 1835 888 1870 Idem,
909 1837 935 1865 1.
961 1838 982 1864 1.
1005 1845 1037 1872 p.
1073 1846 1145 1873 130,
1169 1842 1250 1874 138,

111 1887 195 1920 ⁷163.

163 1940 210 1979 (ι)
232 1946 289 1973 eff.
316 1946 496 1981 Hei-der,
526 1948 634 1981 lescen,
660 1950 712 1979 IV.
745 1958 777 1984 p.
804 1958 860 1986 75,
889 1957 919 1978 et
947 1951 1196 1987 Procopius,
1215 1953 1250 1980 de

124 2000 212 2029 Bello
236 2003 327 2031 Goth.
350 2003 390 2031 ΙΙ.
409 2012 440 2038 p.
462 2011 532 2041 139·

159 2055 209 2096 (s)
231 2059 289 2087 eff.
309 2060 553 2096 Procopius,
577 2060 678 2091 1.1.1.
696 2070 727 2097 p.
757 2063 888 2093 22.111.
912 2072 944 2099 p.
968 2067 1046 2103 146,
1068 2072 1098 2093 et
1117 2066 1248 2094 Areti-

119 2122 207 2150 ηας,
225 2123 258 2150 p.
282 2118 349 2148 561.

162 2171 215 2208 (a)
235 2173 294 2202 eff.
315 2174 566 2209 Procopius,
591 2176 642 2205 111.
674 2180 813 2213 p.162,
837 2186 866 2207 et
898 2179 1115 2214 Aretinus,
1135 2181 1192 2208 m.
1216 2188 1248 2215 p.

123 2234 188 2260 ⁵72.
