1502 2767
225 205 296 234 110
446 193 1113 244 COMMENTAT-Io

219 312 410 352 comparet
455 284 639 354 'suamque
674 310 871 345 conservet
907 306 1110 346 civitatem.
1185 307 1239 347 Ita
1273 321 1335 349 ca-

218 375 327 413 ritate
363 387 404 413 ac
453 376 597 426 Justitia
633 376 769 414 ductus
812 377 911 415 haud
943 377 1197 426 imprudenter
1235 390 1334 420 arma

218 444 354 484 inferat
395 445 588 486 host-ibus,
664 446 766 485 Haec
806 455 895 485 sunt
928 448 1108 497 principis
1149 449 1334 490 Christia-

216 516 272 554 ni.
328 516 444 556 Cives
475 525 596 555 autem
622 528 720 556 arma
744 517 977 566 suscipiant,
1013 530 1090 557 non
1115 520 1241 568 pravis
1264 532 1333 560 cu·

215 586 434 636 piditatibus
471 588 575 626 ducti
598 618 612 636 ,
634 579 727 627 'sed'
755 589 894 639 majore
931 589 1081 628 caritate
1115 601 1200 640 erga
1237 601 1330 630 suos

214 667 396 708 cognatos
433 659 612 706 civesque
636 671 677 697 ac
704 659 908 708 principem
924 688 937 708 ‚
967 672 1076 709 quam
1103 672 1189 711 erga
1212 660 1333 712 injus--v

216 738 277 768 tos
306 730 435 769 hostes
450 758 463 778 ‚
478 737 547 777 ut,
568 718 727 768 simulac
754 730 834 770 sive
857 731 967 769 armis
983 759 996 778 ‚
1025 731 1103 770 sive
1130 732 1198 770 alia
1219 731 1333 771 ratio-

214 812 262 840 ne
287 813 355 849 ea,
383 813 477 850 quae
515 802 561 840 ad
591 800 754 840 civitatis
797 803 951 841 salutem
979 803 1185 842 necessaria
1214 812 1332 854 sunt,

213 872 406 910 consecuti
430 872 505 911 sint
523 900 537 920 ,
576 883 597 911 a
622 872 794 911 bellando
819 872 1000 912 desistant
1022 873 1105 923 (1).

266 941 370 980 Haec
405 942 558 981 meliora
595 942 704 981 docet
751 942 941 992 religionis
978 953 1129 982 nostrae
1162 943 1333 984 doctrina

217 1014 264 1052 de
296 1013 385 1052 belli
422 1013 577 1063 gerundi
597 1013 738 1053 causis.

718 1160 755 1208 §-
799 1170 838 1207 3·

264 1297 498 1338 Emendatae
525 1298 726 1337 sententiae
750 1299 853 1337 inter
887 1305 1013 1348 gentes
1039 1294 1292 1335 Christianus.

267 1432 347 1473 Hae
370 1430 520 1483 quidem
543 1446 676 1484 pravae
702 1434 814 1473 animi
840 1433 1064 1484 cupiditates
1079 1461 1094 1482 ,
1118 1443 1210 1482 quas
1224 1442 1338 1482 supra

217 1504 379 1544 vidimus
414 1505 762 1555 saepius‘gentibus
791 1504 912 1544 fuisse
937 1505 1033 1543 inter
1062 1503 1151 1543 belli
1174 1514 1332 1552 causam,

217 1575 353 1614 sensim
368 1578 622 1624 paulatimque
647 1575 799 1614 salutari
821 1575 991 1614 doctrina
1005 1603 1018 1623 ‚
1029 1575 1102 1625 jam
1124 1574 1337 1613 considera·

219 1633 531 1694 ta‚corn'pressae
558 1654 667 1693 sunt,
699 1646 748 1684 ita
770 1655 813 1683 ut
837 1645 931 1683 bella
946 1673 959 1693 ,
982 1656 1030 1683 ex
1054 1643 1136 1682 istis
1161 1643 1334 1683 fontibus

218 1726 328 1765 orta,
350 1701 606 1766 apudgentes
628 1716 859 1756 Christianas
892 1715 931 1753 in
964 1715 1041 1753 dies
1075 1713 1114 1753 in
1142 1722 1336 1753 contemtu

218 1800 300 1826 esse
333 1774 538 1837 coeperint.
594 1787 702 1838 Quae
737 1795 779 1825 ut
820 1785 1006 1825 dilicidius
1040 1792 1218 1834 pateant,
1257 1784 1336 1833 pri-

219 1869 320 1895 mum
357 1846 543 1906 exponere
561 1857 749 1906 conabor,
780 1857 905 1904 ipsum
939 1855 1066 1894 bellari
1094 1854 1188 1893 inter
1212 1860 1336 1903 popu-

217 1929 306 1976 los,
351 1928 416 1976 qui
453 1927 562 1966 fidem
600 1926 756 1966 Christo
789 1925 952 1973 habent,
999 1923 1111 1974 hujus
1146 1923 1337 1963 doctrinae

1265 2005 1340 2045 ope

262 2115 316 2152 (1)
336 2114 399 2147 Cff.
410 2117 434 2144 E
443 2123 481 2144 ra
491 2123 504 2144 s
513 2122 569 2143 mu
581 2122 594 2143 s
607 2134 616 2149 ,
637 2113 668 2142 in
690 2113 895 2142 Institutione
916 2111 1077 2146 Principte
1089 2109 1288 2147 christia-ns,
1299 2108 1337 2139 C.

224 2173 380 2210 11.(0pp.
414 2174 503 2202 omn.
526 2172 823 2207 Lugd.11at.1703.
846 2170 936 2204 11.p.
964 2167 1068 2202 6070,
1095 2168 1172 2196 Gro
1185 2166 1287 2203 tius,
1306 2165 1339 2195 in

228 2234 315 2261 Ann.
335 2231 374 2259 ad
384 2230 504 2259 Matth.
524 2231 559 2257 V.
579 2237 611 2264 p.
639 2231 705 2265 198.
724 2234 756 2256 et
775 2227 976 2262 Peneion,
997 2230 1088 2263 quem
1105 2223 1224 2254 citavit.
1249 2224 1341 2253 uer-

226 2289 319 2322 der
340 2287 525 2322 Adrastea.
545 2288 572 2315 1.
594 2293 625 2321 p
640 2288 686 2315 18·
