1502 2767
244 178 312 214 142
495 165 1179 207 COMMENTATIO.

233 275 462 325 gundiommz
490 275 585 324 (1),
622 275 940 313 Ludovicum
983 275 1222 315 Francorum
1257 278 1356 328 (2),

241 355 279 383 et
324 346 417 384 alios
459 348 546 383 haec
600 344 809 383 obtestatus
843 355 900 383 est
945 358 1010 395 per
1056 347 1176 385 Deum
1220 347 1357 386 Chris-

239 429 409 465 tumque.
474 416 556 454 Rex
592 415 768 464 stipendia
805 425 972 455 accurate
1014 429 1141 455 curare
1179 416 1353 465 solebat,

236 500 283 526 ne
317 488 451 536 praeda
477 486 628 524 vivendi
670 486 715 523 iis
744 487 946 525 necessitas
975 488 1087 526 foret.
1130 487 1226 525 Nam
1259 498 1354 526 suos

237 558 372 596 milites
400 556 536 594 nemini
571 557 772 594 insolentes
808 549 890 595 esse
910 558 1060 604 voluit,
1087 567 1126 595 ut
1165 555 1244 604 illi,
1266 557 1352 595 cha—

236 629 341 665 ritate
367 626 499 674 ducti,
523 637 590 664 nec
630 626 845 674 pecuniam,
869 638 990 674 neque
1027 627 1124 664 bona
1161 634 1346 675 raperent.

238 725 262 743 „
287 697 478 743 Constat,
514 696 668 744 inquit,
695 696 860 734 militiam
889 696 982 734 bene
1007 696 1111 745 geri,
1139 708 1234 745 quae
1261 707 1351 744 pro·

235 767 330 805 batis
367 767 533 805 moribus
581 767 831 816 imponatur'’
868 767 951 816 (3).
1005 765 1351 805 Athalaricus

232 838 359 876 testari
387 837 490 876 audit
509 866 522 884 ‚
549 850 646 875 arma
684 838 895 876 Theodo
911 837 1010 875 rici
1033 848 1226 885 nunquam
1258 835 1352 886 pos·

233 906 476 953 sessoribus,
524 918 572 945 ne
607 907 670 944 ulli
702 907 877 956 quidem,
930 906 1049 946 fuisse
1087 908 1220 946 damno
1262 906 1349 957 (4).

232 978 322 1016 Prae
360 977 703 1016 omnibusGothis
747 978 784 1015 in
823 989 1001 1016 summam
1041 977 1144 1017 venit
1194 978 1349 1027 gloriam

233 1047 471 1086 Totilas:
503 1048 772 1095 Procopio
799 1048 1107 1095 etAretinO,
1134 1047 1357 1096 historicis,

231 1119 366 1156 desunt
409 1119 516 1166 plane
550 1118 683 1165 verba,
735 1117 874 1165 quibus
924 1119 1120 1156 memoriae
1166 1118 1349 1156 traderent

233 1191 312 1239 ejus
350 1189 642 1227 benevolentiam
703 1199 786 1236 erga
833 1189 1088 1226 Romanorum
1145 1187 1316 1235 captivos
1333 1214 1349 1235 ,

233 1262 311 1310 ejus
338 1260 544 1298 castitatem
576 1259 613 1297 in
654 1259 794 1307 puellas
825 1268 976 1307 captas,
1007 1260 1086 1308 eJ’us
1114 1259 1286 1307 pietatem
1309 1258 1349 1297 in
1400 1254 1404 1258 ⁴

231 1330 440 1378 foeminas,
480 1329 664 1376 infantes,
703 1341 838 1377 senes,
877 1330 1037 1376 denique
1061 1328 1236 1366 summam
1268 1328 1347 1378 ejus

232 1401 492 1438 humanitatem
531 1398 613 1450 (5).
689 1399 730 1437 In
769 1411 859 1437 suos
910 1410 998 1436 vero
1046 1398 1348 1447 consanguineos

231 1474 332 1510 tanta
365 1470 580 1518 disciplinae
607 1469 799 1507 severitate
824 1481 915 1508 usus
938 1478 1019 1515 est,
1050 1477 1091 1506 nt
1115 1469 1258 1506 nullum
1284 1480 1348 1507 eo·
1385 1516 1387 1518 v

232 1554 312 1580 rum
339 1540 569 1579 malefactum
595 1539 818 1588 impunitum
836 1538 947 1577 fuerit
981 1537 1066 1589 (6).
1098 1538 1244 1577 Milites
1265 1538 1349 1587 ejus

1258 1608 1348 1646 obe-

272 1737 323 1772 (1)
346 1737 423 1766 ibid.
447 1737 498 1766 111.
522 1745 551 1767 2.

271 1794 324 1830 (τ’.)
343 1793 421 1822 ibid.
441 1794 495 1823 111.
516 1803 546 1829 4.
564 1793 662 1827 Reges
681 1793 868 1820 Herulorum
883 1811 893 1827 ‚
908 1793 1104 1819 Guarnorum
1125 1798 1156 1818 ct
1175 1776 1347 1825 Thuringoss

234 1860 300 1879 runa
324 1859 447 1887 quoque
469 1851 505 1878 ab
533 1857 571 1878 eo
592 1851 648 1878 hac
671 1850 709 1877 de
742 1856 775 1877 re
803 1856 872 1877 suut
896 1847 1017 1876 moniti.
1041 1848 1100 1876 Vd.
1124 1847 1235 1876 Cass.
1267 1845 1344 1876 ibid.

234 1909 286 1936 111.
311 1917 340 1942 3.

270 1965 323 2000 (5)
346 1964 424 1993 Ibid.
447 1965 486 1992 V.
501 1972 550 2001 44.
573 1964 624 1992 Vl.
647 1971 703 1997 22,
727 1972 775 2000 24.
801 1963 868 1991 VH.
888 1972 938 1999 43.

272 2022 323 2059 (4)
344 2022 422 2050 lbid.
450 2022 498 2050 lx.
515 2029 563 2054 25.

273 2079 324 2117 (5)
348 2078 407 2107 eff.
431 2077 668 2111 Procopius,
694 2077 840 2111 (Basiliae
870 2076 973 2112 1531.)
1000 2075 1034 2102 de
1061 2075 1148 2102 Bello
1173 2074 1265 2103 Goth.
1293 2074 1346 2103 111.

236 2145 266 2168 p.
294 2144 372 2171 134,
398 2139 464 2169 136.
492 2141 523 2161 et
551 2134 761 2169 Aretinus,
788 2134 874 2168 (Bas.
906 2130 1009 2167 1531.)
1028 2132 1062 2159 da
1093 2132 1182 2159 Bello
1209 2131 1348 2167 Italica,

233 2201 266 2228 Ρ·
287 2201 353 2228 559·

275 2253 328 2285 (Α)
353 2252 391 2277 lta
414 2250 590 2284 armigerum
619 2257 724 2283 suum,
742 2249 794 2283 qul
820 2247 932 2281 virgini
956 2247 1073 2276 cuidam
1099 2246 1162 2275 vim
1187 2246 1346 2281 intulerat,

1278 2310 1351 2331 con·
