1564 2750
70 228 170 263 sectio
183 228 228 259 11.
247 224 314 266 §.7.

335 177 408 214 104
555 157 1217 206 COMMENTATlo

328 274 388 312 his
426 269 556 311 Pericli
589 270 695 317 laus3
750 268 816 316 qui
866 267 957 306 nihil
1007 267 1146 316 gratius
1192 277 1234 305 ac
1283 264 1449 307 sanctius

331 341 489 388 habuit,
518 351 626 388 quam
662 348 705 376 ut
737 338 863 376 amicis
899 337 938 376 in
967 336 1142 376 omnibus
1165 334 1445 385 gratificaretur.

331 414 376 451 In
415 409 623 448 omnibus?
674 407 748 446 nisi
785 407 824 445 in
860 406 936 454 iis,
990 417 1085 454 quae
1121 413 1251 444 contra
1291 405 1454 443 officium

335 487 570 530 pugnarent;
600 477 667 526 qui
702 488 818 525 quum
852 476 1000 526 saepius
1030 476 1222 515 universae
1249 475 1346 513 vitae
1370 485 1450 513 rec-

337 559 376 589 te
406 548 658 588 instituendae
684 547 832 586 dederat
858 556 1077 596 praecepta,
1104 546 1158 585 sie
1189 554 1226 585 et
1250 539 1451 593 aliquando

339 619 513 658 colendae
546 617 728 657 amicitiae
754 617 1032 656 saluberrimum
1065 616 1158 656 illud
1184 615 1346 664 posteris
1373 613 1458 652 reli-

343 690 425 739 quit
441 717 455 738 ,
468 700 584 738 quum
599 687 756 727 diceret:
768 687 914 727 Amicos
926 695 1066 740 oportet
1080 698 1152 726 esse
1164 697 1274 736 usque
1285 683 1340 723 ad
1347 695 1454 722 aras.

839 809 878 858 ἕ.
929 811 970 848 8.

707 927 840 968 Animi
863 926 1095 979 magnitudo.

401 1039 502 1078 Haec
538 1038 652 1089 igitur
675 1038 718 1076 de
743 1036 894 1078 Periclis
926 1035 1076 1085 ingenio
1102 1041 1214 1081 atque
1239 1030 1363 1069 indole
1388 1026 1467 1066 die-

352 1118 389 1147 ta
421 1117 548 1148 sunto.
588 1108 705 1147 Visus
736 1115 856 1145 autem
884 1105 975 1144 mihi
1003 1104 1078 1143 fuit
1101 1105 1139 1141 in
1165 1101 1293 1151 paucis
1322 1107 1466 1138 tantum

352 1178 586 1226 culpandus,
624 1178 663 1214 in
698 1176 826 1214 multis
855 1175 1084 1221 laudandus,
1121 1172 1160 1210 in
1190 1171 1377 1220 plerisque
1405 1167 1468 1207 ad-

354 1248 557 1286 mirandus.
607 1247 747 1284 Verum
765 1273 778 1292 ,
806 1256 1027 1292 quamquam
1050 1243 1143 1281 illud
1165 1241 1348 1291 imprimis
1378 1238 1467 1277 huic

354 1316 438 1355 viro
493 1314 593 1354 laudi
638 1314 877 1352 tribuendum
926 1313 1074 1352 videtur
1100 1340 1114 1359 ,
1168 1312 1271 1360 quod
1315 1318 1373 1348 tot
1420 1308 1472 1346 si·

358 1386 437 1423 mul
474 1384 679 1423 virtutibus
706 1384 926 1430 excelleret,
981 1393 1137 1431 quarum
1174 1381 1340 1429 singulae
1369 1378 1471 1418 suffi-

357 1455 456 1494 ciant
491 1463 534 1492 ut
568 1446 756 1502 oratoris,
796 1453 883 1490 belli
919 1453 1055 1500 ducis,
1098 1452 1170 1490 viri
1210 1449 1357 1500 politici
1402 1459 1471 1487 no-

359 1536 444 1563 men
470 1524 676 1563 immortale
713 1524 909 1572 reddatur;
959 1522 1112 1561 fuerunt
1148 1531 1269 1561 tamen
1304 1529 1339 1558 et
1378 1519 1470 1567 alii,

361 1595 428 1643 qui
479 1594 546 1632 hac
605 1593 925 1632 commendatione
978 1592 1167 1631 florerent.
1247 1591 1321 1630 Sed
1374 1589 1475 1628 aliud

362 1664 455 1712 quid
488 1664 525 1703 in
565 1664 703 1703 Pericle
740 1664 1009 1712 observamus,
1062 1663 1166 1712 quod
1211 1661 1245 1700 ei
1277 1659 1473 1710 proprium
1518 1656 1527 1663 '

363 1747 406 1774 ac
465 1734 654 1783 singulare
703 1731 847 1780 fuisse,
910 1743 1024 1782 paene
1070 1730 1237 1771 dixerim.
1308 1730 1382 1769 Est
1414 1729 1478 1767 ad-

363 1805 542 1844 mirabilis
589 1804 650 1842 illa
696 1804 914 1851 excelsaque
947 1801 1059 1841 animi
1088 1801 1254 1850 aequitas
1299 1811 1341 1838 ac
1379 1809 1479 1847 mag·

364 1875 524 1922 nitudo,
553 1885 674 1922 quae,
708 1873 982 1911 consuetudine
1003 1883 1087 1909 cum
1123 1872 1341 1918 Anaxagora
1371 1877 1479 1908 aucta

366 1955 409 1984 ac
441 1944 678 1990 confirmata,
730 1942 861 1982 Pericli
898 1942 1119 1989 reliquarum
1157 1940 1338 1979 virtutum
1367 1950 1480 1978 causa

366 2027 407 2053 ac
432 2014 549 2053 veluti
573 2013 659 2052 fons
687 2012 786 2060 fuit,
815 2024 999 2061 quamque
1021 2011 1156 2060 igitur,
1184 2010 1257 2049 nisi
1280 2009 1394 2048 semel
1413 2011 1482 2048 ite·

367 2094 527 2131 rumque
557 2083 591 2121 ei
615 2081 824 2130 defuisset,
851 2082 1010 2121 divinam
1039 2081 1170 2120 merito
1194 2081 1477 2129 appellaremus.

420 2155 527 2203 Quae
546 2154 694 2201 virtus,
713 2152 882 2202 quamvis
905 2152 945 2190 in
972 2151 1121 2200 publica
1146 2151 1221 2189 vita
1241 2149 1392 2199 saepius
1414 2161 1480 2198 ap-

368 2232 532 2275 pareret,
548 2223 600 2261 ibi
623 2231 746 2262 tamen
767 2233 1033 2271 nonnunquam
1059 2222 1163 2260 velut
1184 2220 1331 2260 nebulis
1351 2220 1478 2259 occul·

1425 2297 1479 2327 ta·
