1502 2767
375 151 967 194 THEOLOGICA.
1174 160 1222 197 59

123 269 203 307 deat
218 294 232 314 ,
256 262 441 304 rarissime
469 262 630 312 principi
655 262 805 300 obstare
827 261 964 309 licere,
990 258 1104 308 quia,
1142 256 1230 295 licet

123 347 200 377 non
248 334 370 374 cuivis
409 333 449 371 in
487 334 619 372 oculos
660 332 848 370 incurrant
866 359 880 379 ,
935 327 1097 378 principi
1145 338 1233 365 cau-

123 416 186 445 sae
219 417 300 445 esse
331 404 508 454 possint,
534 413 629 451 quae
665 403 784 440 cuivis
815 399 987 439 declarari
1019 403 1231 445 nequeant,

120 477 190 515 sed
221 475 270 514 ob
305 486 396 523 quas
427 474 486 512 alii
509 474 654 522 populo
689 472 827 511 bellum
854 471 990 509 inFerrc
1013 469 1157 520 justum
1195 476 1232 506 et

123 557 286 596 aequum
322 553 472 584 censeat
499 542 583 594 (1).

172 615 309 666 Quivis
354 614 592 655 Christianus
619 623 697 650 non
731 620 876 650 tantum
909 621 1007 649 arma
1045 607 1238 656 accinget,

126 687 214 735 quia
249 686 424 734 princeps
458 686 564 735 Jubet
615 683 758 732 (valeat
799 682 872 719 hoc
910 681 955 718 de
995 678 1176 728 populis,
1203 688 1243 716 se

123 755 307 805 principis
324 764 455 793 servos
482 751 853 800 considerantibus),
877 751 995 787 multo
1023 746 1240 786 melioribus

125 824 322 875 principiis
354 825 489 862 ductus
513 823 651 860 bellurn
685 830 807 870 geret:
846 831 974 859 secum
1011 818 1150 867 quippe
1184 828 1242 854 re-

125 897 301 945 putabit,
326 896 447 933 Deum
483 904 561 931 non
596 902 710 941 posse
741 901 821 929 non
850 889 968 935 velie,
997 897 1037 926 ut
1068 887 1237 925 homines

127 967 204 1005 sint
225 965 322 1003 beati
346 974 382 1003 et
405 964 518 1002 vitam
553 962 688 1011 degant
722 972 832 1007 quarn
867 958 1152 1004 suavissirnam3
1191 957 1245 995 ci-

126 1035 244 1074 vitate
273 1044 364 1074 vero
393 1033 439 1071 ab
473 1031 650 1071 hostibus
675 1029 937 1079 pessumdata,
963 1040 1050 1066 cum
1077 1027 1245 1065 omnium

127 1105 294 1153 civium,
320 1111 411 1141 stum
447 1102 508 1142 sui
547 1111 808 1148 suorumque,
837 1097 976 1147 quibus
1010 1097 1103 1135 nihil
1136 1095 1249 1133 habet

127 1175 277 1222 carius,
328 1173 442 1213 simul
481 1172 623 1210 destrui
663 1171 850 1217 salutem,
901 1169 1072 1206 libertate
1102 1166 1249 1205 sublata

127 1245 294 1293 virique,
332 1245 408 1292 qua
435 1242 533 1290 sibi,
569 1241 679 1288 suis,
719 1239 896 1278 omnibus
923 1238 1070 1276 civibus
1097 1236 1183 1275 usui
1210 1244 1247 1286 et

98 1304 103 1306 ’
129 1314 243 1354 saluti
271 1325 353 1352 esse
382 1313 507 1361 possit
524 1340 537 1360 ,
563 1311 782 1349 interclusa.
808 1331 863 1340 —
894 1309 980 1347 Hoc
1006 1316 1049 1345 ut
1073 1307 1144 1345 Dei
1176 1317 1248 1345 vo-

129 1384 265 1422 luntati
294 1383 520 1422 contrarium
552 1393 634 1419 esse
666 1380 794 1428 videt,
854 1380 904 1417 ita
937 1379 1065 1428 Jesum
1099 1378 1248 1415 intuens

133 1456 289 1505 ejusque
312 1455 479 1491 mandata
504 1452 719 1499 attendens,
748 1451 823 1488 alto
848 1449 922 1487 sibi
944 1448 1068 1486 animo
1093 1446 1248 1493 infiget,

133 1524 168 1562 si
197 1517 404 1563 Christiani
439 1520 590 1559 nomine
618 1522 756 1568 dignus
783 1530 865 1557 esse
896 1519 1050 1568 cupiat,
1078 1525 1252 1566 oportere

135 1593 294 1631 maxime
331 1603 454 1630 amore
487 1590 602 1638 duci,
631 1601 754 1638 eoque
784 1591 964 1637 ductum,
994 1599 1089 1637 quae
1113 1587 1253 1625 civium

136 1662 250 1701 saluti
279 1661 505 1710 inserviant,
531 1660 724 1708 meditari,
751 1659 1060 1708 circumspicere,
1088 1658 1180 1696 alios
1206 1658 1252 1696 ad

134 1731 236 1770 iilam
262 1731 436 1778 incitare,
464 1742 535 1769 suo
573 1742 727 1779 quoque
759 1731 893 1768 damno
929 1730 968 1767 in
998 1731 1040 1767 eti
1065 1723 1255 1768 efficienda

136 1801 220 1840 aliis
255 1801 424 1849 exemplo
467 1801 623 1849 praeire.
688 1800 776 1838 Huc
812 1800 988 1839 universe
1032 1800 1126 1838 redit
1162 1799 1257 1838 civis

138 1871 345 1911 Christiani
384 1871 589 1910 officiorum
613 1866 782 1918 indolesg.
824 1871 898 1909 hoc
935 1869 1057 1908 animo
1089 1880 1174 1919 erga
1204 1856 1284 1908 ci·-v

138 1942 288 1981 vitatem
329 1954 415 1981 esse
450 1942 586 1989 debet,
619 1949 661 1979 ut
689 1949 791 1990 patet
824 1941 971 1989 exiis,
1012 1952 1107 1988 quae
1141 1951 1256 1989 snpra

141 2014 186 2052 de
210 2013 372 2052 civitatis
398 2013 556 2051 consilio
591 2011 880 2060 disputavimus,

1211 2078 1253 2117 Si

182 2177 234 2215 (ι)
256 2178 338 2208 Cfrr.
359 2179 397 2207 K.
419 2179 457 2207 G.
487 2178 510 2206 B
523 2186 539 2206 r
548 2186 566 2207 e
575 2184 607 2207 ts
616 2186 633 2207 c
645 2178 664 2206 h
673 2185 692 2206 n
701 2176 768 2206 eid
777 2184 794 2205 e
804 2185 819 2205 r
828 2196 838 2212 ,
860 2176 1008 2212 opusculo
1027 2183 1117 2211 supra
1143 2174 1235 2205 citato
1247 2195 1260 2211 ‚

147 2237 170 2265 1.
190 2236 212 2263 1.
232 2236 266 2265 M
275 2243 315 2266 os
324 2237 343 2264 h
352 2244 368 2265 e
378 2235 389 2264 i
399 2243 427 2264 m
436 2255 446 2272 ,
468 2236 588 2265 Cho-Iu.
612 2236 717 2264 Zedcl.
727 2255 737 2272 ,
758 2235 851 2267 Tem.
872 2234 941 2264 VH.
963 2242 996 2270 p.
1019 2241 1085 2268 272.
