1507 2876
255 216 316 261 22
411 214 502 260 Ta.
517 214 572 259 G.
596 225 702 259 vnn
728 209 909 258 LIDTH
933 223 998 255 nn
1025 209 1220 257 JEUDE

257 342 484 387 luculenter
511 342 596 386 hoc
626 340 833 401 apparuit.
896 340 1036 387 Laetis
1063 341 1260 405 profecto
1282 340 1380 385 ani-

255 420 335 464 mis
370 422 711 465 Numannum
748 416 1018 472 audivimus,
1039 417 1185 476 quanti
1209 418 1378 469 Duc-um

254 504 490 544 vestrorum
522 497 633 540 dicta
666 502 792 552 atque
820 496 980 539 monita
1010 495 1214 550 feceritis,
1251 508 1382 541 'com-

254 580 584 627 memorantem3
643 572 720 616 sed
759 585 847 616 non
894 571 1049 621 minori
1090 586 1186 617 cum
1225 572 1383 631 gaudio

255 664 351 695 eum
391 649 682 694 testificantem
719 648 979 704 audivimus,
1011 649 1187 695 eundem
1205 682 1218 705 ,
1244 649 1290 694 in
1325 648 1385 694 li-

253 733 436 771 terarum
473 725 646 780 studiis,
687 740 713 770 a
754 725 876 772 vobis
920 727 1118 775 omnibus
1167 727 1259 786 jure
1303 741 1380 773 ex—

252 803 438 862 spectari
463 803 659 848 ardorem
675 834 689 858 ,
730 804 990 862 eandemque
1026 819 1194 849 morum
1219 805 1383 850 hones-

252 887 402 934 tatem,
446 895 554 937 quae
586 881 760 927 Militiae
798 889 962 927 vestrae
995 888 1244 927 ornamenta
1284 881 1382 931 sue-

251 964 364 1002 runt.
425 956 542 1002 Haec
579 957 733 1017 igitur,
772 967 975 1017 tanquam
1013 974 1040 1003 a
1079 957 1202 1004 vobis
1238 957 1383 1003 omni-

251 1032 333 1077 bus
373 1039 412 1077 et
457 1033 570 1078 dicta
601 1041 641 1078 et
676 1035 888 1094 probata,
930 1035 976 1080 in
1011 1042 1228 1095 posterum
1268 1049 1384 1092 quo-

252 1125 336 1168 que
378 1110 526 1156 vestris
568 1112 759 1156 moribus
808 1113 1088 1167 confirmetis,
1137 1120 1184 1156 ut
1225 1111 1385 1166 nobis,

250 1187 606 1247 Praeceptoribus
634 1189 813 1244 vestris,
845 1205 938 1234 eam
968 1188 1281 1234 observantiam
1310 1195 1381 1241 at.-

253 1280 336 1323 que
370 1265 474 1310 illud
520 1266 771 1324 obsequium
809 1267 1075 1326 praebeatis,
1133 1280 1243 1323 quae
1286 1272 1381 1310 stu-

252 1342 419 1388 diorum
451 1357 540 1388 non
571 1344 708 1390 minus
721 1376 735 1399 ,
767 1359 894 1402 quam
923 1344 1097 1395 Militiae
1129 1349 1378 1389 ornamenta

250 1425 350 1471 sunt
378 1419 589 1467 habenda.

312 1738 370 1783 Et
397 1739 459 1784 sic
487 1738 657 1797 quidem
687 1738 740 1784 A.
756 1738 809 1784 A.
825 1737 879 1784 H.
896 1737 979 1783 H.!
1008 1750 1242 1797 prospera,
1272 1750 1382 1794 quae

255 1816 509 1861 Academiae
542 1825 712 1862 nostrae
744 1816 933 1875 obtigere
949 1848 962 1870 ,
991 1816 1077 1874 jam
1115 1816 1247 1860 multa
1284 1830 1381 1860 me-

247 1894 523 1939 moravimus.
583 1895 634 1938 In
661 1894 712 1938 iis
744 1900 882 1938 autem
908 1892 1176 1938 recensendis
1213 1907 1380 1950 nequa-

256 1986 385 2029 quam
415 1971 745 2030 praetereunda,
775 1986 907 2029 quae,
949 1971 1005 2015 ad
1038 1985 1137 2015 suos
1167 1985 1267 2015 usus
1299 1970 1379 2016 rite

255 2048 446 2093 adhibita
461 2081 473 2102 ,
504 2049 739 2094 studiorum
775 2048 941 2094 utilitati
981 2049 1200 2108 praeclare
1237 2048 1380 2092 inser-

253 2125 394 2180 viunt,
434 2125 734 2171 Doctrinarum
775 2126 1054 2171 Adminicula.
1153 2125 1261 2170 Sunt
1301 2139 1375 2179 ea,

253 2202 339 2248 hoc
369 2202 494 2248 etiam
527 2218 661 2258 anno,
695 2211 817 2249 aucta
844 2212 884 2249 et
909 2203 1180 2263 amplificata.
1237 2203 1375 2248 Aucta

255 2287 319 2327 est
345 2281 598 2327 Academiae
632 2281 898 2328 Bibliotheca
932 2281 1072 2327 multis
1106 2293 1158 2326 ac
1180 2278 1374 2325 'rariori-
