1502 2767
447 179 1042 221 THEOLOGICA.
1236 195 1302 220 im

184 291 286 329 versi
326 293 374 329 de
419 302 491 329 suo
529 301 645 340 regno
683 290 927 339 opinionibus
972 289 1154 336 abducti,
1193 302 1304 338 quae-

184 360 245 399 vis
283 361 380 400 bona
408 369 444 400 et
476 361 598 400 fausta
625 370 908 410 exspectarent3
937 370 1142 407 eorumque
1173 360 1303 398 animis

184 431 411 479 inculcaret,
439 431 498 470 sui
535 431 699 469 nominis
736 442 846 469 causa
871 431 1014 469 nullum
1053 441 1129 468 non
1167 431 1300 468 malum

190 499 531 550 iisperferendum
574 513 681 549 esse,
741 501 853 549 idque
901 500 1002 538 omni
1044 500 1218 548 patienda
1266 509 1327 537 et*

186 570 363 620 lenitate3
414 583 530 620 quum
567 579 671 609 totus
706 570 784 609 fere
819 579 995 608 terrarum
1026 570 1157 616 orbis,
1197 568 1301 607 falsis

186 639 432 690 opinionibus
454 642 605 679 delusus
620 668 632 689 ,
660 641 699 679 in
721 640 866 679 Christi
890 641 1048 679 asseclas
1078 639 1184 688 quasi
1210 650 1302 677 con-

183 709 392 759 spiraturus
425 719 529 749 esset
563 720 598 748 et
629 710 723 749 nihil
764 721 844 748 non
883 719 1060 756 acturus,
1115 720 1191 757 quo
1229 709 1300 746 hos

186 780 372 819 Nazare'ni
409 789 612 820 sectatores
639 780 808 818 funditus
839 780 1080 828 exstirparet.

193 884 199 887 κ
236 850 307 889 Uti
333 850 425 900 Jesu
454 850 594 888 monita
623 850 879 898 quadantenus
917 848 1046 888 omnes'
1084 838 1300 897 spectabam

184 921 372 960 auditores
387 949 401 968 ,
428 921 479 959 ita
503 929 647 966 tamen,
679 921 895 969 quicunque
921 919 1054 957 leviter
1074 920 1186 957 modo
1209 919 1302 957 Ora-

186 990 325 1029 tionem
359 990 587 1038 inspexerit,
614 987 818 1042 fatebitu-r,
848 989 961 1026 multa
988 987 1139 1033 inesse,
1179 999 1298 1035 quae,

186 1059 260 1098 nisi
306 1059 471 1105 directe,
522 1059 721 1107 praecipue
768 1067 866 1096 certe
898 1059 943 1096 ad
974 1058 1184 1106 Apostolos
1219 1068 1302 1105 per-

185 1129 345 1181 tineant3
374 1128 425 1171 i-,ta
456 1136 498 1167 ut
523 1116 669 1178 jesus,
709 1128 829 1165 oculis
850 1128 950 1165 suis
993 1128 1031 1165 in
1063 1129 1298 1181 Apostolos,

185 1198 342 1248 propius
361 1200 529 1237 sedentes
542 1198 674 1246 ,fixis,
688 1198 806 1246 digito
827 1210 892 1236 eos
915 1198 1097 1236 indicasse
1118 1198 1300 1235 videatur.

235 1268 336 1307 Utut
361 1277 444 1315 est,
483 1268 575 1307 illud
608 1269 691 1306 luce
728 1268 863 1307 clarius
890 1276 974 1315 est,
1004 1269 1166 1317 duplex,
1196 1268 1300 1316 quod

183 1339 297 1376 modo
336 1337 523 1383 diximus,
550 1338 748 1378 consilium
774 1339 902 1387 Jevsum
930 1339 1002 1377 sibi
1030 1338 1299 1387 proposuisse,

184 1408 354 1455 adeoque
379 1416 598 1456 praecepta,
630 1420 723 1456 quae
758 1409 820 1446 hic
853 1408 1103 1455 exhibentur,
1125 1409 1214 1458 Jesu
1244 1421 1303 1446 ae-

187 1479 314 1526 quales
337 1486 375 1515 et
397 1478 553 1517 maxime
574 1479 784 1526 Apostolos
822 1486 1001 1526 spectare.
1050 1477 1156 1527 Quae
1184 1490 1299 1525 quum

182 1546 374 1602 debregno
410 1546 602 1586 Messiano
639 1547 806 1585 terrestri
842 1547 1040 1595 opiniones
1073 1548 1148 1585 alto
1177 1548 1300 1586 animo

184 1606 310 1655 essent
330 1617 487 1663 infixae,
513 1628 758 1666 auguramur,
794 1617 1105 1664 sapientissimum
1131 1618 1303 1655 Servato-

188 1684 288 1734 rem,
315 1699 392 1735 quo
420 1686 533 1736 magis
564 1686 789 1725 contrarium
812 1687 857 1725 iis
874 1687 1077 1735 probaret,
1105 1686 1298 1724 fortiorem

185 1755 224 1793 in
257 1757 409 1798 modum
439 1757 606 1794 locutum
634 1767 730 1794 esse.

239 1826 341 1863 Haec
373 1827 419 1864 de
458 1836 625 1874 tempore
664 1835 700 1863 et
732 1826 922 1873 consilio,
952 1838 1028 1874 quo
1060 1827 1169 1875 jesus
1209 1829 1304 1865 hanc

183 1894 401 1933 Orationem
433 1896 586 1944 habuit,
616 1896 895 1944 praemonuisse
922 1896 1110 1934 suffecerit
1139 1897 1225 1947 (ι).

1184 1968 1301 2005 Com·

220 2041 276 2079 (1)
295 2042 342 2070 De
359 2042 638 2077 quaestione‚num
654 2043 728 2070 hiec
744 2041 847 2071 Oratio
866 2043 970 2071 eadem
981 2043 1039 2078 sit,
1050 2051 1137 2078 quam
1147 2049 1225 2078 quae
1236 2051 1299 2070 me—

185 2105 318 2127 moratur
336 2107 352 2128 a
369 2100 421 2128 Lu
433 2107 493 2134 ca,
514 2099 662 2134 aliisque,
682 2100 733 2128 hic
758 2107 819 2128 non
842 2106 886 2128 est
903 2099 1023 2128 dicendi
1051 2101 1151 2128 locus.
1175 2100 1220 2127 De
1241 2099 1279 2127 iis
1291 2120 1301 2133 ,

181 2161 261 2188 quae
270 2154 447 2190 cripsimus,
463 2155 760 2192 conferantur‚licet
779 2155 810 2184 in
827 2157 980 2196 nonnullis
1002 2155 1235 2192 dissentianssx
1247 2155 1300 2185 ui·

185 2210 370 2248 noerius,
389 2212 421 2241 in
442 2213 627 2249 comment„
649 2211 743 2242 Tom.
767 2214 791 2242 1.
811 2220 880 2249 pag.
908 2213 974 2242 116.
997 2221 1065 2248 sqq.
1089 2213 1300 2248 Fritsche‚

183 2265 240 2303 qni
258 2254 462 2306 Ennea-lium
482 2271 643 2300 Matthaei
660 2271 817 2300 neenun‘r
834 2276 867 2308 η
883 2278 948 2297 eum
973 2269 1211 2298 commentariis
1228 2277 1299 2306 per-

1192 2329 1298 2363 putuit
