1477 2725
314 193 1081 236 OBSERVATIONES.
1188 205 1262 245 175

144 315 188 346 ut
214 317 292 345 non
311 306 469 355 amplius
496 305 569 354 ipsi
596 304 816 353 prodesset,
845 303 878 342 si
905 303 1089 343 Civitates
1115 315 1185 342 suo
1204 304 1265 353 J'u-

139 389 179 415 re
230 378 276 415 de
318 376 511 414 communi
551 376 669 414 salute
707 374 976 422 deliberarent;
1021 383 1146 412 contra
1196 386 1263 422 ea,

142 447 253 495 longe
285 439 416 484 utilius
440 454 530 483 tunc
574 453 674 491 erat,
715 452 754 481 ut
782 443 827 481 iis
854 455 900 481 ne
940 443 1081 492 privata
1111 442 1261 490 quidem

139 516 290 555 dissidia
313 515 516 552 dirimenda
553 515 805 562 relinqueret;
835 515 941 563 qu'us
978 513 1031 551 rei
1051 514 1262 561 exemplum

141 587 180 623 in
207 585 305 624 Sami
331 585 606 633 expugnatione
633 586 815 623 videmus.
846 585 943 623 Addi
970 584 1117 633 possit,
1145 584 1263 622 Athe-

142 654 291 693 nienses
317 656 519 703 Spartanos
543 657 719 693 consulto
751 655 951 703 omisisse3
982 667 1075 703 quae
1100 665 1158 692 res
1178 654 1266 692 licet

142 727 308 764 nondum
336 726 487 763 hostilis
510 726 607 763 actio
634 725 706 763 clici
738 734 894 774 posset,
922 724 1120 762 manifesto
1145 733 1267 763 tamen

140 796 366 834 simultatem
390 795 550 833 indicare
575 796 734 834 debebat
750 824 762 842 ‚
788 808 882 844 quae
906 795 1002 833 inter
1016 796 1080 833 has
1094 794 1264 834 civitates

139 866 320 904 exstabat.
358 867 555 915 EJ’usmodi
569 867 663 904 enim
679 867 809 916 agendi
833 866 925 904 ratio
950 868 1072 904 locum
1088 866 1259 904 obtinere

140 935 266 982 solet,
294 935 442 982 quando
469 947 540 983 pax
562 935 711 983 aliqua,
740 945 782 973 ut
806 947 906 974 nunc
943 936 1142 983 Cimonia,
1169 935 1267 974 inter

141 1006 233 1043 duas
267 1013 395 1053 gentes
423 1006 473 1043 sit
506 1005 626 1053 facta,
656 1017 766 1053 quam
795 1014 952 1054 utraque
977 1007 1124 1044 solvere
1145 1005 1265 1053 velit,

139 1075 249 1124 cujus
290 1086 378 1113 vero
425 1076 627 1113 solutionis
661 1069 785 1114 neutri
835 1077 984 1113 occasio
1028 1075 1261 1124 praebeatur.

136 1147 300 1193 Ingenue
319 1154 441 1183 tamen
465 1145 610 1192 fateor,
625 1146 714 1183 haec
739 1154 953 1193 argumenta
979 1156 1056 1183 non
1073 1153 1266 1193 tantopere

137 1201 289 1262 valerej
309 1222 351 1252 ut
372 1226 448 1252 rem
474 1227 543 1263 pro
559 1223 661 1253 certo
689 1215 938 1263 affirmemus3
965 1227 1095 1254 verum
1122 1216 1162 1254 in
1185 1224 1267 1255 tan-

137 1293 173 1322 ta
220 1284 389 1322 veritatis
428 1284 613 1333 caligine,
668 1285 756 1322 haec
807 1285 986 1323 sententia
1026 1285 1161 1323 minori
1196 1286 1266 1324 du-

134 1353 307 1391 bitationi
335 1354 498 1392 obnoxia
520 1354 695 1403 videtur,
724 1367 835 1403 quarn
861 1355 895 1394 si
927 1356 1033 1393 aliam
1061 1367 1266 1404 quamcun-

139 1434 213 1470 que
226 1434 454 1484 sequamur.

190 1520 279 1558 Obs.
306 1520 413 1559 XIX.
454 1520 646 1558 Discimus
685 1532 705 1557 e
742 1519 971 1558 Philochoro
1011 1520 1108 1570 (1),
1148 1522 1260 1560 tertio

136 1590 284 1629 demum
308 1601 432 1636 anno,
462 1599 664 1638 postquam
689 1590 976 1628 Lacedaemonii
1004 1591 1262 1630 phocensibus

137 1661 371 1709 Delphorum
396 1661 574 1708 templum
608 1660 858 1707 ademissent,
894 1660 1137 1700 Athenienses
1167 1662 1265 1700 hanc

138 1731 266 1770 urbem
289 1733 336 1769 iis
361 1730 590 1779 reddidisse;
619 1731 667 1768 ita
687 1739 727 1768 ut
750 1732 910 1779 primum
926 1731 1063 1769 bellum
1083 1743 1182 1770 anno
1205 1734 1257 1771 A.

136 1802 186 1840 C.
205 1812 296 1850 450.
317 1809 463 1849 gestum
487 1801 550 1838 sit.
580 1800 719 1849 Quod,
742 1812 857 1848 quum
883 1813 951 1849 per
973 1813 1012 1840 se
1034 1802 1108 1851 jam
1130 1801 1257 1841 minus
1311 1850 1313 1852 q

133 1871 184 1910 sit
227 1871 456 1917 verisimile,
497 1881 652 1919 propter
685 1882 812 1919 pacem
849 1883 945 1920 quae
989 1871 1055 1910 illo
1093 1880 1261 1921 tempore

131 1941 228 1980 inter
257 1942 420 1980 diversas
448 1941 625 1979 Graeciae
662 1941 798 1989 stirpes
832 1950 909 1978 erat
950 1942 1115 1988 sancita,
1155 1943 1259 1981 insu-

138 2022 202 2059 per
233 2011 342 2048 etiam
382 2012 599 2049 confutatur
637 2011 777 2048 diserto
814 2011 1006 2049 Plutarchi
1043 2012 1259 2050 testimonio

130 2080 288 2122 dicentis
303 2093 312 2118 :
337 2084 436 2126 εὐθὺς
453 2112 462 2121 .
483 2107 494 2119 .
511 2113 521 2122 .
539 2108 549 2118 .
567 2081 680 2122 πάλιν
699 2083 880 2130 εἰσήγαγε
902 2086 983 2127 ’τούς
1011 2085 1154 2128 Φωκέας
1172 2083 1256 2133 (2).

169 2202 221 2239 (1)
242 2201 278 2229 In
303 2200 460 2235 Aristoph.
479 2202 562 2229 Avv.
581 2201 682 2229 schol.
704 2209 750 2229 vs.
772 2210 838 2237 557.
878 2218 883 2222 ·
1156 2154 1240 2192 Doc

171 2259 224 2295 (2)
246 2258 340 2288 Conf.
360 2266 435 2293 quae
452 2260 488 2286 de
512 2257 556 2286 his
574 2257 651 2287 dixit
668 2258 765 2288 Clint.
786 2258 818 2288 in
835 2261 917 2295 App.
935 2268 1002 2295 cap.
1024 2261 1093 2291 VII.
1112 2269 1176 2292 not.
1196 2269 1236 2291 m.
