1502 2767
407 170 1004 214 THEOLOGICA.
1221 177 1266 212 27

159 285 474 337 exspectavisset,
526 293 635 331 quarn
673 290 714 320 ut
753 281 860 319 etiam
896 277 1152 321 phoeniciam,
1202 275 1269 323 Ju-

162 360 283 397 daeam
323 366 358 394 et
401 353 561 403 Lybiam
604 353 677 390 sibi
712 350 942 400 subjiceret?
995 348 1131 387 Punica
1177 347 1275 384 bella

160 438 287 466 nonne
324 438 369 465 ex
408 426 491 474 ipsa
530 424 784 462 Romanorum
834 429 870 458 et
909 416 1271 466 Carthaginiensium

162 497 313 546 ingenio
367 504 404 534 et
460 494 657 540 utriusque
709 492 842 541 populi
897 491 1038 528 ratione
1087 487 1276 537 provideri

163 576 336 617 poterant
358 566 377 605 ‘3
430 565 522 613 quid
580 563 684 602 aliter
740 561 979 612 judicandum
1031 560 1074 596 de
1126 558 1232 595 beilis
1260 586 1274 603 ,

165 649 287 685 quae,
339 644 382 674 ut
420 646 572 684 regnum
624 633 787 681 undique
825 641 948 670 tutum
986 639 1109 675 esset,
1159 640 1282 677 gesse·

168 715 255 746 runt
297 706 391 745 varii
436 704 602 754 populi?
657 703 760 753 Quid
805 703 850 739 de
891 701 1026 747 belliS,
1082 711 1174 746 quae
1213 710 1282 747 pro

169 777 306 823 sociis,
335 775 559 824 quibuscum
598 773 793 823 adjuvandi
834 780 898 809 aut
942 770 1164 808 defendendi
1198 781 1286 806 cau-

170 859 210 885 sa
234 847 381 884 foedera
408 846 481 883 icta
504 853 619 891 sunt,
647 843 816 893 inprimis
845 842 1036 888 Rotnani,
1064 842 1247 879 bellarunt
1264 841 1282 878 ‘22

170 917 263 956 Non
301 924 471 964 poterant
511 925 587 952 non
637 914 797 951 existere
833 912 928 949 bella
964 912 1184 951 Germaniae
1216 923 1286 959 po-

169 986 282 1034 pulos
305 985 401 1022 inter
419 995 457 1022 et
477 984 699 1030 Romanos3
728 982 852 1019 itidem
876 982 1134 1030 expeditiones
1151 1011 1163 1028 ‚
1193 994 1285 1029 quas

171 1055 309 1093 milites
336 1066 445 1092 cruce
470 1053 604 1102 signati
636 1053 826 1091 Orientem
855 1064 986 1090 versus
1023 1061 1285 1100 susceperunt.

171 1126 311 1165 Nonne
336 1125 433 1163 idem
467 1124 753 1174 exspectandum
780 1125 826 1161 de
856 1124 1010 1172 populis
1031 1151 1044 1171 ,
1075 1124 1138 1170 qui
1162 1123 1290 1161 etiam-

172 1208 261 1236 num
297 1195 422 1234 servili
455 1197 548 1245 gugo
581 1204 799 1243 premuntur
826 1195 928 1244 (ιγ.)

225 1268 327 1305 Haec
365 1266 574 1313 similiaque
607 1265 704 1303 bella
732 1265 796 1312 qui
834 1265 962 1302 evitari
989 1264 1103 1311 velit,
1134 1264 1292 1302 Numini

174 1322 375 1385 supremo,
404 1336 468 1385 qui
502 1335 682 1384 sapientia
709 1336 855 1373 summa
886 1337 1063 1372 mundum
1086 1334 1290 1382 gubernat,

176 1406 402 1454 praescribat
429 1415 607 1455 oportet,
637 1413 681 1443 ut
704 1406 934 1454 populorum
966 1413 1158 1451 naturam,
1186 1404 1298 1442 indo-

176 1478 282 1525 lem,
316 1477 534 1525 ingenium,
577 1475 814 1514 humanitatis
856 1487 1081 1524 progressus
1125 1487 1296 1513 commu-

175 1555 259 1594 tet,
287 1558 355 1585 nec
391 1547 580 1595 patiatur,
610 1555 652 1585 ut
677 1546 811 1594 populi
843 1547 931 1583 tales
959 1547 1137 1592 evadant,
1167 1558 1186 1583 a
1215 1546 1298 1593 qui·

179 1616 250 1654 bus
269 1617 364 1654 bella
389 1617 452 1654 vix
484 1625 548 1654 aut
575 1627 623 1655 ne
650 1617 714 1654 vix
739 1616 888 1663 quidem
912 1618 1076 1654 amoveri
1105 1618 1268 1665 possint.

230 1687 339 1725 Hanc
383 1699 562 1736 quoque,
616 1687 680 1735 qui
721 1687 883 1726 Ethicen
921 1684 1102 1726 >omnibus
1139 1688 1292 1735 populis

175 1757 429 1808 praescribere
460 1758 612 1807 cupiat,
643 1759 873 1806 populorum
910 1758 1071 1796 indolem
1110 1768 1146 1796 et
1180 1758 1294 1796 ratio·

178 1840 246 1868 nes
279 1829 443 1867 attendat
470 1840 629 1882 necesse
667 1837 750 1876 est3
780 1838 816 1866 et
848 1828 935 1866 licet
967 1829 1034 1866 hac
1065 1830 1292 1877 populorum

178 1899 502 1948 contemplationes
520 1910 598 1937 non
627 1911 671 1937 eo
697 1901 876 1947 ducatur,
906 1908 948 1937 ut
972 1900 1068 1937 bella
1090 1899 1175 1938 talia
1199 1911 1296 1937 sem-

181 1982 248 2018 per
269 1971 369 2020 J'usta
402 1979 439 2009 et
474 1970 681 2009 necessaria
711 1970 963 2020 pronunciet,
1017 1981 1062 2008 ex
1098 1982 1137 2008 ea
1173 1979 1295 2008 tamen

180 2040 323 2088 discat,
364 2040 500 2079 bellum
538 2043 611 2079 tale
649 2041 686 2080 in
723 2053 844 2080 rerum
885 2042 1126 2080 humanarum
1165 2042 1295 2079 condi-

1223 2123 1296 2151 tio-

221 2206 272 2244 (1)
294 2208 419 2243 Legatur
435 2209 485 2238 liic
504 2204 779 2246 Tzscitirirer,
801 2212 822 2239 1.
846 2212 867 2240 1.
892 2210 944 2246 qui
962 2210 1097 2245 pluribus
1117 2212 1176 2241 hoc
1194 2212 1294 2247 expli-

184 2271 259 2293 cmx.
