1523 2745
436 162 996 226 LITERAR1A.¹
1207 180 1251 217 μ

159 290 161 292 -
191 270 307 322 Quod
330 272 462 311 attinet
487 272 648 320 denique
669 274 714 313 ad
733 286 801 322 ea,
830 286 924 323 quae
951 274 1020 313 Ion
1053 284 1175 315 narrat
1208 278 1254 316 de

140 341 223 393 ejus
255 342 430 391 superbia
461 344 532 393 (1)
565 351 603 381 et
636 343 737 382 fastu
758 353 845 394 post
879 345 1048 385 devictos
1077 347 1249 395 Samios,

140 412 319 452 adversus
355 412 416 451 illa
439 413 686 461 patrocinium
711 414 783 452 viri
808 415 975 464 suscepit
997 416 1218 459 Plutarchus
1235 446 1250 467 ,

141 481 176 519 si
195 483 424 531 modoJ'usta
443 482 679 532 criminati03
708 494 784 522 non
820 484 917 523 enim
941 487 1123 525 continuo
1160 488 1252 528 fides

140 550 307 590 habenda
330 551 475 591 auctori
501 561 574 591 tam
595 552 727 602 ignoto
743 581 757 600 ,
784 554 1002 602 praesertim
1029 567 1146 604 quum
1175 560 1253 597 ani-

138 631 222 660 mus
246 620 397 661 Periclis
422 621 483 662 illa
508 622 592 662 labe
615 622 655 662 in
674 623 755 662 aliis
780 625 891 663 rebus
917 626 1068 667 minime
1089 627 1246 670 affectus

138 700 325 742 appareat.

630 818 668 865 §-
711 829 771 856 10.

188 938 429 979 Pervenimus
464 942 511 979 ad
547 941 718 982 ultimum
752 953 789 983 et
824 947 1083 996 gravissimum
1106 958 1256 1001 tempus

138 1007 237 1047 vitae
258 1009 436 1058 Periclis,
468 1022 545 1059 quo
569 1013 706 1052 bellum
739 1015 832 1054 illud
853 1018 1017 1066 exarsit,
1045 1022 1148 1069 qnod
1173 1025 1258 1062 uni-

136 1088 266 1117 versae
297 1090 413 1128 paene
448 1081 630 1121 Graeciae
655 1084 786 1123 faciem
819 1089 1079 1130 commutavit.
1132 1092 1257 1142 Cujus

136 1147 224 1187 belli
254 1160 372 1197 quum
394 1159 526 1189 auctor
556 1154 673 1203 vulgo
693 1155 860 1194 ‘Pericles
884 1158 1148 1209 perhibeatur,
1177 1173 1256 1202 non

135 1218 202 1257 abs
239 1229 280 1258 re
324 1220 497 1261 ducimus
546 1222 764 1272 diligentius
815 1225 1007 1275 aliquanto
1046 1231 1086 1269 in
1121 1243 1254 1273 causas

132 1289 215 1339 ejus
249 1288 465 1339 inquirere,
493 1300 671 1341 quantum
704 1293 785 1333 fieri
811 1297 934 1344 possit
959 1309 1088 1339 verum
1113 1313 1136 1341 a
1160 1302 1255 1345 falso

136 1357 177 1398 in
205 1359 321 1398 ardua
346 1360 415 1399 hac
440 1361 660 1410 quaestione
684 1374 933 1407 secernentes.

183 1428 412 1470 Graecarum
444 1431 639 1472 civitatum
659 1436 941 1483 potentissimae
960 1449 1064 1479 erant
1083 1443 1254 1485 Athenae

132 1506 172 1538 et
206 1499 366 1549 Sparta,
392 1513 486 1550 quas
522 1502 731 1554 institutis,
772 1507 968 1557 moribus,
1005 1523 1161 1560 prorsus
1199 1517 1256 1555 di·

133 1579 260 1608 versas
289 1571 488 1621 conjunxit
513 1573 662 1621 quidem
687 1576 887 1624 aliquando
924 1592 1123 1623 commune
1156 1588 1256 1635 peri·

133 1639 291 1688 culum,
333 1650 463 1680 verum
505 1653 595 1683 mox
632 1644 787 1686 divulsit
831 1649 1063 1700 principatus
1104 1658 1252 1697 tenendi

133 1708 317 1750 studium.
382 1711 587 1753 Crescente
624 1715 857 1758 Athenarum
885 1723 1107 1765 auctoritate
1120 1754 1134 1775 ,
1158 1727 1256 1771 invi-

136 1777 166 1816 ti
197 1778 468 1820 Lacedaemoni
487 1783 596 1823 maris
621 1785 816 1836 imperium
836 1791 881 1829 ad
900 1795 1077 1834 aemulam
1106 1807 1253 1845 gentem

134 1849 295 1889 delatum
328 1851 504 1892 videbant
537 1855 633 1905 (2),
661 1865 699 1896 et
719 1859 765 1897 ab
792 1872 836 1899 eo
856 1861 941 1901 inde
967 1872 1133 1915 tempore
1155 1870 1250 1909 nihil

1186 1952 1251 1979 an·

174 1981 227 2020 (ι)
248 1984 300 2015 Cf.
317 1987 397 2016 Plut.
420 1987 456 2016 de
474 1988 570 2023 gloria
591 1991 707 2022 Athen.
728 1994 798 2024 VII.
816 2000 887 2031 382.
910 1998 1043 2030 Reiskii.

172 2039 226 2076 (α)
245 2041 346 2072 Thuc.
368 2045 393 2073 1.
414 2051 464 2081 95.
487 2053 518 2075 et
535 2047 634 2077 Diod.
660 2050 712 2082 XI.
737 2060 789 2089 4¹·
812 2061 857 2088 sq.
878 2062 926 2088 50.
955 2057 1079 2088 Factum
1095 2061 1156 2091 hoc
1170 2062 1249 2093 intra

136 2097 262 2134 olymp.
281 2099 402 2131 LXXV.
425 2111 452 2133 a.
470 2111 499 2139 4.
520 2119 567 2126 ——
585 2106 719 2138 LXXVI.
750 2117 783 2138 a.
813 2121 841 2141 2.
869 2113 973 2143 statuit
1001 2115 1126 2146 Clinton
1152 2120 1188 2149 F.
1211 2122 1252 2151 H.

133 2153 166 2182 in
184 2154 313 2188 Excurs.
335 2160 385 2189 VI.
405 2168 437 2195 p.
459 2165 623 2199 248—252.
645 2165 698 2201 qui
716 2175 803 2196 acute
822 2177 900 2200 vett.
916 2177 1071 2203 auctorum
1090 2180 1254 2208 sententias

134 2210 166 2240 in
189 2214 384 2245 concordiam
410 2219 547 2256 redegit,
568 2228 599 2249 et
624 2223 779 2254 Dodwelli
800 2227 836 2255 ad
864 2228 984 2265 olymp.
1004 2229 1153 2264 LXXVII.
1173 2240 1202 2264 a.
1224 2245 1253 2271 3·

134 2268 194 2297 hoc
209 2270 370 2302 referentis
391 2282 525 2305 errorem
545 2272 727 2315 redarguit.‘
