1502 2767
400 176 1005 216 THEOLOGICA.
1217 190 1266 226 43

656 299 691 349 g,
735 313 772 340 α.

179 436 452 486 Argumentum
475 439 634 487 primum
662 453 731 490 pro
760 442 845 480 belli
870 442 1015 481 licentia
1037 442 1178 492 petitur
1201 455 1246 481 ex

207 518 252 543 eo
269 535 282 553 ‚
297 506 398 557 quod
403 512 670 558 gravissimum
697 513 873 550 Civitatis
898 513 1087 551 consilium
1103 541 1115 557 .‚
1132 526 1227 562 qua-

233 577 266 614 le
284 590 330 615 ex
344 572 497 617 Ethiccs
521 580 760 619 Christianae
783 580 957 619 doctrina
979 594 1051 619 csse
1072 581 1173 620 dehac
1188 609 1201 627 .,

257 648 415 686 obtineri
435 661 593 700 nequeat
608 678 622 699 ,
651 654 750 699 nisi,
780 652 843 690 ubi
869 653 986 690 aliter
1006 651 1098 701 fieri
1121 666 1180 691 m:—

321 720 405 770 quit
420 747 432 766 ‚
443 721 570 770 populi
580 721 682 769 jura
695 725 747 771 .νὶ
769 722 966 760 vindicare
986 724 1111 761 liceat.

209 855 278 894 Uti
315 859 507 906 religionis
535 860 770 899 Christianae
795 861 996 899 consilium
1021 862 1191 902 homines
1230 874 1277 901 eo

159 924 290 973 ducit,
344 937 385 966 ut
420 930 465 966 ad
499 929 769 977 perfectionem
803 932 957 969 tendant
995 934 1195 979 moralem,
1231 933 1283 972 ita

159 996 407 1034 sectatoribus
436 998 513 1035 suis
539 999 576 1036 id
600 999 788 1047 imponit,
821 1010 862 1039 ut
891 1002 1098 1050 purissimo
1115 1032 1129 1051 ,
1158 1016 1202 1042 ex
1229 1017 1288 1042 ra·

159 1062 264 1102 tione
290 1066 360 1103 rite
382 1068 526 1105 exculta
545 1069 753 1116 profluente
768 1100 781 1119 ‚
798 1072 868 1110 Dei
891 1081 928 1110 et
953 1073 1144 1112 hominnm
1159 1087 1284 1112 amore

158 1133 289 1181 ducti,
306 1146 399 1182 quae
414 1137 484 1174 Dei
509 1141 767 1186 promovendo
788 1142 924 1179 honori
950 1151 986 1180 et
1005 1144 1198 1182 hominum
1227 1156 1287 1184 sa-

161 1203 232 1241 luti
255 1203 483 1254 inserviant,
512 1209 736 1248 meditentur
761 1220 797 1249 et
821 1222 930 1260 agant
957 1213 1043 1263 (1).
1085 1215 1179 1253 Non
1208 1224 1289 1254 tan-

1205 1295 1285 1325 tum

200 1386 253 1425 (n)
275 1387 462 1419 Christianos
489 1392 625 1421 onmium
653 1396 778 1425 omnino
796 1398 953 1427 hominurn
972 1402 1099 1429 salutem
1120 1409 1287 1436 promove-

163 1451 196 1472 re
215 1446 349 1481 debere,
369 1455 402 1475 ut
425 1447 491 1476 aliis
518 1450 638 1479 Ethices
671 1454 744 1482 Chr.
772 1456 966 1492 praeceptis,
989 1457 1028 1485 ita
1046 1458 1117 1486 satis
1136 1457 1290 1487 evincitur

164 1512 203 1534 ex
226 1515 285 1543 eo,
323 1509 405 1543 quod
428 1510 538 1539 amoris
562 1511 716 1548 principio
745 1522 832 1550 agere
857 1515 1022 1553 jubentur3
1047 1515 1189 1560 ἀγαπᾷν
1207 1521 1288 1549 enim

165 1577 234 1598 cum
267 1566 425 1610 εὐλογεῖν
440 1595 450 1608 ,
475 1574 592 1611 καλῶς
615 1575 740 1614 ποῖειν,
768 1578 1011 1619 προςεύχεσθιιι
1028 1600 1039 1618 ,
1081 1573 1291 1620 permutatur,

163 1627 239 1657 Luc.
260 1629 300 1657 V.
318 1639 366 1667 44.
390 1631 485 1659 Amor
510 1640 579 1667 erga
606 1634 745 1664 homines
767 1638 827 1665 Dei
851 1647 985 1668 amorem
1011 1649 1147 1670 normam
1167 1643 1287 1672 habeat.

164 1684 276 1714 Matth.
301 1688 338 1715 V.
367 1698 417 1725 45.
445 1693 496 1726 48.
530 1691 603 1720 Luc.
624 1692 679 1722 VI.
711 1702 761 1727 35.
808 1695 871 1728 jam
896 1703 995 1730 vero,
1017 1698 1175 1731 quomodo
1201 1697 1289 1728 hicce

164 1740 224 1768 Dei
250 1750 333 1771 amor
353 1752 385 1772 se
414 1746 635 1778 manifestavit?
660 1748 693 1778 si
713 1751 748 1778 ad
764 1751 867 1780 mundi
887 1753 1137 1787 gubernationem
1153 1762 1184 1784 et
1200 1764 1290 1785 reve-

164 1798 288 1828 lationis
313 1799 467 1831 historiam
491 1807 642 1841 attendas,
665 1807 695 1835 in
724 1816 783 1845 eo,
808 1812 890 1844 quod
917 1811 1056 1841 homines
1081 1813 1116 1841 ab
1134 1812 1226 1841 initio
1243 1813 1290 1842 in.-

164 1855 203 1883 de
223 1857 260 1884 ad
283 1858 505 1892 perfectionem
535 1865 679 1892 moralem
708 1874 738 1894 et
764 1865 835 1895 inde
863 1876 963 1898 natam
988 1870 1167 1900 felicitatem
1187 1873 1290 1907 grada-

165 1913 219 1941 tim
245 1916 356 1943 ducere
374 1918 492 1954 voluit,
514 1918 563 1955 (ut
580 1923 625 1950 cl.
649 1923 935 1959 Muntinghius
959 1927 991 1954 in
1014 1935 1080 1956 toto
1107 1937 1161 1957 suo
1192 1938 1288 1965 opere

167 1972 384 2001 Geschicdenis
401 1975 455 2002 der
478 1978 669 2006 menschlzeid
684 1981 844 2018 ostendit).
871 1983 1037 2020 Quomodo
1049 1986 1107 2013 Ens
1128 1994 1159 2021 q.-
1173 1987 1201 2017 d.
1218 1995 1288 2022 per-

165 2026 301 2058 sectione
318 2031 424 2059 mut-ali
445 2035 597 2070 gaudens,
614 2035 696 2064 aliud
715 2038 788 2073 quid
806 2039 882 2067 velit
902 2049 918 2068 a
937 2041 1050 2070 naturis
1065 2043 1287 2074 rationalibus?

166 2085 235 2119 lpse
244 2087 329 2123 jesus
338 2089 622 2126 Christus‚quem‘
613 2093 726 2122 imitari
745 2103 798 2130 par
817 2104 880 2132 est,
904 2105 959 2132 per
976 2105 1070 2127 totam
1091 2108 1174 2129 suam
1195 2103 1288 2131 vitam

168 2141 226 2170 sibi
249 2151 310 2172 non
338 2144 419 2174 aliud
453 2148 614 2178 consilium
638 2151 733 2185 fuisse
758 2154 951 2188 propositum
980 2157 1126 2187 ostendit.
1173 2161 1288 2189 Notum

170 2205 217 2227 est
239 2201 375 2231 Kantii
400 2205 552 2243 scholam,
572 2207 708 2237 formalia
733 2216 764 2239 et
788 2211 952 2241 materialia
977 2213 1127 2250 principia
1153 2223 1286 2245 statuen-

171 2262 251 2294 tem,
273 2259 308 2287 ad
327 2260 401 2290 haec
416 2263 520 2292 salutis
545 2265 686 2300 publicae
707 2267 891 2303 principium
906 2270 1058 2300 retulisse.
