1502 2767
201 195 271 231 218
431 191 1086 231 COMMENTATIO

197 301 242 351 iri
276 300 472 349 injuriam,
525 308 562 338 et
599 299 726 337 urbem
767 302 825 337 vel
870 312 986 339 arcem
1034 302 1305 342 non‘ulterius

196 356 345 410 defendi
379 381 491 419 posse
526 369 810 418 praevidentes,
834 370 944 409 citius
982 371 1063 410 sine
1100 372 1178 411 ullo
1204 382 1304 411 metu

195 451 278 479 sese
307 441 482 487 tradunt3
514 424 625 499 nemo
651 440 696 476 de
728 450 768 476 se
799 439 1053 479 interficiendo
1086 441 1225 490 cogitat
1251 441 1301 480 ob

194 511 286 548 mala
321 509 366 548 ab
397 509 572 548 hostibus
605 508 677 547 sibi
717 508 817 547 forte
851 512 1068 560 metuenda3
1096 523 1173 550 non
1197 512 1302 551 aliam

191 582 385 630 patiuntur
417 580 590 635 fortunae
622 579 887 628 mutationem,
939 581 1013 619 nisi
1053 583 1155 630 quod
1190 582 1302 621 alium

190 651 378 690 dominum
417 658 635 699 agnoscant.
688 650 803 700 Quod
839 650 927 690 olim
966 652 1174 691 Alexander
1203 665 1305 702 mag-

191 732 263 759 nus
298 720 462 769 politicis
500 721 634 758 ductus
670 719 843 758 consiliis
877 721 1011 759 Porum
1043 733 1122 761 non
1146 722 1304 761 obtrun-

192 792 292 839 cari,
319 801 386 829 nec
420 790 520 828 cives
551 789 708 828 interfici
740 791 800 828 vel
835 790 875 828 in
907 791 1121 832 servitutem
1160 793 1302 841 redigi,

191 872 299 909 agros
345 872 422 898 non
467 861 635 907 decurri,
687 860 799 898 urbes
839 872 916 899 non
954 863 1089 900 vastari
1121 863 1297 912 jubebat,

190 941 254 968 aut
291 932 393 979 quod
423 930 585 969 Romani
610 941 906 979 nonnunquam,
936 944 1013 980 quo
1047 933 1172 981 plures
1208 932 1305 971 mili-

188 1009 244 1037 tes
287 1000 490 1047 haberent,
545 1001 667 1037 eadem
712 1012 795 1038 cum
835 1001 991 1040 devictis
1038 1002 1180 1041 ratione
1219 1014 1302 1052 age·

187 1071 306 1118 bant3
354 1071 391 1108 id
423 1070 560 1117 hodie,
613 1081 690 1108 non
729 1072 779 1108 ob
817 1071 968 1119 politica
1006 1072 1184 1119 consilia,
1235 1073 1301 1111 sed

188 1142 274 1188 quia
305 1140 542 1178 humanitatis
571 1141 652 1189 J‘ura
687 1149 723 1178 et
756 1140 924 1190 justitiae
960 1141 1228 1189 aequitatisque
1251 1142 1303 1179 le-

186 1223 251 1260 ges
297 1211 485 1260 flagitant,
540 1210 636 1248 inter
682 1221 810 1248 omnes
847 1212 1009 1259 populos
1061 1211 1300 1250 Christianos

184 1292 288 1319 more
317 1289 505 1328 receptum
542 1288 625 1327 est;
668 1280 706 1318 id
731 1290 860 1318 omnes
895 1279 1154 1328 gravissimum
1189 1271 1301 1318 suum

184 1351 344 1389 officium
378 1363 459 1388 esse
489 1358 656 1387 censent.
712 1350 751 1388 Si
777 1349 862 1397 quis
889 1350 1002 1388 hodie
1032 1350 1200 1388 devictos
1227 1351 1298 1390 sub

179 1422 309 1470 jugum
335 1421 503 1467 mittere,
543 1420 770 1466 distrahere,
813 1421 870 1456 vel
902 1420 1098 1457 tormentis
1135 1419 1301 1469 exquisi-

181 1490 338 1528 tissimis
375 1490 538 1527 cruciare
575 1490 694 1536 velit,
724 1489 888 1526 omnium
920 1490 1147 1537 populorum
1177 1490 1297 1538 ipsius

182 1561 415 1600 insolentiam
460 1560 708 1597 condemnans
755 1561 849 1597 clara
887 1570 964 1596 vox
1003 1560 1091 1597 satis
1131 1560 1298 1608 probat,

183 1634 249 1681 qui
299 1633 402 1670 aliter
450 1631 560 1684 hodie
607 1642 716 1678 quam
759 1630 845 1667 olim
905 1629 1064 1667 sentiant
1110 1629 1296 1668 homines.

181 1703 427 1742 Subactorum
460 1701 567 1749 agri,
597 1700 708 1738 urbes
728 1729 740 1746 ,
770 1708 1008 1738 monumenta
1045 1711 1121 1738 non
1155 1709 1299 1738 vastan-

178 1782 267 1819 tur,
301 1781 455 1819 totaque
486 1771 588 1808 natio
623 1782 699 1808 non
734 1769 905 1808 funditus
941 1771 1083 1808 deletur
1118 1781 1185 1808 nec
1223 1771 1294 1808 sub

178 1845 282 1881 hasta
316 1841 517 1889 venditum
548 1841 615 1878 sed
649 1841 880 1889 singulorum
909 1841 991 1888 jura
1022 1841 1293 1887 observantur,

180 1914 300 1950 diruta
337 1911 614 1957 restituuntur,
638 1909 825 1948 vulnerati
859 1919 1058 1958 curantur3
1098 1910 1163 1958 qui
1196 1911 1295 1949 dam·

180 1995 267 2022 num
294 1995 312 2020 e
339 1983 435 2019 bello
471 1982 652 2026 tulerint,
681 1972 726 2017 iis'
755 1979 996 2027 restituitur3
1035 1979 1125 2027 quin
1147 1980 1185 2017 id
1217 1980 1294 2029 agi-

181 2063 270 2100 tur,
311 2061 353 2090 ut
387 2051 418 2090 si
451 2051 573 2089 minus
604 2050 679 2088 sint
715 2049 849 2098 populi
885 2049 1023 2088 exculti
1053 2059 1089 2087 et
1113 2051 1290 2096 humani,

180 2124 350 2163 meliores
382 2131 417 2159 et
447 2121 632 2159 feliciores
675 2122 845 2158 evadant.
925 2120 1076 2167 Captivi
1111 2131 1187 2158 non
1223 2120 1292 2158 ob*

182 2203 424 2238 truncantur,
453 2203 568 2240 quum
594 2201 723 2228 omnes
756 2190 891 2227 milites
914 2189 1067 2238 gregarii
1088 2201 1164 2228 non
1190 2191 1290 2228 aliud

179 2268 240 2316 jus
275 2264 472 2308 noverint,
515 2273 652 2309 quam,
695 2260 725 2296 si
761 2260 845 2307 quis
878 2259 999 2297 hostis
1037 2271 1133 2297 arma
1176 2259 1290 2310 depo-

1209 2341 1291 2366 sue-
