1564 2750
400 176 912 223 LITERARIA.
1165 194 1218 232 99

101 289 181 329 lum
222 285 422 335 vestigium
459 286 649 326 invenitur
685 290 861 329 nei‘andae
886 290 997 330 istius
1021 290 1215 341 libidinis,

101 354 211 408 (quis
255 355 353 394 enim
394 366 556 395 amorem
597 358 775 407 vocet‘3)
829 371 924 407 quae
963 362 1064 399 omni
1099 370 1216 400 aetate

99 425 341 465 celeberimos
373 426 591 474 ceteroquin
627 427 992 481 honestissimosque
1025 431 1065 471 in
1099 432 1216 473 Grae-

99 495 157 536 cia
189 495 295 536 viros
320 495 546 545 inquinavit.
585 506 586 509 ¹

600 655 623 702 S
672 665 712 702 7·

478 817 706 872 Incorrupta
723 818 832 869 fides.

146 977 327 1028 Splendet
366 978 481 1029 hujus
517 979 671 1018 virtutis
711 980 820 1019 laude
863 980 1017 1020 Periclis
1050 992 1212 1030 nomen,

91 1048 156 1087 oui
193 1059 301 1086 amor
344 1048 513 1096 patriae,
564 1049 782 1097 integritas,
833 1059 1087 1099 constansque
1129 1062 1213 1099 erga

89 1117 231 1159 amicos
285 1116 545 1160 benevolentia
595 1130 636 1157 ac
685 1118 850 1158 studium
867 1148 880 1168 ,
933 1128 1007 1158 tam
1057 1122 1130 1160 alte
1169 1121 1209 1159 in

91 1189 216 1229 animo
252 1187 363 1227 insita
400 1186 580 1237 fuerunt3
639 1197 682 1227 ut
719 1190 889 1239 nescias,
941 1199 1067 1229 utrum
1113 1192 1212 1230 Peri-

90 1258 283 1308 clia-magis
319 1266 536 1299 ornamento
563 1257 725 1306 fuerint,
767 1269 813 1298 an
858 1260 939 1310 ipsa
982 1273 1026 1299 ex
1070 1262 1208 1300 illustri

90 1328 157 1367 illo
182 1327 355 1378 exemplo
378 1329 553 1379 majorem
578 1329 678 1377 apud
701 1340 830 1368 omnes
851 1317 1209 1369 commendationem

91 1398 314 1448 acceperint.
384 1398 483 1438 Nam
521 1398 610 1448 quis
645 1400 802 1448 patriam
841 1412 967 1439 revera
1004 1413 1124 1440 amare
1156 1402 1210 1439 di-

88 1475 218 1516 catur,
245 1468 318 1507 nisi
346 1469 428 1515 ille,
457 1469 523 1518 qui
551 1480 707 1517 omnes,
738 1482 852 1518 quum
877 1470 1072 1510 facultates
1100 1483 1213 1520 opes-

91 1550 191 1587 que,
217 1547 298 1580 tum
329 1538 467 1588 ingenii
494 1539 619 1587 vires,
646 1540 686 1578 in
708 1543 787 1592 ejus
809 1542 963 1580 salutem
994 1541 1210 1591 impendat3

91 1619 247 1656 seseque
288 1610 394 1648 nullo
435 1609 583 1658 privato
631 1612 737 1650 lucro
772 1624 792 1650 a
824 1612 964 1660 patriae
999 1613 1208 1652 commodis

90 1678 263 1718 curandis
293 1679 428 1719 abduci
460 1681 652 1729 patiatur?
704 1683 756 1722 Et
798 1695 875 1730 quo
915 1683 1062 1721 tandem
1101 1692 1212 1731 pacto

89 1747 251 1790 amicitia
274 1749 437 1791 ‚stabilis
474 1762 527 1789 ac⁴
549 1759 726 1790 constans
767 1763 849 1791 esse
884 1753 1049 1802 poterit,
1101 1753 1135 1791 si
1182 1753 1216 1792 ei

42 1866 45 1867 ⁷
87 1817 387 1868 firmamentum,
415 1822 521 1871 quod
534 1822 624 1861 fides
651 1823 957 1870 est‚demseris?
986 1824 1095 1863 Nihil
1117 1823 1214 1862 enim

89 1887 251 1938 stabileg,
278 1890 382 1937 quod
415 1890 586 1931 infidum.
647 1892 889 1942 Quapropter
911 1894 1015 1932 illum
1032 1923 1046 1942 ,
1088 1894 1153 1943 qui
1175 1894 1213 1933 in

87 1959 264 2000 secundis
284 1960 538 2008 'adversisque
578 1961 690 2000 rebus
731 1974 877 2011 gravem
895 1992 909 2011 ‚
950 1973 1210 2012 constantem,

89 2029 260 2070 stabilem
284 2036 325 2068 'se
347 2030 572 2079 praestiterit
588 2059 602 2079 ,
630 2043 711 2072 esse
739 2044 783 2070 ex
811 2035 966 2072 maxime
985 2046 1065 2073 raro
1091 2034 1212 2073 homi·

93 2104 184 2138 num
207 2109 339 2148 genere
356 2101 523 2150 judicare
546 2101 721 2140 debemus
736 2131 750 2150 ‚
777 2113 817 2142 ac
839 2115 956 2151 paene
977 2104 1103 2141 divino
1121 2104 1207 2153 (1).

1141 2173 1210 2212 Di-

85 2254 88 2258 ’
129 2261 183 2300 (ι)
203 2262 270 2292 Cic.
294 2263 331 2292 de
352 2263 474 2293 Amicit.
496 2272 561 2300 cap.
585 2274 632 2299 17.

118 2329 120 2333 ’
608 2320 644 2358 G
673 2333 696 2357 Ω,

1231 244 1332 276 sectio
1348 244 1390 277 11.
1402 243 1432 286 §.
1439 248 1469 280 6.·
