1507 2876
260 217 318 260 38
417 216 576 261 TH.G.
609 226 712 259 VAN
740 204 919 256 LID'TH
955 226 1018 256 DE
1041 212 1232 258 JEUDE

265 342 348 387 tica
397 343 571 386 sontium
612 340 904 398 indagatione,
950 347 1037 384 tum
1079 337 1381 398 disquisitionis

265 420 475 477 diligentia
508 420 559 462 de
590 417 907 463 Atheniensium
937 417 1156 476 ἦγεμονῖςος
1207 417 1392 463 cedebat>

264 510 366 540 vero
407 497 579 539 multum
623 494 683 537 rei
722 491 929 537 literariae
974 493 1212 552 cognitione
1259 500 1387 552 atque

263 571 464 615 orationis
493 570 641 614 latinae
672 569 872 615 bonitate.
945 573 1171 616 Auctorem
1213 585 1259 616 se
1295 570 1386 629 ejus

262 648 461 709 probavit

483 769 755 814 Henricus
793 785 893 831 vsan
923 771 1172 825 Belkum‚

376 854 412 883 iu
427 854 596 885 Academia
611 854 934 894 Rheno-'rrajeetina
957 854 1040 885 Litt.
1057 855 1157 885 Hum.
1169 853 1272 886 Cand.

685 913 718 939 et
731 908 846 938 Theoi.
864 908 963 939 Stud.

319 1031 407 1076 Nec
440 1046 543 1078 vero
589 1033 673 1077 suis
712 1034 971 1079 destituimus
1006 1034 1199 1079 laudibus
1235 1041 1386 1080 aucto-

262 1123 351 1152 rem
386 1108 688 1166 disquisitionis
729 1121 949 1169 quarMe,
989 1111 1088 1168 qui,
1120 1112 1203 1156 vita
1233 1111 1387 1171 impri-

262 1184 339 1228 mis
370 1186 618 1230 Periclis
661 1188 832 1241 ordine,
886 1188 1184 1247 perspicuitate
1218 1195 1259 1234 et
1298 1189 1387 1232 ele-

262 1261 400 1318 gantia
453 1264 714 1317 enarranda,
784 1279 987 1323 perquam
1037 1265 1160 1308 nobis
1213 1265 1384 1324 placuit.

263 1337 395 1396 Hujus
427 1346 645 1383 auctorem
677 1354 724 1384 se
750 1325 941 1398 prodidit

530 1465 820 1508 Antonius
864 1464 1112 1518 Backer,

408 1547 489 1578 Litt.
506 1548 601 1579 Hum.
618 1554 649 1577 et
664 1549 751 1578 Juris
766 1548 861 1579 stud.
874 1548 907 1577 in
923 1547 1050 1578 Illustri
1067 1547 1231 1577 Athenaeo

683 1602 980 1632 Amstelodamensi.

324 1733 444 1792 Quae
470 1742 638 1793 praeter
664 1735 739 1779 has
771 1744 950 1793 quatuor
981 1736 1104 1781 nobis
1129 1745 1384 1795 memoratae

265 1816 360 1853 sunt
396 1810 668 1869 scriptiones,
717 1813 821 1856 aliae
866 1809 955 1857 a'liis
999 1822 1214 1872 praestare
1259 1815 1383 1860 nobis

268 1884 376 1929 visae
412 1894 526 1939 sunt,
559 1902 704 1932 ornnes
744 1889 924 1933 studium
963 1890 1144 1934 auctoris
1188 1892 1383 1936 volunta-

264 1967 431 2017 temque
468 1963 591 2006 nobis
630 1965 894 2022 probarunt,
927 1980 1004 2010 nec
1031 1968 1194 2021 tamen,
1225 1968 1381 2026 judicio

263 2043 434 2090 nostro,
476 2040 736 2098 propositam
774 2042 1058 2098 quaestionem
1099 2044 1383 2103 explicuerunt

264 2113 378 2158 satis.

321 2189 410 2234 Vos
449 2205 616 2248 quoque
653 2194 773 2238 simul
816 2197 1067 2250 escendafis,
1098 2197 1380 2256 praestantis-

265 2264 358 2313 simi
391 2265 644 2313 Clarisse
684 2278 724 2315 et
763 2271 927 2317 Boot!
1017 2275 1224 2330 Aureum,
1264 2276 1380 2334 quod
