1523 2745
426 176 940 218 LITERARIA.
1195 178 1243 226 63

136 296 187 326 ut>
211 289 250 326 in
287 287 499 325 auditorum
533 287 721 325 mentibus
747 286 854 334 quasi
888 287 1037 326 aculeos
1063 287 1249 336 relinque·

132 367 207 396 ret.
253 357 457 396 Communi
492 357 654 404 denique
690 357 827 395 civium
861 368 1047 396 consensu
1086 357 1146 404 is,
1182 358 1248 405 qui

136 429 295 468 dicendo
336 428 429 465 male
463 427 617 464 audaces
651 427 877 474 reprimere,
916 428 1029 465 stulte
1063 428 1247 475 trepidan-

135 508 193 538 tes
229 499 367 547 erigere
408 505 552 545 poterat
583 497 683 546 (ι),
723 495 891 543 Olympii
928 497 1151 544 cognomine
1175 497 1244 545 (α)

135 568 272 618 dignus
305 575 362 604 est
394 566 574 613 habitus,
604 567 706 613 quod
732 566 819 603 olim
862 578 882 603 a
921 566 1087 604 Cornicis
1116 567 1154 604 in
1185 567 1249 604 de·

134 638 249 676 risum
273 644 481 684 acceperat:
512 635 651 682 idque,
677 644 718 674 ut
742 635 874 673 festive
897 635 941 674 ab
965 637 1129 675 Aristide
1148 637 1251 675 Rhe-

134 716 217 746 tore
251 706 430 754 scriptum
468 704 537 754 (3)
565 704 744 753 invenio,
792 705 967 744 facientes
1002 705 1252 746 Athenienses

135 779 262 819 ἔπαθον
284 793 319 817 τι
339 777 540 826 Ὀμηρίκον.

187 847 408 894 Priusquam
434 855 554 883 autem
580 845 814 892 eloquentiae
844 845 1026 883 Pericleae
1056 845 1252 892 imaginem

134 915 246 956 nobis
258 914 500 953 informemus
515 944 527 961 ‚
556 915 647 952 utile
668 915 736 953 erit
764 914 949 962 inquirere
967 942 980 961 ‚
1008 926 1053 952 an
1069 926 1245 961 umquam

137 985 298 1034 scriptae
321 984 515 1031 editaeque
543 983 682 1022 fuerint
714 985 793 1033 ejus
827 985 1031 1022 orationes.
1082 984 1252 1022 Affirmat

139 1055 274 1094 Cicero
305 1055 402 1104 (4):
443 1063 576 1103 negant
608 1055 848 1092 Plutarchus'
871 1054 938 1102 (5)
965 1064 1000 1091 et
1034 1053 1257 1103 Quinctilia-

138 1136 212 1165 nus
235 1125 333 1175 (6),
352 1166 353 1170 Ἰ
372 1135 532 1172 quorum
573 1123 662 1170 hic,
692 1135 808 1172 quum
843 1123 937 1161 nihil
971 1123 1127 1172 reperiat
1151 1126 1255 1162 tanta

139 1194 372 1243 eloquentiae
407 1193 504 1232 famil
534 1193 715 1241 dignum,
756 1205 825 1240 ea,
855 1204 950 1240 quae
991 1193 1061 1231 sub
1101 1193 1253 1231 Periclis

137 1265 288 1303 nomine
307 1263 547 1310 ferebantur,
584 1263 629 1301 ab
654 1264 735 1301 aliis
762 1276 844 1301 esse
864 1264 1074 1312 composita
1097 1264 1252 1313 judicat.

138 1336 240 1374 Haec
262 1334 375 1383 igitur
390 1333 572 1372 sententia
588 1361 601 1380 ‚
626 1345 646 1371 a
669 1333 836 1381 diligenti
860 1334 997 1371 arbitro
1023 1336 1192 1383 prolata,
1219 1343 1258 1373 et

137 1417 159 1444 a
183 1416 330 1444 summo
363 1402 567 1452 superioris
594 1403 674 1441 aevi
708 1403 838 1442 critico
864 1403 933 1452 (7)
958 1403 1112 1451 probata
1128 1432 1142 1450 ‚
1170 1403 1256 1442 uni-

139 1486 184 1513 ce
220 1485 306 1513 vera
336 1474 498 1511 videtur.
553 1474 604 1511 Et
625 1483 673 1510 ne
715 1481 849 1510 temere
881 1473 955 1512 illis
997 1474 1175 1512 assentire
1200 1475 1257 1513 vi-

140 1546 253 1592 dear,
278 1543 563 1582 animadvertere
584 1542 711 1589 lubet,
740 1544 898 1591 primurn
921 1543 1049 1591 viros,
1078 1545 1142 1591 qui
1166 1546 1249 1593 plu·

141 1615 273 1654 timum
308 1614 478 1652 valebant
511 1614 549 1651 in
581 1613 707 1670 libera*
733 1613 857 1661 aliqua
893 1614 1042 1652 civitate
1086 1614 1255 1652 noluisse

140 1685 218 1724 fere
247 1685 433 1723 orationes
470 1683 610 1732 scripto
644 1684 814 1722 mandare
859 1692 895 1721 et
942 1685 1101 1732 posteris
1133 1693 1255 1724 trans-

143 1757 314 1804 mittere,
363 1754 500 1805 iudicia
548 1752 773 1803 refugientes
821 1754 1056 1803 sequentium
1108 1763 1255 1803 tempo-

1145 1835 1253 1873 rum;

181 1921 233 1960 (ι)
254 1922 353 1952 Thuc.
375 1923 415 1953 11.
439 1927 487 1957 65.

178 1978 235 2017 (α)
255 1980 348 2009 Diod.
369 1978 428 2010 Sic.
447 1981 514 2009 XII.
533 1989 582 2018 40.
602 1980 681 2009 Plut.
703 1980 772 2008 Per.
793 1981 821 2008 8.

182 2038 236 2076 (3)
256 2036 351 2066 Arist.
373 2038 395 2066 1.
416 2038 438 2065 1.
457 2045 488 2072 p.
509 2044 575 2070 250.

184 2095 238 2133 (4)
258 2096 304 2123 De
323 2096 406 2124 Orat.
425 2095 467 2124 11.
491 2103 538 2126 20.
560 2096 643 2123 Brut.
659 2103 690 2130 7.

181 2150 234 2190 (s)
254 2154 331 2182 Plut.
352 2154 418 2182 Per.
440 2157 470 2183 8.
494 2151 559 2183 vit.
579 2152 618 2181 Χ.
639 2153 722 2180 Orat·
746 2159 779 2186 p.
800 2154 868 2186 832.
889 2150 928 2180 D.

184 2206 235 2245 (6)
257 2209 409 2245 Quinctil.
429 2210 453 2238 1.
476 2209 516 2238 0.
539 2209 594 2237 111.
618 2216 645 2237 ι.
667 2215 712 2237 12·
732 2208 797 2236 xu.
818 2216 849 2237 2.
872 2216 921 2236 22·
948 2213 978 2234 et
1000 2216 1045 2237 ιο,
1061 2215 1114 2243 49.

185 2265 241 2301 (7)
262 2265 432 2295 Rhunkem
454 2265 536 2294 Hists
561 2264 638 2295 Crit.
657 2265 741 2292 Orat.
773 2265 826 2293 Gr.
846 2272 878 2299 p.
899 2267 947 2298 38·
