1507 2876
284 243 327 270 10
507 228 1173 269 COMMENTATIO

278 341 367 378 nino
402 339 496 377 inter
536 339 696 388 Judaeos
730 339 846 387 palam
885 338 1054 377 confiteri
1096 339 1253 387 debuit,
1302 339 1392 380 falsa

276 421 344 457 spe
376 421 504 448 eorum
541 408 670 457 regni,
708 420 728 445 a
764 408 908 446 Messia
952 408 1193 457 restituendi,
1237 395 1418 450 ductos.⁴

273 480 416 519 Idcirco
463 491 546 517 sese
577 489 653 516 non
693 477 803 515 armis
843 477 991 517 defendi
1037 479 1160 518 voluit
1192 479 1387 520 Christus.

271 554 314 591 ΕΞ
346 553 410 597 ἐκ,
439 551 515 596 ait,
544 552 605 589 τοῦ
627 551 759 598 κόσμου
788 551 912 590 τούτου
933 549 973 595 ἦν
997 553 1017 596 ἡ
1042 552 1219 599 βασιλειοέ
1242 542 1389 600 ἧιέμῆ,

269 625 300 662 οἱ
326 624 495 671 ὑπηρέται
526 622 571 660 α’έν
604 623 633 659 οἱ
671 621 745 667 ἐμοὶ
781 622 986 670 ἠγωνίζοντο
1001 651 1013 664 ,
1040 620 1097 662 ἵνα
1122 624 1172 670 μὴ
1205 623 1388 671 παραδοθῶ

268 699 338 736 τοῖς
374 693 536 734 Ιουδοιίεις
575 691 660 740 (1).
727 690 822 740 Ejus
860 689 1027 728 doctrina
1068 699 1212 739 spectat
1246 697 1391 740 praete·

268 773 326 799 rea
375 761 538 798 omnium
589 760 754 808 gentium
812 758 1026 798 felicitatem
1075 768 1112 798 et
1152 762 1263 800 docet
1306 771 1389 799 om-

267 842 332 868 nes
373 831 542 868 homines
578 841 702 868 amore
742 842 822 867 sese
861 829 1024 867 invicem
1061 830 1261 879 complecti
1299 829 1384 880 (2).

268 901 379 938 Haud
403 900 592 939 miraberis
625 900 739 948 igitur
762 901 905 938 nullum
931 899 1109 938 disertum
1146 908 1384 948 praeceptum

265 983 284 1008 a
308 970 426 1018 Jesu,
462 971 521 1008 vel
545 970 626 1018 ejus
655 969 853 1017 Apostolis
872 997 885 1017 ‚
926 971 971 1008 de
1005 970 1104 1008 bello
1132 982 1214 1008 esse
1241 972 1383 1009 datum.

265 1041 446 1079 Attendas
473 1052 628 1089 quoque
653 1040 836 1089 plurimos
861 1040 998 1078 civium
1015 1068 1029 1088 ‚
1057 1040 1154 1078 inter
1180 1051 1277 1089 quos
1304 1052 1386 1079 ver·

265 1121 365 1150 satus
401 1110 473 1149 fuit
503 1110 640 1160 Jesus,
669 1121 746 1148 non
784 1121 864 1149 raro
893 1111 930 1148 in
954 1122 1071 1150 novas
1102 1122 1160 1149 res
1180 1110 1386 1159 turbasque

267 1182 478 1222 excitandas
509 1192 720 1229 propensos
762 1179 892 1222 fuisse.
943 1177 1023 1219 'Ille
1061 1180 1176 1228 igitur
1210 1192 1280 1229 pro
1317 1192 1386 1218 sua

266 1252 445 1300 sapientia
472 1263 554 1289 sese
579 1251 821 1289 commiscere
848 1251 962 1288 rebus
991 1251 1153 1299 publicis
1180 1251 1303 1289 noluit
1329 1251 1386 1289 id·

268 1334 342 1370 que
374 1323 475 1360 omni
516 1322 627 1360 modo
664 1321 818 1359 evitavit
857 1321 940 1370 (3).
1002 1322 1201 1370 Praecepta
1240 1330 1383 1360 tantum

265 1394 386 1439 dedit,
432 1392 570 1441 quibus
615 1392 702 1429 belli
743 1392 883 1430 semina
926 1391 1243 1439 diminuerentur,
1295 1390 1384 1429 belli

264 1466 474 1503 atrocitates
493 1465 747 1501 decrescerent
766 1462 863 1511 (4);
891 1471 1004 1509 atque
1029 1473 1095 1500 nec
1108 1462 1241 1511 Jesus,
1260 1473 1382 1509 neque

265 1535 442 1585 Apostoli
482 1535 619 1572 diserte
652 1535 855 1578 docerent,
893 1543 1045 1570 necesse
1084 1531 1158 1570 fuit
1194 1543 1260 1578 ea,
1287 1542 1382 1580 quae

1329 1614 1386 1639 ra-

264 1705 314 1731 ra!
338 1704 393 1731 m'e
420 1703 474 1730 der
501 1702 646 1736 Pm'iffk,
674 1709 703 1736 p.
734 1711 780 1735 57.
810 1708 863 1735 seq
903 1711 943 1718 «-
973 1698 1000 1727 si
1029 1706 1104 1727 vero
1130 1699 1190 1727 ulla
1216 1697 1263 1727 vis
1286 1696 1379 1729 insit,

264 1760 336 1788 mihi
360 1767 420 1788 non
445 1759 557 1788 exinde
584 1765 757 1793 argumenta
781 1757 964 1792 proferenda
995 1763 1084 1788 sunr3
1123 1763 1191 1783 nam
1221 1761 1336 1783 tantum
1364 1762 1380 1782 e

262 1818 398 1846 doctrina
423 1817 542 1845 Ethices
569 1816 757 1845 Christianae
780 1814 854 1855 mihi
879 1814 953 1841 licet
979 1812 1172 1847 ratiocinari,
1211 1811 1335 1841 minime
1364 1819 1381 1838 e

262 1875 375 1903 veteris
393 1876 573 1910 ⁷ludaeorum
597 1873 732 1902 civitatis
755 1871 942 1900 theocratico
967 1869 1125 1905 regimine.

301 1932 351 1969 (ι)
372 1934 442 1969 Joh.
466 1932 572 1960 XVlll.
595 1935 642 1966 36.

300 1992 352 2028 (2)
374 1989 466 2019 Conf.
499 1988 723 2022 Reinhard,
756 1988 872 2016 Prome
898 1995 969 2015 over
995 1986 1047 2013 bet
1069 1986 1162 2022 plan,
1188 1985 1316 2014 hetwelk
1343 1986 1378 2013 de

262 2050 400 2078 stichur
419 2049 468 2075 des
490 2046 716 2073 Christendoms
737 2051 783 2072 tot
803 2046 867 2072 ΙιοίΙ
883 2044 938 2072 der
955 2043 1069 2071 werold
1088 2043 1250 2078 ontwt‘erp.
1268 2043 1379 2078 (quem

263 2107 372 2135 librum
398 2114 414 2133 e
444 2103 620 2132 Germanica
644 2102 744 2137 lingua
771 2100 800 2130 in
826 2108 958 2129 nostram
992 2100 1085 2129 vertit
1111 2099 1158 2128 vir
1186 2100 1376 2128 venerandus

264 2162 296 2204 J.
317 2164 354 2193 L.
373 2160 656 2193 wolterbeek‚
679 2161 778 2187 Amse.
805 2157 908 2195 1816.)
929 2166 960 2194 p.
985 2160 1032 2187 23.
1053 2165 1140 2193 seqq.
1163 2166 1212 2194 ⁵4·
1235 2164 1322 2191 seqq.

301 2221 353 2256 (3)
375 2220 432 2257 Joh
463 2219 514 2246 Vl.
541 2225 586 2251 ¹5·
611 2216 690 2245 vm.
716 2224 761 2246 ιι.
784 2217 857 2245 coll.
881 2216 958 2244 Luc.
980 2215 1044 2244 X11.
1066 2223 1118 2249 13,
1143 2224 1186 2249 ¹4·

302 2278 353 2315 (4).
377 2276 476 2306 Conff.
501 2273 723 2308 Reinhnrd,
747 2274 884 2308 Prome,
906 2274 1016 2307 p.108.
1034 2279 1118 2306 seqq,
1140 2278 1169 2299 et
1188 2270 1374 2300 Tzschir-

264 2344 349 2371 ner,
372 2338 446 2362 iiber
470 2335 523 2360 den
553 2333 669 2366 Kricg,
692 2339 720 2364 p.
748 2339 810 2362 15⁴7·
