1564 2750
421 173 930 216 LITERARIA.
1181 184 1231 222 79

127 291 186 333 κοιὶ
206 289 379 333 ’δεδιότας
415 284 465 327 a&
499 286 642 332 ἀλόγως
679 284 907 329 durmale-tn
947 283 1057 324 πάλιν
1096 283 1154 323 ἐπὶ
1192 284 1233 323 τὸ

125 363 274 410 θαρσεῖν.
323 356 510 395 1d=etiam
545 354 765 393 Plutarchus
782 381 796 400 ,
833 362 1054 399 quamquam
1090 350 1234 389 diversa

124 424 484 477 quadam‘ratione,
531 426 576 463 de
613 435 658 462 eo
702 430 858 461 testatus
909 429 965 460 est
1018 420 1113 472 (1);
1172 421 1234 459 ad·

124 497 242 537 dens:
283 498 392 546 ἔδειξε
424 498 488 541 τὴν
520 495 722 546 ῥητορικήν,
751 492 874 543 (uara)
903 491 1107 539 Πλάτωνα)
1134 490 1233 539 (2),

124 568 379 617 ψυχαγωγίαν
411 566 545 611 οὖσαν,
584 565 644 605 καὶ
680 564 850 612 μέγιστον
875 562 976 611 ἔργον
1007 564 1140 606 αὐτῆς,
1167 562 1232 607 τὴν

121 637 200 686 περὶ
226 638 277 678 ’τὰ
309 637 372 684 ἤθη
399 636 459 676 aaa}
485 635 579 680 πάθη
616 635 779 683 μέθοδον,
823 631 936 681 ὥσπερ
975 632 1074 679 ’τινὰς
1112 630 1231 674 τόνους

124 706 185 746 naal
219 705 402 754 φθόγγους
426 708 578 754 ψυχῆς,
605 703 695 752 μάλ’
722 703 899 751 ἐμμελοῦς
923 703 1023 750 ἁφῆς
1051 700 1111 740 uoci
1136 700 1235 749 κρού-

123 790 211 819 σεως
221 776 416 824 δεομένους.·
441 771 672 811 Incredibilis
687 782 779 810 vero
802 770 862 809 ille
885 781 1081 808 successus
1096 797 1109 816 ,
1123 780 1233 817 quem

121 842 274 881 Periclis
315 843 526 891 eloquentia
560 842 718 889 habuit,
745 852 823 879 non
856 841 967 879 modo
1005 852 1049 878 ex
1076 839 1136 877 illa
1159 847 1235 877 arte

123 913 364 962 explicandus
390 921 473 961 est3
510 913 575 951 sed
606 923 626 950 e
665 911 737 950 viri
771 909 955 960 probitate
990 918 1102 957 atque
1141 908 1236 946 inte-

123 982 279 1031 gritate,
306 984 350 1021 de
381 994 452 1031 qua
476 981 648 1031 pluribus
669 980 790 1019 dicere
811 979 856 1018 ab
875 980 1048 1017 hocloco
1074 978 1232 1016 alienum

122 1059 194 1090 est.
249 1052 392 1090 Verum
421 1051 561 1100 ingenii
599 1050 788 1098 animique
817 1050 924 1088 dotes
941 1077 954 1097 ‚
982 1047 1121 1096 quibus
1166 1047 1233 1086 Pe-

122 1121 229 1160 ricles
265 1129 339 1160 tarn
364 1121 520 1160 illustris
555 1120 657 1168 fuit,
692 1120 783 1158 adeo
819 1127 917 1157 arcte
952 1118 1048 1156 inter
1070 1128 1112 1156 se
1142 1128 1233 1155 con·

117 1192 267 1241 junctae
292 1199 409 1240 sunt,
435 1201 478 1230 ut
504 1191 550 1230 de
584 1190 642 1229 his
676 1189 783 1238 loqui
818 1199 897 1228 non
918 1188 1067 1237 possis,
1094 1187 1168 1226 nisi
1196 1196 1231 1224 et

120 1261 201 1301 illas
234 1269 377 1312 tangas,
417 1261 533 1312 Quod
555 1262 759 1300 luculenter
782 1259 953 1309 apparuit
978 1258 1230 1307 cognomine,

124 1341 202 1379 quo
232 1330 392 1369 Pericles
426 1331 472 1369 ab
513 1329 676 1378 antiquis
710 1330 916 1378 appellatus
949 1328 1037 1367 fuit.
1091 1328 1231 1379 Quam-

123 1412 236 1449 quam
269 1400 365 1439 enirn
406 1400 568 1451 Olympii
593 1410 729 1438 nomen
758 1399 808 1437 ob
840 1398 999 1438 divinam
1028 1397 1104 1436 oris
1128 1409 1234 1446 prae-

120 1470 290 1509 stantiam
334 1479 546 1519 acceperat,
587 1469 666 1520 (uti
702 1470 835 1509 Cicero
867 1482 902 1508 os
939 1469 1232 1513 coelestissimum

125 1549 282 1580 vocatus
320 1549 375 1579 est
410 1540 532 1592 (3)>‚
585 1548 705 1579 tamen
741 1548 862 1579 tantae
894 1539 933 1577 in
962 1550 1006 1577 eo
1040 1537 1234 1576 elucebant

125 1610 315 1657 virtutes,
361 1619 405 1648 ut
439 1611 582 1659 posteri
619 1610 723 1649 dubii
753 1611 968 1657 haererent,
1007 1616 1132 1646 utrum
1178 1607 1235 1656 ip-

125 1681 205 1720 sius
231 1681 417 1730 ingenium
451 1681 705 1731 praedicarent
739 1692 759 1718 e
790 1680 918 1718 divino
945 1679 1104 1727 quodam
1129 1676 1235 1715 fonte

125 1750 349 1799 profluxisse
374 1751 444 1802 (4)
462 1761 476 1799 ς
501 1762 547 1790 an
569 1751 702 1800 potius
715 1751 906 1790 crederent
922 1778 936 1799 ‚
949 1749 1107 1789 virtutes
1124 1776 1138 1797 ,
1152 1747 1236 1796 qui·

1160 1817 1233 1857 bus

1245 229 1345 263 sectio
1357 231 1397 260 11.
1410 227 1441 269 ξ.
1456 240 1484 266 5·

123 1923 157 1951 p.
179 1922 246 1953 134.
267 1918 304 1947 C.
340 1915 367 1944 Is
392 1923 455 1944 non
479 1917 638 1945 admodum
661 1924 727 1946 sese
752 1916 901 1947 Periclem
927 1914 1028 1944 mirari
1059 1913 1232 1949 profitetur.
1266 1944 1270 1949 ,

125 1973 185 2001 Sed
220 1980 356 2002 versatur
382 1972 414 2001 in
445 1973 532 2002 laude
561 1974 697 2004 Valentis
730 1972 935 2010 Imperatoris.
971 1973 1083 2001 Eadem
1114 1970 1231 1999 ratione

123 2036 194 2057 usus
220 2037 286 2058 esse
309 2031 431 2059 vide-tur
450 2030 601 2060 Himerius
629 2039 661 2067 p.
682 2034 748 2068 834.

160 2083 212 2123 (ι)
233 2088 310 2116 Plut.
332 2087 362 2114 in
383 2088 455 2118 Per.
475 2096 543 2124 cap.
568 2094 613 2122 ις.
636 2096 670 2123 p.
691 2090 770 2119 161.
790 2090 827 2119 C.

164 2141 216 2178 (α)
235 2143 268 2170 In
287 2143 414 2174 Phaedr.
433 2153 465 2180 p.
488 2153 555 2180 271.
578 2147 612 2175 c·

163 2198 215 2238 (3)
237 2200 316 2228 Vell.
339 2203 454 2230 Patere.
475 2202 517 2231 11.
539 2210 604 2237 cap.
626 2205 674 2233 66.
694 2198 723 2239 §.
744 2211 773 2237 3.

166 2256 219 2294 (4‘)
242 2255 464 2292 Appellationis
490 2266 605 2288 causam
631 2258 820 2294 explicarunt
846 2258 926 2286 Plut.
960 2255 991 2284 in
1018 2259 1085 2286 Per.
1111 2263 1180 2291 cap.
1203 2259 1232 2285 8.

1108 2314 1140 2341 p.
1165 2308 1231 2340 156.
