1564 2750
406 178 911 223 LITERARIA.
1163 177 1209 220 <75

114 300 142 339 ti
161 295 381 348 praefuisset
407 293 491 340 vir,
519 290 584 338 qui
607 300 727 328 rerum
755 287 983 337 publicarum
1006 294 1114 322 curae
1131 310 1144 329 ‚
1169 283 1226 321 in-

109 366 215 419 genii
235 374 458 410 morumque
479 360 612 410 populi
637 358 941 408 exponendorum
976 353 1138 393 studium
1165 354 1228 392 ad-

113 439 282 488 jungeret
293 462 307 482 ,
321 444 400 471 non
419 430 648 481 prodiissent
663 429 715 466 ibi
729 428 796 466 viri
810 427 863 465 illi
878 455 891 475 ,
905 426 943 463 in
954 435 1110 474 quoquo
1122 423 1227 462 Lite-

115 517 238 546 rarum
259 515 391 557 genere
404 502 591 551 principes
606 529 620 548 ‚
635 499 853 538 Herodotus
868 525 881 545 ‚
899 497 1105 544 Sophocles
1120 523 1133 542 ,
1149 495 1228 533 Eu·

109 577 283 626 ,ripides‚
321 573 592 621 Aristophanes
609 600 622 619 ,
649 569 832 617 multique
854 567 1087 614 aliiquorum
1109 566 1229 602 nomi-

115 655 368 693 narecensere
378 643 532 690 longum
555 641 621 680 sit.
648 639 855 679 Mansisset
879 636 1048 676 fortassis
1076 636 1114 674 in
1126 635 1228 674 Ionia

115 717 383 764 Anaxagoras,
419 712 485 761 qui
510 711 665 750 Graecis
689 709 949 759 philosophiae
971 709 1098 746 lumen
1131 714 1230 744 attu-

113 787 191 835 lit,
214 787 398 836 cujttsque
422 782 580 830 vestigia
615 791 785 829 premens
815 779 1015 824 Socrates,
1043 776 1141 814 haud
1177 775 1226 812 ita

117 857 182 903 diu
202 864 318 905 post,
345 854 390 898 ad
417 860 552 890 tantam
581 862 690 889 verae
709 848 944 887 humanitatis
977 848 1119 885 laudem
1145 856 1229 893 per·

119 929 222 966 venit
239 954 252 974 ‚
278 933 321 963 ut
346 923 534 967 hodiernis
561 921 680 960 adhuc
712 918 943 968 temporibus
975 927 1101 956 omnes
1144 917 1224 964 ejus

119 996 330 1041 memoriam
355 993 591 1037 admiratione
616 997 913 1040 prosequantur.

602 1115 641 1162 §.
693 1096 740 1163 3}

548 1259 792 1310 Eloquentia.

170 1424 489 1478 Quemadmodum
523 1419 682 1460 Pericles
710 1427 839 1455 omnes
857 1441 870 1462 ‚
912 1414 977 1462 qui
1020 1420 1104 1451 ante
1127 1411 1229 1450 vixe-

121 1505 230 1546 rant,
258 1494 407 1545 ingenio
439 1489 657 1541 superavit,
703 1487 758 1526 sic
782 1484 920 1535 ingenii
958 1482 1078 1533 ipsius
1105 1484 1229 1520 lumen

119 1568 193 1610 fuit
225 1564 455 1614 eloquentiat
495 1561 605 1610 cujsss
636 1558 742 1597 laude
775 1563 970 1603 tantopere
1007 1552 1160 1598 floruit„
1190 1559 1231 1589 ut

122 1638 219 1676 idern
254 1637 300 1674 de
335 1646 380 1673 eo
405 1632 480 1671 dici
516 1629 669 1681 possit,
696 1628 799 1676 quod
830 1627 875 1664 de
900 1625 1084 1664 Cicerone
1116 1622 1229 1661 valet.

122 1706 283 1749 Etiamsi
315 1706 416 1743 nulla
452 1702 522 1741 alia
567 1701 606 1739 in
641 1710 679 1737 re
718 1697 857 1747 patriae
882 1693 1088 1749 commodis
1112 1692 1231 1730 inser-

122 1777 281 1823 viisset‚
320 1774 444 1813 divina
468 1779 602 1810 ‘tamen
625 1770 743 1808 isthac
785 1767 861 1805 oris
887 1764 1111 1815 praestantia
1136 1773 1231 1800 sem-

122 1847 304 1897 piternam
339 1843 490 1894 g10riam
532 1841 631 1890 apud
667 1846 839 1888 posteros
884 1835 1021 1874 fuisset
1056 1833 1230 1881 adeptus.

120 1919 221 1958 Nam'
233 1945 246 1964 ‚
261 1914 428 1965 quamvis
445 1914 601 1962 floreret
624 1911 866 1959 omnigenam
890 1906 1045 1945 virtutis
1063 1931 1075 1951 ,
1089 1904 1159 1941 hac
1171 1911 1231 1940 ta-

122 1987 296 2038 mensuit
304 1983 654 2024 laudeclarissimus
667 1979 754 2031 (1).
771 1998 809 2007 —
824 1979 875 2017 Et
885 1976 959 2015 fuit
971 1988 991 2014 a
1010 1984 1139 2013 natura
1151 1973 1230 2022 ipsa

122 2059 168 2098 ad
181 2059 273 2096 hane
296 2065 408 2095 artem
431 2059 693 2103 comparatus3
720 2060 803 2087 nam
818 2076 831 2095 ,
856 2047 890 2084 si
914 2053 1080 2083 externas
1097 2043 1232 2082 Orato-

122 2129 172 2167 ris
204 2127 309 2165 dotes
336 2133 508 2175 spectes,
550 2123 681 2161 decora
705 2127 781 2158 erat
807 2115 977 2166 corporis
1010 2115 1155 2162 forma,
1190 2124 1231 2151 ac

1152 2184 1232 2222 dul-

164 2266 224 2303 (1)
247 2266 309 2296 cic.
329 2264 360 2294 in
381 2263 462 2292 Brut.
486 2271 552 2298 cap.
574 2271 602 2297 7.

1237 223 1427 265 Secti911.§.
1438 233 1465 258 3-
