1523 2745
225 179 297 216 252
379 171 641 211 COMM.
697 171 1202 211 LITERARIA.

223 281 268 318 de
305 292 346 319 re
378 292 464 319 mox
501 279 724 319 videbimus.
788 281 920 318 Postea
954 274 1055 318 istud
1096 281 1334 328 proverbium

222 361 299 387 non
328 359 469 407 tantum
497 351 542 388 ad
570 351 746 399 Aeginam
773 348 976 398 pertinuit,
1005 351 1069 387 sed
1094 351 1201 388 etiam
1230 363 1340 391 usur-

220 419 301 466 pari
339 419 465 466 coepit
500 421 544 457 de
573 420 753 469 Psyttalia
789 421 884 467 (1),
933 420 1084 466 parvula
1123 431 1164 458 ac
1202 432 1332 459 saxosa

222 489 364 536 insula,
418 474 512 536 quse
559 489 740 526 Salamina
783 490 878 526 inter
925 501 965 527 ac
1004 490 1190 528 Piraeeum
1234 490 1331 537 sita,

223 568 355 605 portus
394 549 589 597 introitum‘
631 559 870 607 impediebat.
923 560 974 597 Et
1007 559 1080 598 fuit
1133 561 1204 598 hoc
1245 572 1336 609 apo-

224 629 425 678 phthegma
453 639 525 666 tam
551 629 588 666 in
614 630 749 676 vulgus
774 639 903 666 notum
920 656 932 675 ,
961 639 1002 666 ut
1028 631 1155 677 plures
1175 630 1336 677 scripto-

224 710 310 745 res,
327 699 544 736 Plutarchus
568 710 607 736 v.
625 711 659 735 c.
687 707 801 745 atque
823 699 1007 737 Aristides
1033 699 1209 748 Sophista
1236 699 1307 748 (2)
1327 727 1340 746 ‚

222 768 260 805 in
291 767 439 815 scriptis
465 767 545 805 suis
568 769 613 805 ad
638 768 731 806 illud
756 768 984 816 alludentes,
1011 778 1226 817 exspectare
1251 781 1340 819 pos·

223 846 304 875 sent
321 865 334 883 .,
363 836 443 875 fore
472 845 512 873 ut
549 837 594 874 ab
632 848 865 886 unoquoque
892 839 1198 886 intelligerentur.

275 906 444 944 Servavit
475 907 586 944 nobis
616 907 839 945 Aristoteles
869 907 938 957 (3)
976 909 1157 947 nonnulla
1197 908 1308 947 verba
1326 937 1342 956 ‚⁴

223 977 361 1024 quibus
387 975 547 1013 Boeotos
571 988 611 1014 ac
633 976 779 1015 Samios
800 978 1170 1025 exagitavitl'ericles
1191 990 1202 1016 ε
1230 979 1338 1026 illos,

224 1046 396 1083 civilibus
426 1046 587 1083 dissidiis
619 1046 797 1084 excitatos
813 1075 826 1094 ‚
854 1057 890 1084 et
902 1057 1030 1085 contra
1053 1060 1094 1085 se
1118 1049 1222 1096 ipsos
1246 1057 1343 1096 pug-

227 1126 380 1161 nantes,
408 1128 478 1153 esse
504 1117 636 1153 similes
659 1116 804 1154 ilicibus
819 1144 830 1162 ‚
848 1130 944 1166 quae
968 1107 1169 1156 seinvicem
1189 1127 1344 1155 comun-

224 1185 346 1223 dant:
385 1187 524 1223 Samios
551 1197 636 1222 vcro
663 1187 898 1233 infantibus,
924 1190 990 1236 qui
1023 1188 1210 1225 buxellam
1244 1189 1342 1225 acci-

219 1257 357 1303 pientes
383 1255 528 1291 interea
557 1254 717 1303 plorent.
747 1255 844 1292 Puto
866 1257 995 1294 haecce
1021 1258 1065 1294 de
1089 1257 1219 1294 Samiis
1244 1256 1342 1294 dicta

225 1322 373 1368 fuisse,
402 1334 516 1370 quum
547 1333 634 1371 post
662 1323 820 1371 priorem
849 1325 960 1374 hujus
987 1326 1130 1363 insulae
1155 1337 1343 1375 expugna·

227 1394 390 1437 tionem,
420 1392 690 1431 Democratiam
705 1392 757 1430 ibi
785 1394 1057 1433 constituerant
1075 1395 1339 1434 Athenienses.

279 1463 404 1512 Magis
437 1463 660 1501 celebratum
699 1462 772 1500 fuit
811 1465 890 1513 ejus
938 1476 1185 1512 responsum,
1241 1466 1343 1512 quod

230 1534 411 1583 Sophocli
452 1543 605 1580 poetae,
646 1534 684 1570 in
724 1534 843 1571 Samia
881 1534 1117 1582 expeditione
1152 1535 1342 1583 collegae,

230 1604 357 1651 dedit3
385 1615 511 1642 verum
551 1603 673 1642 minus
697 1603 791 1640 inter
824 1603 969 1650 facete,
998 1615 1106 1651 quam
1135 1605 1229 1642 inter
1253 1616 1341 1654 pro-

230 1676 277 1712 be
303 1684 340 1712 et
362 1675 517 1712 honeste
540 1673 636 1711 dicta
669 1674 863 1711 memorari
887 1674 977 1712 illud
998 1684 1174 1713 meretur.
1203 1676 1338 1725 Poena,

231 1756 338 1792 quem
372 1743 510 1782 scimus
545 1755 709 1781 amorum
751 1743 893 1781 deliciis
934 1745 1043 1783 nimis
1084 1744 1205 1783 fuisse
1243 1744 1347 1782 dedi-

233 1825 309 1852 tum
350 1815 444 1862 (4),
497 1813 810 1851 formosissimum
852 1825 1009 1863 puerum
1043 1825 1166 1852 coram
1207 1814 1346 1853 Pericle

231 1885 456 1924 admirante:
511 1894 552 1922 at
608 1886 702 1921 cm'm
719 1913 732 1931 ,
785 1884 908 1932 inquit
956 1884 1042 1932 ille,
1101 1894 1312 1935 praetorem
1329 1912 1342 1930 ‚

530 1952 533 1953 ⁷
1281 1957 1344 1994 So·

268 2025 321 2064 (ι)
344 2027 368 2055 E
384 2025 577 2054 correctione
598 2025 724 2053 casaub.
741 2025 776 2052 ad
798 2024 896 2053 strab.
915 2025 969 2053 IX.
991 2033 1023 2059 p.
1045 2033 1113 2061 395.

272 2085 324 2120 (α)
345 2084 421 2111 Plut.
442 2083 508 2110 adv.
529 2081 652 2118 Epicur.
672 2090 738 2117 cap.
757 2089 804 2111 αι.ι
825 2090 856 2117 p.
878 2088 958 2111 1101.
981 2081 1018 2110 C.
1045 2095 1081 2103 —-
1109 2081 1233 2110 Aristid.
1252 2082 1345 2110 Pana-

236 2143 319 2170 then.
340 2141 365 2169 Ι.
386 2148 418 2174 p.
453 2147 516 2175 ¹94-

270 2198 326 2234 (3)
346 2198 438 2225 Rhet.
459 2196 511 2224 ΙΙΙ.
528 2206 555 2232 4.
575 2199 642 2228 588.
664 2196 701 2223 C.

274 2253 328 2291 (4)
349 2253 441 2282 Conf.
463 2261 492 2281 v.
512 2259 541 2280 c.
562 2253 673 2281 Athen.
696 2252 775 2281 ΜΗ.
798 2260 830 2286 p.
849 2252 918 2286 604.
