1564 2750
360 157 410 192 44
585 143 1245 183 COMMENTATIO

356 252 427 289 bus
448 251 700 299 obtemperare
723 252 870 289 debere.
910 251 1025 289 Erant
1051 261 1087 290 et
1107 252 1159 290 ibi
1172 253 1455 293 Atheniensium

355 321 478 370 legati;
494 321 559 358 sed
576 320 614 357 hi
629 331 730 357 suam
745 319 942 359 Civitatem
958 320 1151 360 defendere
1161 324 1383 371 noluerunt;
1400 335 1461 362 ve·

354 402 434 427 rum
459 401 574 436 quum
614 389 830 434 Corinthii,
870 390 1055 427 sociorum
1080 392 1258 439 extremi,
1279 392 1462 431 Lacedae·

353 460 502 497 monios
523 469 650 496 contra
682 469 724 497 se
752 459 904 496 incitare
938 461 1060 498 conati
1090 461 1279 509 fuissent,
1307 473 1460 500 monue-

354 537 468 574 runt,
507 540 584 566 non
626 531 706 565 leve
740 528 824 566 fore
865 530 1032 577 bellum,
1071 541 1193 579 neque
1229 531 1456 570 Athenarum

351 598 525 636 hostibus
562 598 679 645 utile,
708 598 740 635 si
770 607 904 636 temere
936 599 1200 647 susciperetur.
1251 601 1462 640 Suadebant

350 670 456 707 etiam
495 668 824 714 Lacedaemoniis,
871 679 917 706 ne
944 668 1212 708 inconsiderate
1247 670 1360 707 sociis
1389 669 1459 707 ob-

350 747 596 786 temperarent
613 766 626 784 ,
672 748 934 785 certamenque
983 738 1119 777 inirent
1142 767 1156 786 ,
1205 739 1313 788 cnjus
1355 738 1459 777 brevi

348 816 439 856 post
476 807 581 854 ipsos
621 808 810 856 poenitere
842 818 1000 856 posset;
1042 809 1151 846 simul
1173 807 1457 847 Atheniensium

346 877 386 914 in
418 877 516 914 bello
541 885 672 914 contra
685 877 813 914 Persas
838 877 963 915 merita
990 877 1235 917 celebrantes.
1287 878 1371 916 Hos
1398 889 1462 916 ex-

346 947 488 995 cipiens
510 947 773 993 Archidamus,
793 948 1055 995 Spartanorum
1083 959 1161 995 rex,
1193 948 1300 986 etiam
1326 958 1455 986 omnes

345 1017 445 1055 vires
478 1017 664 1063 intendit,
702 1025 745 1054 ut
782 1017 918 1054 bellum
943 1017 1021 1055 nisi
1046 1017 1290 1065 prohiberet,
1336 1026 1455 1055 tamen

345 1086 521 1124 differret.
559 1087 631 1124 Sed
660 1086 932 1132 Sthenelaidas‚
962 1087 1129 1124 oratione
1152 1086 1257 1124 brevi
1271 1087 1459 1124 sedvehe·

345 1155 570 1195 meritissima
602 1154 638 1192 in
666 1155 914 1193 Athenienses
941 1155 1039 1193 dicta
1062 1155 1131 1206 (1)
1151 1184 1163 1202 ,
1191 1156 1317 1194 socios
1331 1156 1455 1194 statim

342 1223 381 1262 in
405 1224 578 1272 suffragia
606 1224 726 1262 misit:
767 1236 807 1262 ac
843 1225 1002 1272 pedibus
1033 1224 1071 1261 in
1109 1225 1329 1263 sententiam
1361 1226 1454 1263 itum

343 1302 426 1340 est,
463 1293 611 1331 foedera
646 1303 728 1330 esse
761 1294 901 1330 soluta.
967 1293 1117 1343 Quibus
1154 1293 1291 1341 factis,
1318 1294 1457 1343 singuli

344 1364 494 1400 domum
522 1362 737 1409 redierunt,
767 1363 910 1400 decimo
940 1372 1073 1409 quarto
1099 1374 1195 1401 anno
1214 1392 1227 1410 ,
1257 1373 1456 1412 postquam

343 1432 555 1471 tricennalia
585 1433 732 1471 foedera
768 1431 865 1470 facta
902 1431 1166 1483 fue1·unt(2).
1221 1434 1313 1471 Non
1334 1443 1455 1472 tamen

341 1502 523 1539 continuo
561 1510 650 1548 post
680 1502 752 1539 hoc
785 1488 982 1540 concilium
1016 1502 1061 1539 ad
1094 1514 1191 1540 arma
1237 1512 1453 1550 perventum

341 1580 412 1610 est.
441 1571 747 1618 Lacedaemonii,
764 1571 827 1618 qui
856 1573 900 1609 ad
913 1571 1049 1610 bellum
1075 1572 1352 1620 suscipiendum
1374 1576 1455 1611 non

341 1642 536 1678 admodum
558 1639 886 1688 pronierant,nec
921 1641 1108 1679 sociorum
1137 1641 1259 1678 verbis
1284 1651 1454 1690 tantope-

341 1721 379 1748 re
406 1710 552 1747 excitati
572 1719 699 1756 erant,
724 1719 952 1758 quantopere
966 1711 1261 1749 Atheniensibus
1286 1723 1453 1751 crescen-

342 1789 414 1818 tem
444 1779 609 1825 quotidie
636 1780 838 1828 potentiam
864 1780 1105 1827 invidebant,
1131 1780 1234 1829 pigre
1246 1781 1291 1818 ad
1313 1781 1451 1820 bellum

343 1856 424 1888 sese
438 1852 689 1888 accinxerunt.
718 1850 790 1887 Sed
812 1860 933 1888 tamen
946 1857 1029 1887 ante
1042 1852 1184 1898 legatos
1198 1850 1368 1897 Delphos
1384 1851 1451 1889 mi-

342 1930 497 1968 serunt,
513 1927 678 1968 rogatum
689 1948 701 1967 ‚
717 1928 840 1957 utrum
853 1931 910 1957 res
924 1920 995 1957 sibi
1008 1918 1164 1957 feliciter
1175 1919 1331 1958 cederet.
1347 1921 1449 1958 Deus

1375 2000 1448 2027 res·

385 2101 436 2138 (ι)
457 2100 550 2134 Cujus
570 2101 705 2129 meminit
724 2104 802 2131 Plut.
816 2103 845 2131 in
865 2103 958 2139 Reip.
975 2104 1046 2132 Ger.
1071 2101 1261 2138 Praeceptis,
1278 2109 1346 2137 cap.
1365 2103 1395 2131 6.
1415 2108 1446 2136 p.

348 2163 412 2191 303.
437 2162 467 2186 Β.
490 2172 526 2180 -
546 2159 639 2187 Cous.
657 2160 743 2187 Paus.
763 2160 824 2188 111.
839 2167 906 2196 cap.
927 2170 957 2195 7.
979 2162 1007 2196 ς,
1031 2168 1076 2189 ιο.

383 2216 435 2251 (2)
457 2217 534 2246 Plnt.
555 2216 582 2243 in
602 2218 668 2245 Per.
688 2224 751 2250 cap.
769 2226 815 2252 29·
836 2225 868 2252 p.
888 2219 952 2247 168.
975 2215 1005 2246 Β.
1025 2229 1061 2239 -
1082 2216 1177 2246 Thue.
1197 2216 1221 2244 1.
1240 2222 1308 2250 cap.
1322 2216 1450 2249 ‘67—87.

1553 2371 1558 2558 l
