1502 2767
428 179 1023 220 THEOLOGICA.
1204 189 1277 224 217

176 292 246 331 tibi
272 290 360 341 fieri
392 305 461 331 non
479 294 559 338 vis,
587 292 702 329 alteri
722 303 792 328 non
812 291 967 339 feceris.
1020 287 1109 325 Dux
1144 285 1282 323 interea

175 374 259 400 cum
294 362 403 409 aliis,
440 363 591 408 locum,
629 362 667 399 in
708 372 783 409 quo
820 359 1004 409 proelium
1040 356 1280 414 commissum

177 440 260 479 est,
287 432 497 481 perlustrat.
558 433 615 470 Ac
648 430 733 469 licet
763 442 839 468 non
873 438 1018 468 centum
1056 437 1091 465 et
1126 427 1285 465 ducenta

177 504 238 540 vel
267 501 370 551 plura
402 502 507 540 etiam
541 501 680 549 millia,
721 511 762 539 ut
796 500 883 537 olim
921 511 1053 547 saepe,
1099 496 1287 536 occubue-

178 571 275 619 rint,
327 580 447 610 tamen
479 573 608 610 dolore
651 573 812 619 quodam
851 569 1025 608 affectum
1062 580 1102 607 se
1144 567 1284 613 sentit,

179 641 247 680 ubi
277 650 336 680 tot
373 654 418 680 ex
450 644 531 681 suis
569 651 605 680 et
638 642 813 680 hostibus
852 652 981 680 caesos
1017 639 1150 677 misere
1184 649 1293 677 vexa-

177 721 238 750 tos
270 713 470 762 conspicit.
523 713 672 763 Quodsi
701 725 746 750 ex
781 724 824 750 eo
860 722 1083 760 quaeratur,
1119 710 1210 758 quid
1248 710 1293 747 de

179 782 335 831 captivis
369 791 404 820 et
436 783 600 821 hostium
652 782 891 821 cadaveribus
936 782 1048 828 velit,
1101 781 1195 818 idem
1235 791 1291 817 re-

181 853 344 900 spondet
369 854 472 900 quod
499 854 587 891 olim
617 853 835 891 Ludovicus
853 854 955 899 XV,
985 864 1100 901 quum
1127 851 1292 889 nondum

181 932 326 960 omnem
358 923 620 974 humanitatem
654 923 846 970 exuisset,
874 932 961 970 post
987 923 1169 971 proelium
1195 923 1293 969 apud

179 992 389 1031 Fontenoi:
421 1003 462 1030 uc
487 1003 614 1032 nostra
645 1002 890 1039 tractentur,
919 1005 990 1030 non
1020 991 1179 1043 amplius
1217 992 1296 1028 hos-

178 1071 231 1099 tes
251 1071 351 1100 sunt.
379 1083 434 1092 -
457 1063 604 1100 Deinde
626 1062 714 1099 urbs
738 1061 946 1099 obsidetur.
999 1062 1054 1100 Ut
1077 1072 1120 1099 ex
1141 1062 1220 1109 ipsa
1240 1061 1293 1098 rei

178 1131 323 1170 ratione
351 1140 478 1179 patet,
505 1131 583 1169 fieri
613 1143 690 1170 non
713 1140 838 1180 potest
865 1143 975 1179 quam
1010 1140 1052 1169 ut
1079 1131 1294 1169 obsidentes

181 1211 326 1238 omnem
350 1201 425 1239 vim
450 1202 648 1240 adhibeant
665 1231 678 1249 ,
706 1205 780 1250 qua
797 1214 953 1251 scopum
979 1202 1179 1252 attingant·
1213 1203 1292 1249 Jam

180 1272 328 1320 quidem
367 1283 499 1322 negare
542 1275 719 1312 nolumus
765 1281 1035 1311 tormentorum
1085 1273 1296 1323 ignivomo-

179 1354 263 1380 rum
302 1354 408 1390 usum
445 1343 639 1381 inventum
679 1355 760 1382 esse
794 1344 1089 1382 crudelissimum
1130 1353 1166 1381 et
1206 1344 1298 1382 civi-

179 1412 269 1466 bus.
290 1412 456 1452 obsessis
490 1413 647 1452 maxime
681 1414 860 1462 noxiun13
913 1415 1139 1453 crudelitatis
1169 1415 1295 1453 studio

178 1491 299 1521 tamen
341 1494 418 1520 non
465 1484 656 1522 inventum
700 1495 793 1523 esse‘
823 1496 868 1524 ex
904 1497 948 1523 eo
983 1486 1088 1523 etiarn
1128 1487 1298 1535 conjece·

179 1551 271 1608 rim,
299 1553 403 1600 quod
423 1555 604 1592 nonnulla
625 1566 747 1602 arma,
777 1555 864 1593 olim
891 1555 1048 1602 usitata,
1077 1556 1126 1593 ob
1146 1556 1295 1594 nimiam

179 1623 430 1662 crudelitatem
473 1625 582 1663 tacite
616 1625 654 1663 in
688 1626 847 1665 abusum
888 1626 1045 1665 abierint
1081 1627 1177 1676 (1),
1230 1636 1297 1676 et,

181 1693 247 1741 qui
278 1694 389 1732 hodie
420 1694 466 1733 iis
502 1704 685 1744 utuntur,
731 1697 864 1746 populi
903 1694 1069 1736 oninium
1104 1706 1295 1736 contemtu

179 1762 282 1812 digni
307 1764 525 1804 habeantur.

231 1834 321 1873 Post
343 1834 601 1882 ,obsessionem
638 1836 728 1875 urbs
752 1839 810 1876 vel
834 1850 900 1876 arx
920 1847 1168 1888 expugnatur„
1215 1839 1300 1889 Jarn

180 1904 338 1943 maxime
362 1914 534 1953 appareat
549 1933 562 1954 ‚
585 1917 631 1944 an
651 1907 822 1946 homines
845 1908 969 1946 minus
1002 1919 1070 1947 nec
1100 1909 1181 1947 data
1208 1921 1299 1958 ope-

180 1976 220 2013 ra
257 1974 332 2014 sint
362 1976 545 2015 crudeles.

231 2043 309 2094 Qui
345 2045 545 2084 obsidione
585 2056 825 2095 premuntur,
868 2049 1006 2087 nullam
1049 2049 1120 2087 sibi
1155 2050 1296 2089 illatum

1249 2123 1296 2162 iri

222 2209 274 2246 (ι)
297 2211 363 2240 cfr.
393 2212 441 2240 de
471 2212 674 2249 Mai-tens,
698 2215 806 2243 Precis
834 2215 874 2244 du
902 2217 988 2245 droit
1011 2218 1061 2245 des
1085 2228 1157 2255 gens
1184 2223 1298 2250 modar-

184 2275 233 2297 κη
259 2266 294 2294 de
321 2267 465 2306 I‘Europe
487 2270 582 2305 fonde'
607 2280 660 2298 sur
685 2273 726 2300 les
755 2273 870 2301 tratres
887 2281 921 2302 et
935 2273 1070 2311 Pasage,
1091 2284 1233 2316 pag.405.
1251 2288 1295 2315 sq.
1332 2273 1337 2275 ‚
