1538 2689
533 162 1124 206 CONSPECTUS.

285 270 322 316 §-
376 279 413 315 7.
445 266 502 303 De
535 267 706 315 partium
741 263 1084 307 circumjacentium
1109 274 1185 301 una
1209 273 1293 300 cum

496 337 645 373 arteria
667 336 937 374 constrictione.
981 361 991 370 .
1047 359 1058 371 .
1117 357 1130 370 .
1184 358 1196 370 .
1249 332 1335 380 Pag.
1347 341 1399 380 30

281 410 319 456 ἕ.
373 408 410 445 8.
439 406 498 444 De
516 406 773 444 transeissione
798 403 949 452 filorum
973 412 1086 455 prope
1116 400 1248 441 nodum
1275 426 1288 440 .
1345 412 1389 450 31

277 477 315 523 ὃ.
367 486 409 522 9.
434 473 605 512 Methodi
630 473 858 522 Jonesianae
882 471 1093 523 descriptio.
1144 497 1156 510 .
1212 497 1225 509 .
1280 496 1292 508 .
1347 480 1394 518 33

278 549 315 596 §.
348 558 407 584 10.
437 545 496 583 De
509 547 678 582 arteriae
699 542 963 581 mutationibus
985 541 1227 593 pathologict‘s
1251 541 1292 577 in

490 613 652 652 methodo
679 613 888 662 Jonesiana
893 636 1291 652 .......
1345 618 1395 658 34

280 690 314 733 3.
347 698 409 724 11.
439 686 498 723 De
523 683 788 723 mutationibus
813 686 854 720 in
878 681 1121 720 circulatione
1141 680 1292 729 sangui·

492 758 549 793 nis
553 773 1293 793 ............
1345 759 1398 796 40

281 828 318 875 ἕ.
352 839 413 865 12.
441 825 502 863 De
528 823 690 861 methodo
725 823 937 873 Scarpiana
940 843 1294 859 ......
1345 827 1396 865 43

282 899 318 945 §.
352 907 412 945 13.
440 896 500 933 De
526 893 684 932 methodi
709 894 945 942 Scarpianae
972 888 1174 940 effectibus.
1212 913 1226 926 .
1277 914 1292 928 .
1343 895 1397 935 44

280 967 318 1014 §.
352 978 412 1013 14.
440 965 500 1002 De
526 963 687 1002 methodo
714 962 887 1001 Celsiana
891 984 1292 1000 .......
1343 958 1394 1005 48

282 1037 318 1082 §.
351 1045 412 1083 15.
441 1034 500 1072 De
527 1034 830 1081 Haemorrhagia
855 1030 1094 1070 secundaria.
1145 1055 1158 1067 .
1211 1054 1224 1066 .
1279 1053 1291 1065 .
1345 1038 1395 1076 49

284 1108 320 1154 §.
353 1107 416 1144 16.
445 1105 586 1144 Solutio
614 1104 807 1152 ligaturae
809 1123 1294 1142 ........
1347 1108 1395 1145 55
1427 1113 1431 1115 ·

467 1243 746 1284 CAPUT
799 1237 1224 1283 TERTIUM,

372 1395 649 1435 mJuchTm
688 1392 919 1420 VARIARUM
966 1390 1184 1418 LIGANDAE
1220 1389 1297 1418 AR·

445 1466 603 1494 TERIAE
632 1462 941 1492 METHODORUM
968 1461 1023 1488 ET
1054 1459 1245 1487 coNCLU-

729 1532 896 1559 SIONEs.
1241 1516 1330 1564 Pag,
1345 1517 1393 1564 63
1416 1526 1419 1527 ’

309 1693 320 1703 .
354 1678 415 1713 17.
442 1665 500 1702 De
526 1663 746 1713 operationis
767 1670 916 1699 nostrae
943 1661 1153 1711 postulatis.
1209 1686 1221 1697 .
1275 1685 1288 1697 .
1343 1660 1392 1707 63

311 1764 322 1781 ‚
356 1737 415 1774 18.
443 1732 675 1783 Diiudicatio
695 1730 854 1770 methodi
873 1730 1134 1779 Jonesianae..
1213 1761 1224 1772 .
1278 1755 1291 1769 .
1344 1730 1396 1777 64

312 1833 321 1842 .
354 1817 414 1853 19.
442 1802 675 1845 Dijudicatio
712 1801 875 1839 methodi
912 1802 1156 1850 Scarpianae.
1213 1826 1224 1838 .
1278 1825 1290 1838 .
1343 1799 1394 1847 65

352 1888 413 1912 20.
443 1874 501 1911 De
527 1873 654 1911 valore
688 1870 845 1909 methodi
883 1870 1088 1908 Celsianae.
1145 1897 1156 1908 .
1212 1896 1226 1911 .
1278 1896 1291 1910 .
1346 1871 1396 1916 67

351 1956 410 1982 21.
436 1945 496 1982 De
518 1945 637 1993 precio
663 1943 1005 1992 compressoriorum
1037 1949 1073 1979 et
1105 1940 1297 1988 ligaturae

498 2013 686 2051 d'atteinte
712 2011 834 2049 dictae
838 2035 1293 2050 ........
1346 2011 1397 2057 69

283 1641 320 1994 (ξόζόῖἶᾶἱῖὢιῶ-

286 2086 321 2131 §.
352 2098 414 2122 22.
443 2084 501 2121 De
527 2085 665 2133 optima
700 2084 869 2120 arteriae
898 2080 1074 2131 ligandae
1102 2093 1248 2119 norma.
1279 2108 1289 2119 .
1344 2091 1390 2128 71

289 2163 321 2207 ς,
351 2168 412 2203 23.
443 2152 691 2191 Conclusiones
696 2177 1024 2193 ......
1080 2180 1092 2198 ,
1152 2181 1161 2190 .
1216 2179 1227 2190 .
1287 2179 1296 2191 .
1377 2165 1399 2190 2
