1523 2745
277 165 323 201 82
500 155 1162 198 COMMENTATIO

275 268 490 309 sententiam
536 266 644 306 laturi
681 277 809 304 sumus
858 265 904 302 de
937 265 1076 303 Pericle
1104 293 1118 312 ,
1159 277 1297 314 quem,
1337 273 1387 313 ut

275 338 409 388 populi
443 345 565 385 partes
612 337 800 384 amplexus
839 333 982 380 fuerat,
1036 334 1209 373 debuisse
1245 335 1394 383 quovisv

275 408 386 446 modo
413 405 632 454 oligarchiae
654 404 888 442 fundamenta
913 405 1148 451 convellere,
1178 416 1295 442 nemo.
1311 417 1389 443 cer-

276 487 312 516 te
338 477 474 515 infitias
501 476 585 515 ibit.
614 474 898 524 Quodammodo
919 475 990 523 J‘am
1017 475 1049 512 ei
1071 475 1271 522 praeiverat
1283 475 1389 513 Aris-

274 545 395 592 tides,
446 556 561 591 quum
605 543 740 581 aditum
782 542 828 581 ad
865 554 1030 580 summos
1069 543 1231 581 honores
1266 544 1387 581 cuivis

274 624 400 664 patere
434 615 602 652 voluerat
627 611 718 661 (1):
748 612 975 660 praeiverant
998 612 1058 654 alii
1091 612 1186 662 (2),
1216 615 1281 660 qui
1315 624 1388 657 ma-

274 684 450 733 gistratus
480 692 557 720 non
589 680 805 728 suffragiis,
845 689 886 719 ut
914 692 934 717 a
966 680 1104 718 Solone
1144 680 1385 728 institutum,

275 754 340 791 sed
375 761 478 790 sorte
517 751 630 788 creari
665 752 882 796 voluerant,
910 751 1012 797 quod
1037 750 1176 789 dudum
1199 758 1303 788 antea
1327 750 1388 798 (ἐκ

278 822 459 870 παλαιοῦ)
506 821 545 858 in
583 832 654 858 usu
702 819 848 866 fuisse,
897 818 1115 857 Plutarchus
1155 827 1285 857 auctor
1315 828 1387 857 est.

274 891 414 941 Negari
443 900 564 928 tamen
601 890 758 938 nequit,
786 889 835 927 ita
868 888 1019 927 unicum
1058 889 1242 927 sublatum
1268 887 1389 927 fuisse

275 962 410 1000 veteris
447 960 664 1009 disciplinae
698 959 946 1009 praesidium,
974 969 1041 996 nec
1064 958 1190 996 inanes
1216 959 1390 997 dicendae

275 1032 448 1070 Isocratis
470 1032 661 1078 querelae:
684 1031 876 1077 sensitque
906 1029 1064 1067 Pericles
1090 1028 1268 1067 facinoris
1292 1028 1390 1066 invi-

274 1103 395 1148 diam,
423 1113 534 1148 quare
557 1111 631 1137 non
660 1108 784 1148 aperte
812 1099 960 1137 concilii
1003 1098 1206 1147 potentiam
1245 1099 1392 1147 impug-

275 1171 404 1217 navit,
432 1170 497 1207 sed
531 1170 754 1218 Ephialten,
797 1168 944 1218 majoris
985 1168 1228 1216 integritatis,
1279 1180 1389 1216 quarn

275 1240 489 1288 prudentiae
524 1239 673 1286 virum,
716 1248 751 1276 et
792 1239 830 1276 in
859 1238 1027 1276 consiliis
1060 1239 1294 1286 praecipitem
1333 1238 1391 1276 ni-

275 1310 346 1346 mis
381 1309 627 1353 subornavit,
671 1308 737 1354 qui
771 1319 846 1345 rem
886 1307 1051 1355 agitaret.
1116 1308 1222 1345 Adde
1255 1309 1388 1356 etiam,

273 1380 363 1416 vivo
407 1379 524 1416 adhuc
563 1377 725 1423 Pericle,
754 1376 791 1414 in
824 1376 909 1425 ipso
929 1377 1045 1414 'bello
1070 1377 1389 1426 Peloponnesiaco

275 1449 410 1499 populi
445 1448 628 1486 licentiam
666 1459 709 1484 eo
742 1459 861 1494 usque
881 1447 1137 1494 processisse,
1166 1456 1208 1485 ut
1239 1458 1391 1485 necesse

277 1528 396 1565 esset,
424 1529 581 1566 poenam
613 1517 805 1565 capitalem
840 1518 980 1555 sancire
1025 1517 1062 1554 in
1097 1528 1206 1563 eum,
1247 1517 1311 1564 qui
1344 1518 1391 1555 de

277 1589 434 1627 navibus
460 1587 704 1636 pecuniisque
736 1587 911 1635 sepositis
929 1615 942 1634 ,
982 1587 1063 1625 sine
1097 1589 1243 1625 summa
1266 1597 1392 1624 neces·

278 1661 384 1696 sitate
418 1658 661 1705 adhibendis,
701 1657 747 1694 ad
780 1659 960 1706 populum
994 1656 1088 1694 ferre
1118 1657 1267 1694 auderet
1307 1657 1389 1704 (3).

279 1729 391 1776 Legis
419 1728 533 1777 igitur
562 1728 661 1776 rigor
683 1729 754 1777 jam
787 1728 878 1765 illud
903 1726 1050 1774 assequi
1077 1726 1261 1772 debebat,
1289 1724 1392 1772 quod

281 1799 368 1836 olim
396 1798 501 1836 facile
525 1798 710 1836 effecisset
746 1797 819 1835 sola
858 1796 1066 1846 gravissimi
1109 1795 1259 1834 concilii
1288 1795 1392 1843 cogi-

281 1870 371 1907 tatio
401 1878 436 1907 et
463 1868 650 1907 CCHSOriae
678 1877 787 1906 notae
814 1878 948 1906 metus.
1262 1914 1298 1966 Q

1305 1926 1392 1953 UUm

318 2009 368 2045 (ι)
391 2010 472 2037 Plut.
495 2008 589 2036 Arist.
613 2015 658 2037 22.

318 2064 368 2100 (α)
393 2065 468 2092 Vide
492 2066 647 2099 Bergman.
668 2064 705 2092 ad
734 2065 886 2097 Areopag.
913 2065 941 2091 8.
962 2062 1065 2091 Lusac.
1095 2061 1134 2089 de
1163 2064 1283 2091 Socrate
1302 2061 1391 2097 eive.

281 2130 311 2158 p.
326 2124 373 2150 62.
390 2122 431 2150 cf.
451 2121 545 2151 Arist.
566 2121 659 2150 Polit.
684 2121 724 2148 Π.
756 2127 803 2149 12.
827 2120 903 2148 mur.
931 2119 994 2148 Sol.
1022 2121 1071 2149 ιε.
1090 2119 1165 2148 coll.
1192 2120 1272 2149 Plut.
1298 2116 1394 2152 Arist.

284 2188 309 2208 1.
333 2186 363 2217 et
383 2186 429 2208 22.

320 2236 371 2271 (a)
393 2235 487 2263 Teuc.
510 2234 549 2262 11.
569 2243 622 2271 24.-
