1502 2767
173 199 242 244 198
392 191 1056 233 COMMENTATIO

170 316 247 345 non
274 303 422 352 quidvis
455 302 532 352 pati
570 302 730 349 docere,
768 303 856 351 sed,
887 302 954 341 ubi
980 302 1083 340 aliter
1117 301 1197 340 fieri
1224 311 1294 339 ne-

179 375 261 423 quit
285 403 298 421 ‚
353 373 453 416 omni
501 371 644 410 ratione
690 382 757 409 sua
805 382 993 420 quemque
1032 372 1114 420 J‘ura
1166 369 1296 409 defen-

176 445 275 481 dere.
1060 473 1061 476 ,

226 511 373 563 Quodsi
404 510 465 550 cui
497 512 558 549 hic
596 509 705 548 multi
752 522 796 548 ex
838 510 1018 549 militibus
1060 509 1099 548 in
1139 516 1297 548 mentem

178 584 351 631 veniant,
380 581 446 629 qui
481 581 569 619 belli
608 580 762 628 gerundi
801 581 925 619 studio
959 581 1139 628 flagrant;
1180 588 1300 618 atten-

180 653 269 699 dat,
305 663 474 699 quaeso,
502 651 630 699 quales
664 650 704 688 hi
738 650 906 689 homines
930 649 1035 688 sint?
1063 649 1162 688 haud
1198 660 1302 698 prae·

184 731 240 760 ter
280 721 469 758 veritatem
509 720 648 758 dictum
685 728 810 771 puto,
856 719 890 759 si
925 721 1015 758 tales
1052 719 1176 758 omnis
1212 718 1303 757 boni

182 800 218 830 et
240 791 389 829 honesti
414 801 546 829 sensus
571 799 738 839 expertes
760 789 918 828 habendi
941 789 1148 828 videantur.
1188 787 1304 837 Quod

185 862 283 899 idem
311 873 464 910 quoque
496 862 594 898 valet
625 861 671 898 de
696 860 890 898 Gallorum
927 859 1040 907 impia
1077 866 1212 907 gente,
1241 856 1307 905 qui

187 932 319 981 partim
359 931 666 980 superstitionis,
706 931 839 979 partim
879 929 1148 968 incredulitatis
1189 928 1306 967 alumz

190 1014 262 1040 nus
287 1029 299 1048 ,
329 1003 388 1039 vel
429 1001 738 1039 Catholicismum
780 1000 911 1037 misere
952 1001 1221 1048 depravatum,
1249 997 1311 1037 vel

190 1071 375 1118 Voltarii‚
390 1070 792 1117 Roussavii‚a1iorum
815 1070 853 1108 id
887 1080 1004 1117 genus
1030 1068 1308 1117 philosophiam

191 1141 289 1178 vitae
314 1141 444 1178 ducem
483 1150 726 1187 normamque
763 1147 986 1187 sequuntur.
1053 1138 1130 1188 Qui
1172 1138 1307 1176 horum

192 1211 363 1260 vestigiis
398 1211 607 1256 insistunt,
635 1211 712 1248 una
745 1208 910 1247 omnium
939 1209 1114 1256 Europae
1147 1207 1312 1256 populo-

195 1293 275 1318 rum
291 1308 305 1328 ,
331 1282 444 1328 paulo
470 1280 757 1327 humaniorum,
784 1290 878 1316 voce
904 1279 1134 1316 damnantur.
1187 1278 1313 1326 Popu-

196 1352 317 1388 lorum
345 1350 644 1388 Christianorum
681 1349 726 1387 de
761 1349 861 1385 bello
902 1348 1068 1397 gerundo
1108 1347 1310 1385 sententias

198 1422 272 1458 hoc
305 1420 456 1457 nomine
488 1420 620 1457 mirum
653 1418 690 1456 in
724 1418 876 1456 modum
914 1419 1121 1456 emendatas
1152 1428 1233 1455 esse
1258 1418 1314 1454 lu-

201 1503 243 1528 ce
266 1490 400 1528 clarius
426 1499 604 1538 apparet,
631 1488 697 1525 ubi
723 1499 808 1526 cum
827 1487 1014 1526 veteribus
1038 1495 1313 1535 comparantur.

202 1561 338 1600 Graeci
366 1569 402 1598 et
433 1559 594 1597 Romani
628 1558 751 1605 enim,
811 1557 933 1606 pravis
971 1556 1082 1594 animi
1121 1555 1316 1593 affectibus

204 1642 405 1680 temperare
439 1630 588 1676 edocti,
628 1627 796 1675 furoris,
832 1626 1089 1673 crudelitatis,
1129 1625 1315 1670 bonorum

203 1700 430 1739 terrestrium
455 1700 529 1737 sibi
551 1699 907 1747 comparandorum,
937 1696 1187 1744 qualicunque
1212 1696 1319 1734 etiam

206 1770 375 1816 ratione,
404 1769 530 1807 studio
565 1768 824 1815 ducebar-itum
853 1767 949 1805 vitae
971 1766 1195 1804 domesticae
1218 1776 1320 1804 com-

208 1841 316 1878 moda
334 1851 489 1888 prorsus
518 1840 757 1888 ignorantes,
787 1848 854 1875 nec
886 1845 1011 1885 pacata
1040 1847 1161 1874 rerum
1192 1835 1322 1874 condi-

208 1910 312 1948 tione
353 1910 583 1958 gaude1ite5‚
636 1908 773 1945 bellare
818 1917 1008 1954 nunquam
1052 1916 1130 1943 non
1171 1913 1323 1954 exopta-

209 1981 316 2019 bant.
380 1981 567 2018 Praeterea
599 1978 669 2017 viri
700 1976 818 2015 fortes
849 1985 886 2015 et
914 1978 1044 2014 heroes
1086 1976 1208 2025 magni
1247 1986 1325 2013 aes-

213 2051 435 2088 timabantur
472 2058 509 2086 et
541 2049 585 2086 ad
619 2055 717 2086 astra
761 2059 881 2095 usque
928 2046 1106 2085 encomiis
1146 2045 1325 2085 tolleban-

216 2130 290 2158 tur.
326 2119 378 2156 Hi
409 2127 453 2168 τῇ
483 2122 591 2167 ἀρετῇ
625 2117 821 2166 conspicui
844 2117 1008 2155 omnium
1042 2128 1108 2155 ore
1130 2115 1327 2156 circumfe-

213 2191 411 2236 rebantur,
466 2188 523 2226 his
560 2188 606 2225 ad
643 2187 763 2225 omnia
805 2198 955 2224 munera
990 2186 1112 2225 aditus
1145 2187 1322 2235 patebatg

215 2273 260 2304 ue
288 2260 430 2306 dit-am,
472 2263 725 2302 Romanorum
758 2256 941 2297 civitatem
980 2264 1058 2295 tum
1088 2257 1234 2297 demum
1269 2268 1327 2296 sa-

1262 2326 1319 2367 lu-
