1564 2750
23 1998 196 2029 LXXXIII.

119 2048 150 2075 4.

268 133 313 168 28
499 132 1154 175 COMMENTATIO

265 237 419 286 milites,
457 240 523 287 qui
562 241 600 279 in
636 241 793 280 urbibus
825 243 942 280 relicti
980 241 1155 292 fuerant,
1206 245 1370 294 exceptis

263 317 405 346 tantum
438 309 541 356 illis,
571 311 635 358 qui
664 312 837 349 Nisaeam
859 311 987 361 fugere
1011 310 1224 361 potuerant.
1266 314 1374 353 Prae·

263 379 433 428 terlapsis
466 380 573 418 etiam
613 381 781 430 quinque
818 382 950 430 annis,
999 394 1065 431 per
1105 394 1203 432 quos
1238 382 1372 422 foedus

263 459 348 486 cum
385 450 689 488 Lacedaemoniis
735 452 898 498 valeret,
951 452 1119 500 quotidie
1154 452 1289 491 horum
1335 451 1375 490 in

264 519 426 557 Atticam
457 520 600 558 invasio
626 520 923 568 exspectabatur.
951 521 1102 572 Quibus
1122 521 1256 560 auditis
1272 549 1286 569 ‚
1313 521 1379 560 Pe·

266 589 393 635 ric1es,
418 588 627 628 Euboicam
654 589 924 638 expeditionem
949 591 1196 630 intermittens
1211 619 1225 639 ‚
1253 590 1377 629 statim

266 657 304 696 in
331 660 486 707 patriam
514 659 635 697 rediit.
691 660 781 698 Non
815 668 937 698 tamen
961 672 1075 698 ausus
1107 669 1164 699 est
1191 662 1380 709 Pelopon-

265 728 378 767 nesiis
406 728 552 766 obviam
579 729 656 766 ire:
697 740 779 767 nam
811 730 1050 779 Megarenses
1080 742 1284 779 eorumque
1315 741 1381 769 so·

266 800 315 837 cii
347 811 427 838 sese
460 811 543 837 cum
575 799 878 838 Lacedaemoniis
917 801 1157 850 conjunxisse
1190 801 1377 840 videntur.

267 869 446 908 Hostium
474 869 650 908 exercitui
677 879 842 919 praeerat
865 871 1083 919 Plistonax,
1117 870 1381 921 Spartanorum

267 951 360 986 rex,
412 941 609 978 Pausaniae
651 940 775 987 filius,
824 941 1110 991 cui‚·propter
1153 942 1380 980 immaturam

268 1018 449 1057 aetatem,
487 1011 632 1058 Ephori
667 1020 956 1059 praeposuerant
981 1012 1154 1049 comitem
1192 1009 1386 1050 Cleandri&

265 1080 376 1125 edem,
417 1088 554 1127 patrem
592 1080 691 1118 illius
728 1080 911 1128 Gylippi,
948 1081 1013 1128 qui
1048 1080 1308 1119 Athenienses
1340 1079 1383 1117 'in'

269 1149 394 1186 Sicilia
433 1150 645 1197 profligavit
672 1150 757 1199 (1).
812 1150 1120 1203 Animadvertens
1147 1150 1261 1199 igitur
1286 1150 1385 1188 Peri-

268 1219 369 1264 cles,
398 1224 480 1256 sese
513 1219 681 1256 collectis
715 1219 818 1256 hisce
848 1219 968 1266 copiis
992 1219 1167 1267 imparem
1190 1211 1391 1265 futurum5'

269 1288 522 1326 Cleandridem
570 1289 694 1326 decem
730 1288 877 1326 talentis
923 1287 1104 1335 tentavit3
1158 1286 1250 1335 (μιῇ
1284 1291 1393 1326 tanta·

268 1358 425 1405 pecunia
470 1367 691 1406 corruptus,
729 1358 960 1405 exercitum,
1011 1357 1225 1396 Eleusinem
1263 1367 1301 1396 et
1340 1357 1386 1396 ad

270 1428 466 1466 Thriasios
510 1440 662 1476 campos
702 1429 966 1476 progressum,
1015 1428 1165 1466 domum
1220 1427 1386 1466 reduxit.

271 1497 460 1534 Hostibus
499 1508 518 1534 e
553 1497 670 1545 patria
709 1496 888 1545 profectis
927 1497 1085 1536 Pericles
1128 1497 1310 1535 continuo
1348 1497 1386 1535 in

271 1569 465 1606 Euboeam
502 1569 675 1605 reversus
711 1579 795 1614 est,
851 1576 1042 1615 totamque
1082 1567 1239 1604 insulam
1277 1566 1397 1604 subd-¹

273 1640 352 1687 git,
379 1648 517 1676 ceteras
553 1638 722 1676 civitates
755 1637 864 1675 certis
892 1636 1174 1675 conditionibus
1208 1637 1245 1674 in
1281 1636 1389 1675 fidem

272 1697 455 1756 recipiens
469 1736 482 1755 ,
511 1707 819 1745 Hestiaeensibus
837 1719 923 1745 vero
939 1735 952 1754 ,
968 1707 1060 1755 qui,
1077 1698 1170 1745 nave
1187 1706 1395 1745 Atheniens

275 1779 372 1816 sium
407 1780 540 1826 capta,
579 1789 709 1816 omnes
726 1806 737 1824 ,
769 1789 866 1825 quos
890 1777 927 1815 in
949 1789 990 1815 ea
1008 1777 1249 1822 invenerant,
1269 1779 1389 1814 morte

275 1848 493 1894 affecerant,
524 1847 613 1885 urbe
639 1847 837 1895 expulsis,
864 1855 976 1894 atque
999 1847 1038 1884 in
1068 1845 1288 1888 Macedonia
1316 1847 1396 1883 col-

277 1917 409 1954 locatis
427 1927 443 1954 :·
493 1916 647 1964 insuper
696 1917 804 1954 etiam
852 1915 1051 1954 ditioribus
1091 1915 1394 1954 Chalcidensium

280 1987 422 2038 ejectis.
498 1987 598 2025 Haec
634 1988 755 2025 omnia
791 1994 891 2024 tanta
935 1985 1123 2024 celeritate
1161 1981 1310 2032 effecit,
1351 1993 1395 2023 ut

1292 2065 1397 2099 men-‚

291 2160 293 2164 ⁴
323 2149 375 2187 (1)
397 2152 477 2180 Plut.
501 2151 531 2179 in
552 2150 622 2179 Nic.
646 2159 711 2187 cup.
734 2155 780 2181 28.
805 2159 837 2186 p.
867 2159 934 2188 542.
959 2153 997 2180 A.
1028 2164 1072 2176 --
1103 2143 1398 2182 coafsrlauctn-vr}

284 2216 350 2243 cap.
374 2215 422 2246 93.
448 2225 489 2233 —
513 2207 605 2238 Diod.
625 2208 688 2239 Sic.
708 2209 791 2238 XIII.
814 2217 880 2245 cap.
903 2211 968 2240 106.
