1523 2745
468 159 981 199 LITERARIA.
1230 173 1279 211 49

155 266 274 306 fuisse
314 268 437 307 aedem
474 268 635 315 Veneri,
685 268 750 306 sed
779 268 919 307 Gratiis
946 268 1147 317 Musisque
1185 282 1276 309 con-

154 346 330 376 secratam
354 340 444 387 (1).
495 338 609 387 Quod
631 338 663 376 si
693 349 768 376 non
803 340 910 386 plane
951 350 972 377 a
1001 339 1152 377 veritate
1185 340 1273 378 alie-

152 417 241 445 num
279 407 374 454 erit,
404 408 494 455 quid
524 408 699 445 miremur
717 408 813 446 illam
836 410 907 447 sua
935 408 1115 455 elegantia
1142 417 1178 447 et
1200 410 1270 449 hu-

150 478 322 516 manitate
341 478 515 516 Periclem
539 478 706 526 cepisse,
738 479 845 527 cujus
872 478 1020 516 domurn
1037 490 1057 515 a
1087 479 1262 527 Socrate,

147 547 424 595 Xenophonte,
454 557 489 585 et
515 548 659 596 optimo
690 559 841 595 quoque
878 548 1159 586 Atheniensium
1191 548 1265 587 fre-

147 626 357 664 quentatam
394 618 600 656 novimus?
627 618 708 655 Aut
734 618 800 665 qui
830 618 972 655 tandem
989 646 1001 664 ,
1028 618 1059 656 si
1086 618 1260 667 turpibus

143 687 310 726 moribus
335 686 469 725 fuisset
485 687 697 736 ‚potuisset
722 686 783 724 illa
804 696 891 735 post
906 689 1044 726 multos
1057 699 1172 726 annos
1190 688 1259 737 (2)

140 756 337 804 imperium
353 786 365 804 ‚
381 756 500 795 forma
523 769 589 796 sua
604 766 639 795 et
665 758 852 795 doctrinae
866 758 1042 806 elegantia
1055 767 1221 808 paratum
1242 788 1257 808 ,

139 824 178 862 in
214 826 389 864 Periclem
413 836 552 865 tantum
590 839 758 866 exercere
775 856 787 875 ‚
816 836 857 865 ut
884 829 943 865 hic
969 830 1028 867 sui
1058 829 1255 880 oblivisci,

139 907 246 943 quam
283 908 360 934 eam
385 898 588 935 damnatam
619 897 839 945 conspicere
861 898 1015 936 mallet?

188 966 382 1005 Caeterum
441 967 556 1005 filium
584 995 597 1015 ‚
657 978 765 1015 quem
813 979 857 1005 ex
915 968 1075 1016 Aspasia
1122 968 1253 1006 habuit

136 1035 286 1073 unicum
304 1063 317 1081 ‚
346 1047 462 1083 quum
491 1036 539 1073 ob
580 1044 730 1084 paterna
767 1036 955 1073 merita-et
989 1037 1035 1073 ad
1062 1037 1251 1074 leniendos

129 1105 278 1144 Periclis
310 1106 458 1143 dolores
499 1106 536 1141 in
569 1105 706 1142 civium
733 1106 817 1150 jura
859 1105 1088 1156 recepissent
1130 1107 1251 1144 Atheae

127 1175 303 1223 menses,
345 1182 476 1223 postea
513 1174 667 1213 summis
702 1173 874 1213 functum
923 1174 1132 1213 honoribus
1174 1177 1244 1227 (3)

127 1245 349 1293 tandemque
362 1245 493 1282 ultimo
507 1244 695 1293 supplicio
714 1245 783 1294 (4)
796 1245 925 1292 iniqua
941 1253 977 1282 et
1003 1246 1094 1283 dura
1106 1245 1244 1284 civium

124 1314 308 1354 sententia
345 1313 518 1352 affectum
547 1313 822 1361 fnisse‚verb0
850 1314 1042 1351 monuisse
1069 1314 1241 1355 sufficiat.

174 1385 275 1423 Haec
304 1383 380 1422 fere
404 1396 423 1421 e
448 1382 648 1422 Plutarcho
675 1392 710 1421 et
738 1384 892 1421 Platone
920 1384 965 1421 de
992 1384 1141 1421 Periclis
1164 1385 1241 1423 vita

121 1454 324 1493 domestica
343 1455 558 1502 depromere
580 1453 689 1501 potui
716 1454 812 1503 (5),
839 1452 925 1491 talia
952 1463 1064 1501 sane,
1092 1464 1134 1492 ut
1163 1465 1240 1492 non

119 1524 225 1574 plura
237 1524 419 1574 ejusmodi
433 1524 561 1562 tradita
573 1535 653 1561 esse
671 1523 905 1561 vehementer
918 1523 1126 1572 doleamus3
1139 1536 1238 1573 mag.-

117 1605 251 1632 norum
266 1594 360 1632 enim
374 1594 538 1632 virorum
561 1605 680 1631 mores
697 1602 731 1631 et
744 1593 889 1643 ingenia
913 1605 989 1631 non
1009 1595 1153 1631 aliunde
1164 1606 1238 1632 me·

116 1663 192 1705 lius
218 1664 394 1713 cognosci
418 1675 556 1712 posse,
583 1663 714 1701 merito
741 1672 892 1701 censent
916 1663 1044 1701 arbitri
1074 1664 1198 1711 periti.

114 1785 281 1834 tophimes3
302 1798 448 1835 imprimis
477 1798 603 1834 Lysistr.
634 1806 666 1828 v.
685 1806 736 1835 43.
758 1805 824 1833 sqq.
848 1811 885 1819 —
905 1798 986 1826 Add.
1013 1798 1091 1827 Xen.
1112 1798 1230 1829 Oecon.

112 1861 141 1885 c.
164 1855 220 1884 111.
249 1864 374 1889 10—15.

147 1910 201 1947 (1)
225 1911 277 1941 Cf.
299 1914 377 1941 Plut.
404 1912 535 1941 Menex.
553 1921 585 1948 p.
611 1914 679 1947 256.

146 1969 199 2008 (2)
217 1971 303 2000 Plut.
322 1971 389 1998 Per.
412 1978 459 2004 32.

148 2033 200 2068 (3)
221 2032 289 2062 Fuit
308 2029 503 2071 στρατηγός
524 2034 619 2069 (Plut.
640 2034 705 2061 Per.
729 2032 794 2068 57.)
807 2039 837 2060 et
851 2026 1138 2069 ‘Ezhnvo‘rapcfuc
1159 2031 1226 2067 ([ιι·

108 2089 235 2125 scriptio
254 2091 279 2119 Ι.
301 2098 369 2119 cum
387 2089 534 2119 Bocckhii
551 2090 651 2117 adnot.
665 2089 788 2117 staatsh.
809 2089 863 2116 der
883 2088 954 2118 Ath.
979 2095 1007 2116 v.
1030 2089 1069 2117 11.
1091 2089 1169 2124 169.)

146 2146 199 2183 (4)
218 2147 359 2181 Xenoph.
379 2146 455 2178 Hist.
473 2149 582 2176 Graec.
602 2146 627 2175 Ι.
648 2154 678 2180 7.
701 2156 717 2174 2
735 2152 764 2173 et
784 2149 832 2178 38.

145 2202 197 2240 (5)
218 2204 365 2232 Consulto
387 2203 476 2232 omisi
502 2203 622 2232 dubiam
643 2201 843 2230 narrationem
856 2221 866 2238 2
889 2209 965 2236 quae
986 2209 1034 2231 est
1059 2204 1137 2237 apud
1157 2207 1224 2233 Sto*

104 2259 211 2290 haeum
227 2268 276 2296 70.
301 2267 346 2294 17.

152 2321 263 2358 ΒοοΤ
648 2317 682 2354 D
702 2359 705 2364 ¹
