1564 2750
303 153 349 198 98
531 144 1198 187 COMMENTATlo

47 216 54 222 -
87 210 116 227 ··
152 209 190 238 11.
229 207 282 235 .6.

41 218 140 242 hemo
209 201 225 244 ς
302 266 338 295 et
367 259 476 307 cujus
507 268 526 294 e
557 257 647 294 ludo
683 264 806 293 scorta
832 266 896 303 per
935 265 1080 292 omnem
1123 254 1314 292 Graeciam
1351 254 1426 293 dis-

305 335 545 376 pergerentur
573 326 656 373 (1).
712 326 915 363 Fatendum
953 332 1075 362 tamen
1105 332 1189 372 est,
1217 336 1293 362 eam
1333 325 1433 362 veri-

308 397 479 435 similiter
513 397 608 433 hanc
643 403 757 432 artem
795 394 1016 441 reliquisse,
1055 402 1260 442 postquam
1300 394 1433 433 Pericli

309 467 466 514 nupsit;
519 466 585 503 sed
629 475 775 512 semper
825 473 945 501 tamen
993 463 1025 500 ei
1063 463 1183 501 haesit
1240 462 1433 512 suspicio,

312 538 415 584 quod
447 535 732 574 Atheniensium
764 543 976 580 matronas,
1004 545 1024 571 a
1053 532 1194 571 maritis
1226 534 1270 572 ad
1301 544 1341 573 se
1372 533 1437 571 ad-

313 607 441 644 ductas
459 634 471 651 ,
499 605 632 643 Pericli
665 603 883 654 subjiceret.
954 603 1008 641 Ut
1038 613 1128 640 vero
1160 602 1252 641 istae
1282 604 1327 642 de
1351 602 1439 642 Phi-

313 675 372 712 dia
406 675 587 722 fabellae,
627 675 676 712 ita
704 683 741 712 et
771 675 858 711 haec
893 685 940 711 ex
974 671 1209 710 inimicorum
1243 672 1438 711 calumniis

317 745 512 782 maximam
547 753 686 793 partem
715 752 838 782 ortum
875 751 1218 791 ceperunttatque
1241 743 1440 781 admodum

316 814 492 851 credibile
522 814 613 852 mihi
645 814 822 861 videtur,
848 813 1051 859 Periclem,
1089 824 1204 860 quum
1243 812 1439 861 Aspasiam

317 884 429 920 domo
461 882 693 930 excepisset,
722 893 791 930 pro
829 882 1007 931 dignitate
1035 881 1074 919 in
1098 881 1288 931 republica
1312 894 1443 931 accep-

319 961 380 997 ta,
408 964 492 990 curn
531 963 573 990 ea
608 952 866 990 consuevisse.
933 953 1169 1001 Magnopere
1205 961 1328 990 autem
1363 963 1443 990 eam

319 1021 473 1068 dilexit,
512 1022 560 1059 ita
595 1030 638 1059 ut
670 1033 859 1070 nunquam
893 1022 932 1060 in
966 1022 1185 1061 concionem
1227 1023 1323 1070 iret,
1376 1022 1446 1061 do-

320 1102 469 1128 mumve
495 1091 657 1139 rediret,
692 1092 784 1139 quin
819 1103 896 1130 eam
930 1094 1063 1130 osculo
1094 1094 1292 1141 salutaret3
1335 1092 1447 1141 eique

292 1174 293 1177 ¹
321 1162 412 1199 adeo
441 1171 517 1199 erat
542 1162 714 1209 deditus,
745 1171 787 1205 ut
821 1163 998 1210 Comici,
1025 1174 1173 1201 omnem
1210 1162 1447 1201 occasionem

322 1231 568 1278 arripientes,
607 1243 679 1278 qua
717 1232 876 1280 principi
916 1232 954 1270 in
985 1226 1149 1272 Civitate
1179 1233 1290 1280 viro,
1318 1233 1449 1272 illude-

325 1309 432 1346 rent,
460 1301 566 1347 plura
599 1301 644 1337 de
679 1312 807 1338 eorum
842 1301 1045 1340 domestica
1066 1302 1142 1340 vita
1166 1302 1448 1351 excogitarent;
1506 1342 1510 1346 ,

325 1370 441 1408 veluti
466 1380 571 1408 totus
595 1370 640 1407 ab
668 1371 850 1419 Aspasiae
882 1372 1064 1411 sententia
1101 1374 1306 1421 penderet,
1327 1371 1447 1412 ⁴bella-

327 1452 399 1488 que
432 1441 512 1489 ejus
546 1452 660 1478 suasu
693 1442 919 1480 decerneret.
974 1442 1059 1491 Qua
1094 1452 1248 1491 propter
1270 1443 1448 1482 Periclem

328 1510 544 1558 saepissime
571 1511 731 1561 Jovem,
785 1513 844 1550 vel
875 1512 1074 1550 Herculem
1101 1521 1305 1561 vocantes,
1353 1524 1450 1552 uxo-

326 1593 400 1619 rem
421 1609 435 1628 ,
480 1581 627 1619 alteram
672 1581 908 1630 Omphalen,
962 1584 1021 1620 vel
1059 1582 1245 1631 Junonem
1288 1583 1452 1632 appella-

323 1660 434 1689 runt.

350 1721 427 1759 Sed
461 1722 693 1759 discedamus
725 1722 769 1761 ab
809 1723 880 1759 hoc
915 1730 1163 1771 argumento,
1221 1722 1328 1770 quod
1361 1723 1443 1761 for-

323 1800 421 1828 tasse
448 1791 557 1829 nimis
584 1792 657 1840 jam
696 1792 760 1830 diu
794 1803 865 1831 nos
902 1792 1052 1840 tenuit3
1107 1793 1227 1830 virum
1269 1791 1452 1830 admiran-

323 1870 402 1908 tes,
431 1861 492 1898 cui
522 1869 664 1898 tantum
699 1862 771 1898 hoc
796 1862 888 1899 verti
914 1862 1040 1910 potuit
1071 1862 1195 1908 vitio,
1225 1862 1328 1910 quod
1351 1874 1452 1900 amo-

322 1931 372 1968 ris
402 1931 584 1968 illecebris
619 1931 886 1979 blanditiisque
923 1932 1035 1970 nimis
1082 1932 1224 1971 facilem
1261 1933 1453 1981 praeberet

323 2012 472 2048 aurem3
531 2013 639 2048 quem
680 2001 898 2049 ceteroquin
937 2013 1060 2039 mores
1098 2013 1335 2050 summopere
1371 2003 1454 2041 uni.

324 2071 461 2118 cuique
496 2072 825 2119 commendarunt3
879 2080 991 2120 atque
1037 2072 1075 2111 in
1117 2074 1226 2122 cnjus
1267 2072 1342 2111 vita
1371 2074 1454 2111 nul-

1375 2144 1453 2181 lum

363 2225 415 2258 (1)
438 2225 544 2252 Athen
567 2224 652 2252 XIII.
675 2232 706 2259 p.
729 2227 796 2259 569.
824 2225 856 2252 F.
