1502 2767
371 156 956 197 THEOLOGICA.
1170 170 1214 206 71

557 305 621 360 s.
681 317 715 343 ι.

211 458 526 500 adversariorum
552 467 649 513 (nens
674 463 709 493 et
735 455 988 495 ratiocinandi
1013 457 1113 495 ratio

523 533 796 578 proponuntur.

163 685 252 735 Quo
287 684 418 723 melius
444 683 733 724 adversariorum
770 694 872 722 mens
903 693 938 721 et
975 682 1213 722 ratiocinandi

113 754 207 793 ratio
229 754 503 803 intelligantur,
528 753 628 802 fingo
645 753 733 791 mihi
749 753 853 802 pium
878 754 1061 791 hominem
1085 753 1218 792 Chris-

114 824 253 863 tianum
271 852 285 872 ‚
312 823 541 872 simplicem,
571 823 661 871 qui,
696 822 834 861 bellum
866 834 987 871 gerere
1016 822 1116 860 haud
1137 821 1216 859 lici-

114 901 193 931 tum
226 901 362 942 putans
379 920 393 941 ‚
420 893 505 931 haec
530 892 607 930 fere
631 891 742 930 nobis
776 892 961 941 opponit:

161 963 267 1012 Quae
288 964 360 1012 jam
382 961 453 999 sub
482 961 628 999 Veteris
659 961 832 998 Foederis
857 960 1083 999 Oeconomia
1113 960 1219 1000 Divi-

112 1043 163 1071 no
193 1031 335 1080 Spiritu
357 1031 508 1079 agitati,
536 1031 695 1077 ideoque
720 1029 797 1068 falli
822 1029 938 1067 nescii
960 1058 972 1078 ,
992 1038 1093 1068 vates
1116 1043 1220 1079 prae·
1250 1064 1253 1068 .

110 1101 304 1148 dixerant,
331 1099 511 1138 Messiam
528 1128 541 1147 ‚
570 1099 636 1138 ubi
668 1098 964 1152 comparuisset,
991 1098 1114 1147 ipsum
1139 1112 1219 1138 om-

108 1179 157 1208 ne
192 1169 433 1208 exerciturum
476 1169 668 1218 imperium
708 1177 744 1207 et
769 1168 975 1216 iudicium,
1029 1169 1221 1207 hommes·

109 1250 183 1287 que
217 1251 239 1278 a
272 1240 370 1278 bello
421 1240 586 1287 gerundo
636 1239 790 1278 maxime
828 1238 911 1277 fore
947 1239 1087 1277 alIenos
1137 1239 1221 1288 (Je-

109 1309 206 1348 saiae
235 1309 286 1349 11.
317 1322 433 1358 2-4.
461 1310 566 1348 Coll.
593 1309 715 1348 Mich.
744 1309 815 1348 IV.
848 1321 956 1357 1—3.
982 1308 1060 1357 Jes.
1088 1307 1215 1347 LXV.

111 1381 225 1427 250,
251 1379 443 1417 verissima
459 1389 565 1425 esse,
591 1386 825 1425 cunctosque
841 1406 854 1425 ‚
879 1378 944 1425 qui
960 1377 1125 1416 Messiae
1140 1389 1219 1415 cas*

111 1457 167 1487 tra
200 1448 307 1496 sequi
339 1449 504 1494 vellent,
545 1448 590 1485 ad
615 1449 703 1486 haec
738 1459 778 1485 se
809 1458 1034 1497 componere
1069 1456 1222 1496 oporte-

112 1529 178 1564 re,
203 1503 285 1566 ipse
298 1517 484 1565 Messias,
508 1517 701 1565 spirituale
722 1527 875 1564 regnum
898 1517 1141 1564 conditurus,
1166 1516 1222 1555 af-

112 1587 295 1635 firmavit,
323 1599 436 1635 quum
467 1588 513 1625 de
540 1586 600 1625 sui
634 1586 738 1634 regni
782 1587 906 1624 indole
941 1598 1063 1624 coram
1101 1586 1220 1624 Pilato

113 1657 201 1695 haec
237 1656 498 1695 confiteretur:
548 1660 592 1697 ‘H
616 1658 789 1705 βασιλεῖαι
814 1660 834 1703 ἦ
864 1659 930 1705 ἐμὴ
966 1660 1026 1697 οὐκ
1051 1658 1146 1697 ἔστιν
1182 1658 1221 1696 ἐκ

115 1729 333 1776 τοῦκόσμοι)
357 1729 494 1769 τούτου.
520 1731 564 1768 Εἰ
589 1729 628 1767 ἐκ
653 1731 714 1767 τοῦ
739 1728 869 1774 κόσμου
895 1728 1018 1767 τούτου
1043 1725 1083 1771 ἧν
1105 1728 1125 1773 ἧ
1150 1728 1222 1774 βοε-

114 1798 233 1837 mmlx
264 1800 285 1843 ἧ
322 1799 412 1846 ἐμὴ,
455 1800 484 1838 οἱ
526 1798 695 1845 ὑπηρέται
728 1797 772 1837 ἂν
803 1799 833 1836 οἱ
876 1797 951 1844 ἐμοὶ
989 1797 1220 1845 ἠγωνίζοντο,

111 1866 169 1907 ἵνα
189 1868 240 1915 μὴ
262 1868 440 1916 παραδοθῶ
464 1873 536 1911 τοῖς
561 1867 745 1911 Ἰουδοιίοις”
788 1870 848 1906 νῦν
875 1868 911 1906 δὲ
940 1869 959 1913 ἦ
995 1868 1169 1915 βασιλεία,
1200 1869 1223 1912 ἦ

114 1938 183 1984 ἐμὴ
219 1938 280 1976 οὐκ
316 1937 410 1976 ἔστιν
442 1938 622 1983 ἐντεῦθεν,
677 1935 833 1986 (Joann.
872 1935 1014 1974 XVIII.
1055 1935 1142 1983 26.)
1189 1943 1226 1972 ct

116 2017 206 2044 suos
231 2014 431 2043 sectatores
462 2006 607 2055 juberet
627 2007 830 2055 λαμβάνειν
857 2009 916 2046 τὸν
939 2009 1084 2055 σ’ταῦρον
1115 2008 1223 2046 αὑτοῦ

115 2076 277 2126 (Matth.
304 2077 353 2115 X.
384 2078 445 2125 38.
470 2075 576 2115 XVI.
604 2088 670 2124 24.
705 2076 828 2114 Marc.
855 2075 961 2113 VIII.
992 2087 1053 2122 34.
1081 2075 1130 2113 X.
1161 2086 1224 2112 21.

119 2144 215 2184 Luc.
241 2146 309 2184 IX.
338 2146 451 2194 230:
507 2145 645 2193 quibus
677 2145 799 2183 verbis
827 2156 917 2182 suos
943 2145 988 2182 ad
1014 2143 1223 2192 patientiam

119 2215 330 2254 adhortatus
348 2241 363 2264 ,
403 2214 540 2254 bellum
567 2215 765 2264 quominus
783 2223 946 2264 gererent
960 2243 973 2262 ‚
988 2213 1122 2252 vetuit.

1121 2284 1226 2321 Sum-
