1523 2745
310 108 1073 169 onsssnvarronsa
1171 144 1244 184 am

134 212 163 253 ti
206 214 489 261 Atheniensium
530 234 717 272 praetores
762 241 890 270 caesos
936 245 1014 273 non
1051 239 1243 287 sepelivis-

134 292 245 332 sent,
270 298 353 326 curn
390 293 543 342 collegis
571 306 692 335 morte
727 301 905 341 multatus
930 303 1005 343 fuit
1042 308 1124 356 (1).
1165 311 1236 350 So-

125 362 276 403 etates,
323 371 483 407 quocum
519 359 687 406 fa‘miliari
710 374 978 413 consuetudine
1014 378 1238 427 conjunctus

128 420 202 462 fuit
236 427 328 475 (α),
380 429 445 468 illo
481 440 645 482 tempore
684 438 899 489 Epistates‚
943 446 1062 492 palam
1108 459 1237 490 osten—

126 491 184 529 dit
218 505 301 533 sese
323 497 459 546 Populi
481 502 619 542 ‚odium
657 516 921 560 contemnere,
962 526 1076 562 quum
1114 519 1235 561 Athe·

123 559 314 602 niensibus
349 565 603 620 instantibus,
644 584 686 613 ut
719 578 790 616 hos
829 590 1017 629 praetores
1055 591 1231 630 condem-

116 639 253 678 naret,
305 644 517 678 constanter
560 642 702 693 injusto
742 648 828 687 huic
859 651 1003 700 judicio
1044 659 1247 700 calculum.

117 709 227 739 suum
258 704 440 756 adjicere,
485 711 745 764 Populumque
788 719 826 757 in
866 723 1040 775 suffragia
1080 730 1226 771 mittere

116 770 266 817 negavit
287 773 372 823 (3).

167 858 256 900 Obs.
282 862 409 904 XLV.
448 867 719 914 Observatione
756 877 789 916 Ι.
830 880 1005 924 rationem
1033 887 1221 941 indicavi,

114 938 188 976 qua
213 930 372 972 Periclis
388 945 492 976 aetas
515 941 604 979 mihi
644 953 727 992 apte
765 948 910 988 definiri
947 965 1061 1001 posse
1099 959 1222 999 videa*-

112 1000 201 1046 tur3
229 1012 457 1053 quapropter
483 1008 549 1048 hac
582 1012 627 1050 de
669 1026 707 1052 re
733 1016 827 1056 nihil
863 1017 1058 1065 dicendum
1089 1038 1221 1077 super·

107 1077 231 1116 esset,
284 1072 354 1109 nisi
399 1075 556 1125 aliquam
586 1084 838 1129 quaestionem
877 1092 1056 1133 movisset
1093 1097 1214 1138 Athe-

104 1147 218 1176 naeus
241 1140 324 1188 (4).
351 1142 387 1181 Is
403 1172 416 1191 ‚
436 1147 616 1196 malignus
651 1153 832 1195 clarorum
857 1158 895 1196 in
917 1162 1138 1212 antiquitate
1159 1169 1217 1208 vi-

101 1216 257 1257 rorum,
294 1212 360 1249 sed
391 1214 571 1264 imprimis
615 1220 778 1263 Platonis
803 1226 1060 1281 obtrectator,
1098 1238 1212 1278 vehe-

101 1280 248 1316 menter·
270 1280 307 1317 in
352 1282 450 1322 hunc
481 1287 746 1339 philosophum
783 1295 998 1346 invehitur,
1034 1308 1134 1352 quod
1168 1307 1206 1348 in

96 1345 257 1396 Dialogo
298 1350 442 1401 Gorgia
481 1356 668 1398 Calliclem
706 1359 848 1404 induxit
880 1369 1059 1411 dicentem
1101 1376 1202 1427 (5):

96 1416 140 1456 τί
162 1419 199 1458 δέ
224 1431 237 1465 3
268 1427 515 1469 Θεμιστοκλέα
548 1431 609 1469 οὐκ
644 1433 806 1480 ἀκούεις,
845 1438 954 1489 ἄνδρα
982 1443 1119 1490 ozybaebv
1139 1458 1205 1495 ’γε-

39 1536 43 1537 ⁷
92 1488 222 1534 'yovo'w
237 1514 250 1533 ‚
298 1491 358 1530 xa)
396 1495 540 1542 Κίμωνα
577 1499 636 1538 καὶ
674 1506 877 1552 Μιλτιάδην
925 1511 986 1549 xxi
1024 1516 1200 1563 Περικλὲσι

90 1557 248 1603 τουτονὶ,
272 1561 330 1600 τὸν
362 1566 549 1606 νεωστὶ
576 1576 887 1624 τετελευτηκότκς
942 1579 1067 1630 Quum
1102 1585 1197 1624 enim

87 1623 149 1662 ille
178 1626 357 1677 Dialogus
397 1631 545 1672 circiter
575 1637 709 1686 viginti
737 1650 811 1681 tres
841 1657 959 1686 annos
999 1651 1072 1699 (6)
1109 1664 1198 1702 post

119 1869 172 1908 (2)
193 1872 335 1909 Xenoph.
353 1878 479 1909 Memm.
500 1882 548 1911 ΠΙ.
567 1893 594 1918 5.

116 1929 171 1965 (3)
191 1931 253 1958 Plat
281 1931 312 1960 iu
330 1933 426 1969 Apol.
447 1939 530 1968 socr.
558 1949 622 1977 cap.
648 1954 697 1974 20.
721 1954 753 1981 p.
779 1955 826 1981 32·
854 1951 888 1980 C.
904 1965 941 1973 —
960 1955 1100 1992 Xenoph.
1120 1961 1145 1988 1.
1164 1963 1187 1990 l.

77 1982 201 2014 Memm.
223 1987 244 2014 Ι.
273 1997 300 2018 1.
328 1990 356 2025 §.
386 1996 433 2022 18.
453 1994 506 2024 lv.
526 2006 557 2034 4.
586 2000 614 2034 §.
634 2011 663 2030 2.

112 2039 165 2078 (4)
186 2042 334 2078 Deipnos.
360 2049 397 2077 V.
431 2058 464 2084 p.
491 2059 555 2087 217.
588 2055 692 2092 ibique
720 2060 845 2092 Casaub.
869 2072 901 2099 p.
929 2068 995 2104 3²34·
1025 2083 1062 2092 -—
1093 2073 1184 2104 eous.

71 2095 240 2133 schweigh.
259 2102 294 2129 ad
313 2104 336 2131 1.
357 2104 380 2132 1.
403 2105 488 2136 Tom.
506 2110 554 2138 111.
569 2119 602 2146 p.
627 2122 696 2150 234·
1062 2131 1065 2133 ’

111 2152 163 2191 (5)
185 2155 256 2183 Plat.
279 2156 309 2185 in
328 2160 421 2196 Gorg.
439 2170 507 2198 cap.
524 2171 577 2199 58.
595 2176 626 2203 p.
644 2179 713 2207 503.
731 2176 767 2203 C.

110 2204 161 2245 (6)
182 2211 226 2239 Ex
243 2212 297 2240 alia
317 2219 543 2252 computatione
568 2225 604 2252 de
624 2233 780 2265 ternpore,
799 2241 858 2268 quo
883 2237 1045 2271 Archelaus
1073 2247 1106 2273 ad
1132 2256 1178 2276 re·-
