1502 2767
255 184 324 222 1⁴4
485 170 1143 212 COMMENTATIO

257 292 291 320 et
331 284 451 329 istos,
481 282 545 329 qui
573 291 676 319 antea
718 280 922 318 saevientes
950 280 987 318 in
1028 279 1183 318 Italiam
1219 289 1376 328 prorue·

260 353 365 391 rant!

305 423 484 461 Attendas
524 421 704 459 Francos.
757 443 813 454 --
865 421 1005 459 Eorum
1049 430 1112 457 rex
1150 418 1372 466 Clovis,

254 503 296 530 ut
321 493 478 541 primum
494 503 576 528 sese
598 489 794 539 professus
819 489 940 528 fuerat
981 489 1238 529 Christianum
1279 499 1373 527 uxo-

254 573 407 608 remque
452 561 605 598 duxerat
642 560 965 599 Clothildam
985 588 997 607 ‚
1047 559 1203 609 captivis
1251 559 1372 597 omni·

255 633 348 677 bus,
385 630 554 678 quamvis
581 639 686 668 antea
710 630 968 670 atrocissimus
1008 631 1096 668 belli
1132 631 1238 677 dux,
1291 629 1373 667 red-

254 701 346 739 didit
368 702 569 738 libertatem
588 729 600 747 ‚
629 710 664 737 et
691 699 824 738 abhinc
868 712 951 739 sese
977 700 1092 749 gessit
1136 699 1263 737 mitius
1304 699 1376 737 hu-

252 771 472 819 maniusque
518 770 605 817 (1).
645 771 927 817 Agathias,
968 769 1169 808 historicus
1205 778 1375 817 tempore

248 842 418 891 Justin
435 841 562 887 iani,
589 840 750 879 laudavit
763 841 988 879 Francorum
1014 842 1186 888 pietatem
1210 840 1248 877 in
1274 850 1375 877 sacra

256 923 524 965 quaecunque,
579 912 719 960 quippe
758 913 822 959 qui
874 911 1011 950 sensim
1058 910 1243 949 ferocitati
1279 911 1377 948 vale·

255 983 430 1023 dixerint.
461 982 560 1020 Idem
582 983 642 1019 ille
662 982 864 1020 historicus
887 991 1091 1028 memorat,
1122 983 1187 1019 illo
1209 990 1375 1030 tempore

257 1052 495 1091 Allemannos
521 1053 696 1090 bellantes
722 1053 858 1101 templa
880 1051 1079 1099 diripuisse
1103 1063 1144 1089 ac
1174 1050 1377 1089 deformas-

257 1135 295 1160 se
314 1151 327 1168 ,
357 1133 442 1161 vasa
469 1121 642 1169 bonaque
666 1133 767 1158 sacra
805 1121 1000 1169 praedatos
1030 1120 1150 1159 fuisse
1182 1119 1266 1170 (2).
1323 1120 1376 1158 Hi

256 1190 370 1240 igitur
411 1190 566 1228 maxime
596 1191 733 1228 diversi
764 1190 917 1229 fuerunt
956 1203 976 1228 a
1003 1191 1164 1229 Francis
1190 1191 1264 1228 illis
1289 1191 1374 1241 (3).

259 1262 582 1305 mmmm-us,
624 1261 838 1298 Rhcmensis
874 1261 1102 1312 Episcopus,
1132 1262 1373 1300 Carolum

259 1332 480 1378 Magnum
523 1331 678 1369 docuit:
708 1343 805 1369 arma
840 1332 1021 1369 interdum
1058 1331 1169 1369 modo
1191 1331 1376 1370 Christia-

257 1402 315 1438 nis
339 1401 449 1438 licere
465 1429 477 1445 ,
491 1401 631 1448 quippe
657 1413 748 1447 quae
765 1401 808 1437 ab
829 1401 930 1438 omni
951 1401 1166 1439 crudelitate
1181 1401 1320 1450 aliena3
1338 1411 1375 1439 et

262 1483 329 1518 pro
358 1471 568 1517 militibus,
598 1471 634 1508 in
665 1471 749 1518 ipso
783 1471 883 1509 bello
917 1471 1145 1518 interfectis,
1194 1484 1321 1519 preces
1354 1483 1374 1509 a

258 1542 402 1579 clericis
442 1540 549 1578 fundi
590 1553 630 1578 ac
672 1542 802 1578 missas
840 1543 1013 1579 celebrari
1048 1551 1237 1590 oportere.
1296 1532 1393 1580 Mi?

259 1612 391 1650 litibus
422 1612 458 1650 in
497 1612 707 1650 memoriam
750 1612 938 1649 revocavit
974 1613 1249 1660 Augustini
1298 1613 1376 1651 dic·

260 1693 293 1720 ta
322 1683 403 1731 (4).
460 1710 490 1729 ‚‚
519 1682 632 1720 Miles
657 1693 740 1719 cum
769 1681 953 1719 hominem
982 1681 1261 1727 occidit‚nulla
1283 1681 1375 1719 civi·

299 1805 419 1840 (1)Cf.
445 1803 483 1831 T,
508 1803 638 1831 Rothe
653 1822 663 1836 ‚
683 1804 722 1832 ll.
742 1813 774 1838 p.
793 1813 859 1839 434.
1266 1779 1298 1799 ’θ
1326 1761 1362 1790 ta

300 1861 350 1898 (α)
375 1861 427 1889 vd.
450 1861 659 1895 Agathias‚
687 1862 721 1888 de
756 1862 843 1888 Bella
877 1860 968 1888 Goth.
998 1861 1081 1895 (Bas.
1119 1861 1224 1896 1531.)
1253 1868 1286 1896 p.
1307 1869 1378 1896 407,

260 1925 327 1956 403.
355 1922 405 1948 ille
423 1927 522 1947 antem
541 1918 652 1946 ibidem
663 1926 783 1953 monet,
802 1918 873 1946 utin
894 1919 976 1946 bello
995 1925 1133 1953 quaeque
1151 1917 1261 1950 injuria
1281 1917 1378 1946 vitan-

261 1981 297 2005 da
323 1978 379 2010 sit,
398 1984 509 2004 tantuin
537 1975 648 2009 patriae
668 1976 890 2009 auxiliandum,
913 1983 1013 2011 neque
1042 1974 1208 2010 avaritiae,
1232 1982 1282 2002 aut
1305 1974 1378 2002 odio

261 2037 488 2068 indulgendum.

301 2093 352 2127 (3)
375 2091 498 2119 Mitiora
513 2091 657 2125 deinceps
671 2091 864 2117 Allemannos
877 2089 982 2117 docuit
995 2090 1040 2116 Lu
1053 2098 1072 2123 p
1084 2097 1099 2116 u
1116 2097 1128 2116 s
1140 2109 1149 2121 ‚
1163 2089 1267 2122 Trojix
1286 2089 1378 2125 Epis—

264 2157 371 2184 copus,
392 2147 457 2175 Sec.
479 2150 515 2176 V.
541 2155 656 2182 eosque
678 2147 814 2182 monuit,
836 2155 867 2174 ut
895 2145 1033 2180 captivos
1067 2146 1132 2173 sine
1161 2146 1279 2180 praetio
1307 2148 1376 2174 hos-

268 2206 345 2233 :ihus
365 2205 534 2233 redderent.
554 2203 603 2232 Cf.
623 2206 649 2232 N
662 2211 727 2231 can
740 2205 757 2230 d
769 2212 827 2236 er,
852 2202 1167 2238 Dent-werdigkeftaen
1181 2223 1188 2236 ‚
1212 2203 1266 2232 ΙΙΙ.
1280 2211 1311 2239 p.
1326 2212 1374 2236 ⁵2-

305 2262 359 2298 (4)
383 2265 546 2294 August.
563 2282 572 2295 ,
591 2262 624 2288 Aa
647 2262 714 2289 (Σίν.
738 2263 822 2295 Dei,
845 2263 868 2288 1.
894 2267 940 2289 aa.
