1523 2745
259 175 308 210 92
487 160 1145 201 COMMENTATIO

259 271 345 308 olim
386 270 683 317 Themistocles,
708 272 760 308 ita
786 270 846 308 ille
871 281 979 307 unam
1016 272 1170 308 salutem
1190 270 1227 308 in
1251 269 1360 308 maris

258 341 412 389 imperio
455 341 611 389 positam
645 352 724 378 esse
750 340 924 386 videbat,
952 340 1121 388 nihilque
1146 339 1359 387 omittebat,

259 422 334 458 quo
371 411 461 447 iliud
496 420 622 458 posset
651 410 743 447 tueri
773 419 808 447 et
848 421 1004 458 augere:
1057 421 1149 457 quae
1187 412 1361 451 θαλασσο-

255 483 383 530 κρκτία
409 480 605 528 plurimum
635 490 720 516 sane
747 478 906 516 contulit
931 480 976 517 ad
999 480 1223 517 evehendum
1245 479 1362 516 Athe-

254 561 381 588 narum
420 550 680 597 splendorem,
721 548 887 596 quamvis
922 548 1043 596 negari
1083 549 1238 596 nequit,
1278 558 1360 584 ean-

254 622 333 659 dem
374 630 523 667 quoque
568 628 696 666 postea
734 617 771 655 in
809 618 933 655 causis
971 617 1087 656 fuisse
1115 617 1359 665 expeditionis

254 690 293 726 in
338 689 497 727 Siciliam
539 688 751 735 susceptae,
791 696 901 733 atque
935 688 1022 724 adeo
1063 687 1228 724 attulisse
1268 687 1360 724 inte-

253 761 362 797 ritum
392 758 553 796 civitatis
590 758 812 796 Graecarum
845 758 953 805 longe
985 756 1178 805 principis.

719 912 756 959 5.
817 923 875 950 11.

303 1045 363 1083 Ex
397 1047 595 1093 omnibus,
640 1059 732 1094 quae
763 1049 835 1085 huc
874 1059 993 1095 usque
1036 1048 1222 1095 disserui,
1249 1059 1360 1103 appa·

252 1123 332 1162 ret,
375 1116 544 1153 Periclem
577 1117 779 1154 secundum
821 1129 939 1155 meum
975 1120 1231 1165 qualecunque
1262 1118 1361 1167 judi-

253 1184 351 1221 cium
389 1185 501 1233 magis
547 1186 663 1223 multo
704 1186 891 1233 profuisse
927 1188 1091 1235 patriae,
1148 1199 1256 1234 quarn
1293 1199 1361 1225 no·

252 1253 397 1301 cuisse3
437 1265 557 1301 neque
592 1256 835 1292 adversarium
876 1256 1044 1302 habebo,
1073 1257 1286 1304 quicunque
1320 1258 1358 1294 in

252 1322 485 1371 dijudicando
517 1324 597 1360 viro
631 1324 783 1371 politico
814 1336 899 1360 cum
927 1325 1148 1372 Thucydide
1182 1325 1249 1374 (1)
1276 1337 1359 1363 eum

251 1393 348 1430 dicet
383 1393 476 1431 bene
525 1405 582 1431 res
616 1393 898 1440 administrare,
939 1395 1002 1441 qui
1049 1406 1155 1441 quam
1201 1396 1358 1444 plurima

252 1461 427 1499 beneficia
454 1463 590 1509 patriae
621 1461 755 1507 affert,
802 1472 864 1500 aut
899 1465 1022 1501 saltem
1052 1473 1184 1512 sponte
1220 1465 1358 1503 nullius

252 1532 463 1570 detrimenti
496 1542 627 1570 auctor
650 1532 704 1570 fit.
733 1534 1208 1581 —Atinsurgittimendus
1233 1535 1360 1572 adver-

252 1601 396 1648 sarius,
428 1602 556 1647 Plato,
588 1602 652 1648 qui
688 1614 801 1649 quum
828 1603 865 1640 in
886 1604 1023 1641 Pericle
1039 1605 1160 1641 laudet
1181 1605 1358 1652 eloquen-

252 1671 336 1708 tiam
370 1679 405 1708 et
432 1672 659 1718 prudentiam
688 1672 754 1720 (α)
781 1673 877 1711 haud
913 1675 1098 1721 vulgarem
1116 1704 1127 1719 ,
1158 1675 1201 1711 ab
1231 1686 1276 1713 eo
1307 1685 1359 1713 ta-

252 1751 335 1777 men
366 1739 544 1788 imprimis
577 1742 674 1778 cives
701 1741 818 1778 factos
843 1742 962 1789 arguit
988 1742 1122 1780 inertes
1146 1751 1182 1781 et
1203 1743 1356 1792 ignavos

252 1817 288 1846 et
313 1811 488 1856 loquaces
518 1818 554 1847 et
595 1810 686 1847 lucri
715 1812 871 1858 cupidos
899 1812 980 1861 (3)·
1035 1813 1108 1850 Cui
1136 1813 1362 1852 criminatio-

251 1879 289 1916 ni
315 1878 385 1917 nisi
421 1890 638 1926 occurram,
680 1888 803 1917 metuo
837 1891 882 1918 ne
918 1881 1077 1928 turpiter
1117 1882 1238 1920 videar
1273 1894 1358 1921 cau-

1279 1964 1358 1992 sam

290 2025 343 2062 (ι)
366 2025 461 2056 Thuc.
487 2028 540 2056 VI.
566 2038 611 2065 14·

291 2084 344 2121 (ε)
364 2089 450 2115 Pluto
472 2088 502 2116 iu
523 2091 651 2118 Menon.
673 2097 705 2124 p.
725 2090 823 2126 94.B.
847 2086 934 2122 οὕτω
955 2092 1227 2132 μεγαλοπρεπῶς
1251 2089 1356 2133 eodm

252 2149 363 2194 ἄνδρα,
389 2153 436 2182 cf.
453 2153 560 2184 'Alcib.
583 2154 606 2182 Ι.
629 2160 658 2188 p.
681 2160 746 2185 118.
1220 2150 1222 2155 ⁴
1307 2149 1309 2152 ⁴

289 2213 344 2251 (3)
362 2214 444 2241 Plato
466 2213 556 2246 Gorg.
581 2219 611 2246 p.
633 2218 691 2243 5¹5·
716 2212 751 2240 E.
