1507 2876
517 204 916 256 ORATIO.
1093 241 1097 245 .
1218 206 1276 250 29

151 335 362 382 vissimum
389 333 931 394 argumentum'explicuit‚
976 341 1021 378 ut
1053 347 1139 378 non
1176 341 1278 379 tan-

149 419 252 471 tum!
275 427 471 471 magnam
514 411 762 456 industriam
799 411 1028 470 proderet,
1081 412 1156 456 sed
1199 427 1278 458 va·-

150 489 258 545 riam
287 490 410 534 etiam
439 488 702 543 doctrinam,
730 503 929 546 eamque,
959 496 1006 533 ut
1033 488 1077 532 in
1099 474 1275 547 juvene,

149 567 269 612 valde
311 567 531 626 egregiam.
625 567 768 625 Quare
809 566 1140 612 laudatissimum
1184 583 1277 614 esse

148 644 263 690 hunc
295 634 427 705 ipsius
466 652 687 699 conatum,
715 644 874 689 censuit
904 643 1116 691 FacultaS.
1177 645 1276 704 Quo

148 722 283 781 magis
328 722 459 767 doluit
506 723 596 776 illa,
648 722 769 767 valde
810 719 1010 767 diffusam
1048 728 1291 781 rerumque

148 799 396 860 repetitione
427 801 537 844 lectu
568 799 852 844 molestiorem
886 814 975 860 esse
1010 807 1275 845 commenta-

149 876 333 935 tionem,
399 893 507 935 quae
536 891 615 921 nec
653 883 786 920 totam
825 877 1113 933 quaestionem
1153 892 1276 923 com-

146 954 271 1012 plexa
314 960 441 1006 esset,
471 960 511 997 et
549 951 728 996 subinde
765 951 1031 1000 aderthices
1067 953 1277 999 Christia-

148 1043 228 1074 nae
267 1024 429 1088 singula
459 1037 687 1089 praecepta
720 1028 884 1088 magis,
917 1045 1044 1087 quam
1073 1030 1129 1075 ad
1161 1032 1277 1090 ejus..

147 1105 243 1152 dem
287 1106 499 1167 principia
537 1114 578 1152 et
616 1106 737 1151 initia
776 1107 1004 1153 attendisse
1044 1108 1272 1157 videretur.

203 1182 406 1242 Sequitur
466 1184 551 1242 jam
608 1183 734 1230 nobis
795 1185 1070 1230 memoranda
1123 1185 1274 1232 eximia

139 1261 443 1310 ‚commentatio
472 1271 672 1320 quarta,
719 1263 956 1322 symbolum
987 1263 1150 1316 habens
1179 1264 1276 1309 dic-

146 1346 235 1384 tum
266 1339 627 1384 Grotianum:
700 1343 747 1384 E
790 1343 1033 1385 dilectione
1076 1363 1127 1373 —
1157 1351 1271 1387 nata

145 1426 253 1460 sunt
283 1441 334 1448 —
355 1420 447 1474 pia
475 1419 609 1462 bella.
671 1417 861 1475 Quacum
890 1418 1091 1464 continuo
1113 1419 1273 1465 mentio

146 1493 439 1553 conjungenda
487 1495 652 1540 videtur
705 1499 892 1553 quintae
941 1497 1269 1554 dissertationis,

146 1586 234 1616 non
279 1571 416 1617 minus
459 1572 725 1631 praestabilis
776 1567 910 1628 illius,
963 1589 1071 1632 quae
1112 1582 1271 1631 tessera

147 1648 405 1708 dignoscitur
461 1649 834 1695 Tzschirneri
893 1665 1022 1697 voce:
1095 1656 1274 1698 Hier-in

147 1745 250 1783 nun·
255 1729 387 1784 finde
421 1729 510 1770 Iolz
543 1730 673 1771 einen
698 1731 880 1772 Beweis
905 1747 990 1773 von
1018 1733 1103 1775 der
1131 1734 1273 1790 tiefen

147 1807 379 1848 Weiskeit
399 1808 524 1850 Jeszc.
559 1821 605 1851 u.
622 1823 659 1851 S.
673 1824 729 1851 w.
791 1806 976 1864 Utrique
1007 1808 1117 1852 enim
1148 1823 1273 1854 com-

147 1882 326 1927 muniter
371 1881 570 1941 scriptori
619 1882 787 1927 laudem
838 1892 1059 1939 accurate,
1118 1886 1269 1941 docte,

148 1961 322 2020 copiose
359 1950 575 2019 explicitae
610 1960 867 2021 quaestionis
896 1961 1164 2008 tribuendam
1199 1979 1272 2009 es-

147 2053 216 2092 se,
249 2036 459 2095 Theologi
488 2045 751 2083 censuerunt.
813 2038 1082 2097 Quamquam
1114 2041 1166 2086 de
1199 2042 1270 2086 di-

148 2115 278 2160 versis
314 2115 412 2159 belli
442 2115 614 2174 gerendi
652 2116 801 2161 formis
833 2124 873 2161 et
904 2117 1086 2174 consiliis
1120 2127 1269 2165 neuter

152 2193 344 2237 distincte
374 2191 480 2250 egit3
539 2200 581 2237 et
615 2193 720 2238 aliae
749 2193 871 2238 dotes
911 2194 1010 2239 huic
1044 2196 1268 2256 scriptori,

142 2269 257 2317 ,aliae
281 2269 365 2326 illi,
394 2269 597 2328 majorem
624 2270 668 2315 in
698 2270 895 2326 modum,
927 2273 1125 2332 propriae
1154 2281 1265 2322 sunt.
