1564 2750
331 127 379 161 40
542 113 1198 152 COMMENTATIO

324 223 412 258 lfum
454 229 580 259 contra
619 219 838 259 Corinthios
871 222 1159 270 imploraverunt
1185 220 1271 271 (1).
1308 220 1418 269 (Vid-

325 290 411 328 Obs.
451 289 626 338 XXX.)-

348 359 506 396 Pericles
516 387 528 405 ,
541 371 653 407 quum
672 359 890 407 intelligeret
902 388 914 407 ‚
925 359 1275 409 Peloponnesiacum
1286 361 1423 399 bellum

320 429 427 465 nulla·
457 427 598 466 ratione
628 428 753 466 evitari
789 440 927 477 posse,
955 431 1047 468 hanc
1085 430 1313 469 occasionem
1345 440 1423 467 non

318 496 673 544 praetermittendam
712 499 882 545 censuit,
933 499 1182 548 reipublicae,
1210 510 1303 547 quae
1336 507 1424 547 post

319 567 482 604 Athenas
514 579 552 604 re
579 568 720 606 nautica
751 569 891 616 optime
915 569 1086 616 valebat,
1112 568 1324 607 societatem
1346 568 1423 606 avi-

319 636 365 673 de
408 637 646 684 amplectens,
709 638 753 675 In
791 639 901 676 altera
935 638 1047 686 igitur
1085 639 1267 677 concione
1302 637 1424 687 (prio-

317 706 348 742 ri
389 706 513 752 enim,
557 706 837 746 Corinthiorum
886 707 1009 755 dicta,
1047 718 1124 746 non
1160 707 1281 746 minus
1315 717 1423 754 quam

319 777 614 825 Corcyraeorum
650 777 914 825 placuerant),
959 778 1102 826 populo
1138 776 1364 827 persuasit„
1385 784 1426 813 ut

317 857 401 884 cum
445 847 663 895 Corcyraeis
701 846 835 884 foedus
874 847 1041 895 icerent3
1096 858 1172 885 non
1204 846 1425 885 offensivutn

318 916 381 964 (ut
406 916 586 965 vocant),
615 928 690 963 quo
713 917 910 955 tricennale
943 917 1076 955 foedus
1105 917 1332 964 violaretur,
1358 917 1423 954 sed

318 984 564 1024 defensivum.
617 987 789 1034 Namque
814 988 1060 1025 Athenienses
1088 987 1204 1034 probe
1230 986 1394 1024 sciebant
1411 1012 1424 1031 ‚

320 1065 355 1094 et
389 1057 456 1094 hac
490 1057 629 1094 ratione
663 1057 800 1094 bellum
833 1068 918 1095 cum
956 1057 1237 1104 Peloponnesiis
1274 1064 1426 1104 eruptu-

321 1138 428 1173 rum3
482 1137 549 1164 nee
579 1126 776 1174 siverunt,
802 1135 845 1164 ut
875 1126 1090 1172 Corinthii,
1128 1127 1427 1175 Corcyraeorum

319 1197 419 1233 clade
458 1196 692 1238 confirmati,
732 1208 937 1243 eorumque
974 1196 1157 1234 classibus
1188 1195 1314 1241 aucti,
1355 1193 1427 1231 sibi

321 1275 425 1311 pares
456 1264 600 1302 fierent.
628 1264 733 1313 Quae
758 1276 881 1302 secum
912 1273 1147 1312 reputantes,
1175 1264 1307 1302 auxilia
1333 1263 1430 1302 Cor·

320 1333 461 1382 cyraeis
489 1334 663 1371 mittenda
688 1343 937 1381 censuerunt;
969 1345 1009 1372 ac
1033 1334 1191 1372 Pericles
1219 1334 1343 1371 decem
1366 1343 1430 1370 na-

320 1414 386 1442 ves
418 1404 502 1441 huic
534 1403 584 1441 rei
621 1403 853 1451 designavit,
896 1403 1033 1450 quibus
1074 1402 1289 1451 praeposuit
1315 1401 1430 1439 Lace·

321 1475 579 1520 daemonium,
614 1473 786 1512 Cimonis
824 1473 969 1520 filium,
1008 1473 1156 1511 duobus
1184 1470 1349 1519 Collegis
1376 1470 1430 1508 iili

322 1544 470 1582 additis.
525 1544 596 1581 His
633 1542 790 1580 ducibus
826 1543 1033 1581 mandatum
1065 1551 1148 1589 est,
1184 1550 1225 1579 ut
1256 1541 1301 1578 ab
1328 1541 1430 1578 omni

324 1615 467 1663 proelio
503 1613 758 1659 abstinerent,
798 1613 869 1650 nisi
911 1611 1102 1651 Corinthii
1134 1612 1335 1659 Corcyram
1375 1609 1433 1658 ip-

327 1696 402 1723 sam
430 1684 550 1722 adorti
575 1683 736 1722 fuissent
763 1683 844 1731 (2).

378 1753 462 1791 Dici
494 1753 605 1801 igitur
632 1751 771 1800 poterit
796 1751 865 1788 ista
890 1751 1184 1799 Corcyraeorum
1212 1746 1346 1795 legatio
1367 1747 1432 1786 Pe-

327 1822 577 1870 loponnesiaci
614 1821 702 1858 belli
737 1820 853 1858 facem
885 1832 951 1869 per
977 1819 1168 1859 Graeciam
1195 1818 1435 1864 accendisse3

330 1905 455 1932 verum
496 1892 638 1930 etiamsi
672 1893 761 1930 haec
801 1891 922 1928 omnia
965 1901 1042 1927 non
1077 1889 1317 1935 accidissent,
1367 1889 1433 1926 alia

331 1964 434 2001 etiam
474 1963 584 2012 hnjus
621 1961 706 2000 belli
741 1973 849 1999 causa
884 1960 1035 1998 fuisset.
1090 1959 1130 1997 Si
1168 1958 1315 2007 quidem
1351 1959 1435 1997 Pse-

1336 2028 1439 2077 phis-

373 2105 429 2142 (ι)
448 2110 543 2137 Tliuc.
568 2109 590 2136 1.
615 2116 684 2144 cap·
705 2115 753 2142 51.

374 2163 424 2200 ζ.)
447 2167 523 2193 Plut.
548 2164 576 2192 in
597 2166 661 2194 Per.
684 2172 751 2198 cap.
775 2172 820 2197 29·
845 2172 875 2198 p.
903 2164 966 2196 167.
990 2163 1023 2191 F.
1046 2175 1084 2186 —·
1104 2162 1235 2192 Trium.
1254 2170 1432 2200 cap.44.sq.

1553 402 1564 556 ’ᾗ

1558 554 1564 764 ἓ
