1538 2689
612 102 964 141 MEDICA.
1295 112 1342 148 5³

229 220 393 249 movent.
429 211 571 259 Petit
596 211 664 258 (1)
692 210 911 250 observabat
938 209 1248 255 haemorrhagiam
1275 221 1334 245 se-
1381 211 1383 213 ’

226 280 433 318 cundariam
470 280 530 318 die
564 280 736 318 vicesima
757 288 846 329 post
875 278 1194 328 amputationem,
1221 280 1329 327 cujus

224 359 334 388 causa
357 350 512 388 elevatio
531 350 630 398 aegri
655 349 692 387 in
719 352 816 388 lecto
836 358 926 388 erat.
961 350 1090 388 Peco
1106 357 1120 385 t
1143 349 1212 396 (2)
1227 348 1327 386 vide-

222 421 288 462 hat
326 420 426 469 apud
457 431 610 467 canem,
638 421 852 469 ligaturam,
882 420 1086 458 secundum
1115 419 1327 457 methodum

225 490 545 539 Scarpianam
574 491 779 528 institutam
796 518 808 537 ‚
835 490 934 528 solvi
958 499 1070 536 atque
1097 477 1329 525 haemorrha÷

222 562 320 610 giam
344 561 592 612 secundariam
625 561 740 607 oriri,
770 559 855 608 quia
876 559 1034 604 animal,
1061 558 1138 594 ictu
1167 556 1204 594 in
1230 558 1329 603 capi-

222 640 261 669 te
280 633 415 679 allato,
442 631 754 670 convulsionibus
783 628 1025 674 vexabatur,
1043 638 1135 674 quae
1165 628 1331 667 destrue-

216 702 312 744 -bant
338 701 597 740 cohaesionem
622 701 801 746 arteriae,
831 710 867 737 et
901 699 1096 747 coagulum
1136 697 1328 745 sanguinis

222 771 468 820 expellebant.
529 771 744 820 Optandum
783 770 953 817 quidem,
1002 768 1192 816 ligaturam
1238 779 1326 815 post

216 842 374 898 aliquod
404 850 552 889 tempus
587 841 685 878 solvi
724 851 862 888 posse;
893 840 1093 877 cavendum
1133 849 1251 884 vero,
1279 849 1325 875 ne

218 911 450 949 adhaesionis
474 920 612 959 puncta
656 911 871 955 laedantur,
912 909 997 956 quia
1028 909 1111 954 vis,
1140 919 1233 954 quae
1262 909 1327 955 adr

218 981 368 1018 hibetur
386 981 431 1019 ad
453 980 550 1018 illam
567 980 811 1028 torquendam
828 1007 839 1026 ,
856 989 957 1016 certe
979 977 1129 1015 nocebit
1154 977 1324 1015 obliterat-1
1360 1003 1363 1005 ,

222 1049 316 1095 tioni
359 1060 490 1095 recens
528 1058 632 1098 ortae
666 1058 701 1086 et
736 1049 821 1096 quia
842 1048 935 1095 *haec
966 1059 1111 1095 semper
1143 1047 1316 1084 cohaeret

216 1130 302 1158 cum
330 1120 390 1157 illa
423 1128 554 1168 parte,
583 1131 692 1166 quam
717 1119 870 1166 ligatura
895 1118 1110 1155 circumdat.
1177 1117 1322 1156 Tunica

214 1190 392 1228 cellulosa
407 1217 420 1237 ,
447 1201 544 1237 quae
566 1190 791 1227 solutionem
818 1189 993 1236 ligaturae
1014 1187 1213 1235 prohibet,
1242 1199 1322 1234 par-

201 1260 279 1302 ,tim
306 1261 422 1307 vquod
459 1259 598 1297 tardius
635 1259 671 1295 in
707 1242 1010 1306 suppurationem
1042 1257 1146 1302 abit,
1187 1256 1318 1303 partim

213 1330 319 1368 etiam
337 1357 350 1376 ,
378 1330 465 1377 quia
484 1329 712 1378 vsuppuratio
728 1355 740 1372 ‚
770 1340 863 1375 quae
888 1337 988 1365 extra
1027 1327 1193 1364 arteriam
1229 1326 1322 1363 inci-

198 1402 267 1449 -pit
284 1428 297 1447 ‚
323 1400 514 1449 ligaturam
538 1400 673 1437 relaxat
697 1399 827 1446 illique
853 1399 1007 1440 multum
1032 1398 1091 1435 sui
1113 1397 1251 1444 vigoris
1275 1398 1320 1434 ad

211 1471 480 1519 producendam
504 1469 814 1518 suppurationem
837 1468 873 1505 in
888 1469 1016 1507 ceteris
1038 1467 1205 1515 partibus
1229 1478 1320 1504 arte·

211 1543 283 1579 riae
308 1541 436 1579 demit.
492 1540 653 1582 Tamdiu
693 1539 819 1577 tunica
852 1549 998 1576 externa
1025 1539 1189 1576 nondum
1219 1549 1318 1574 rum-

210 1610 338 1658 pitur,
367 1609 551 1656 quamdiu.
570 1611 641 1646 ulla
666 1620 749 1657 pars
774 1610 966 1646 cohaereat
992 1620 1075 1646 cum
1104 1608 1226 1644 tunica
1255 1620 1319 1646 ex⁴

208 1690 309 1718 terna
347 1690 473 1718 recens
507 1679 719 1717 obliteratae
763 1679 876 1727 partis
922 1678 1104 1723 arteriae,
1160 1688 1196 1714 et
1235 1678 1315 1715 ideo

206 1750 320 1788 laesio
349 1750 393 1787 ab
419 1751 529 1788 altera
563 1737 621 1787 ad'
640 1751 784 1787 alteram
822 1748 967 1786 transit.
1023 1748 1230 1786 Conamina
1255 1751 1315 1785 ad-

205 1819 356 1868 juvandi
381 1819 604 1858 solutionem
632 1818 779 1856 filorum
798 1846 810 1865 ‚
825 1819 896 1855 illis
913 1819 1132 1865 torquendis
1152 1847 1164 1865 ‚
1190 1829 1312 1858 ansam

205 1889 376 1937 praebere
411 1897 572 1937 possunt
610 1888 655 1925 ad
692 1889 1001 1944 haemorrhagian]
1036 1889 1311 1935 secundariam-3

205 1970 358 2008 nempe,
375 1959 407 1997 si
422 1958 632 1996 obliteratio
649 1959 688 1996 in
707 1958 780 1996 fine
805 1958 956 1996 arteriae
980 1960 1143 1996 nondum
1169 1971 1207 1997 ea
1234 1970 1314 2006 est,

205 2040 245 2066 ut
273 2029 418 2067 resistat
449 2029 564 2066 fluxui
602 2028 806 2077 sanguinis.
861 2030 978 2077 Saepe
1013 2030 1083 2066 hoc
1118 2020 1215 2082 apud
1240 2042 1314 2068 am-

382 2121 384 2125 ,
1248 2106 1314 2142 pu.-

243 2142 294 2182 (1)
314 2145 446 2177 Petit,
473 2144 538 2172 10i.
562 2145 609 2173 αθ.
629 2152 722 2178 ¹735·

239 2202 290 2237 (α)
314 2202 349 2230 V.
371 2203 490 2231 Griise
516 2203 576 2230 und
599 2211 626 2232 v.
653 2202 947 2238 waither,1.1.
967 2205 994 2230 S.
1013 2211 1084 2238 4⁷9·
