1502 2767
265 173 313 209 74
489 138 1155 211 οοΜΜΕΝΤΑΤιο

254 269 490 319 pientissimo
510 269 592 308 viro
607 295 622 317 ‚
648 269 768 317 qualis
789 279 932 317 semper
949 280 1118 317 praeesse
1149 277 1364 320 oporteret,

252 348 296 380 ut
319 340 425 389 quies
449 340 573 378 ubivis
599 347 818 377 servaretur.
860 338 1025 377 Historia
1052 340 1246 388 gentium,
1272 340 1365 378 Ma·

251 414 423 449 cadonum
446 438 460 458 ,
512 410 767 447 Romanorum
784 436 797 456 ‚
848 408 1084 447 Francorum
1131 409 1364 458 aliorumque

247 490 318 520 nos
347 489 471 518 certos
515 479 634 517 reddit
671 479 717 517 de
751 485 890 517 eventu
924 489 965 516 ac
1003 478 1104 517 exitu
1140 479 1268 517 talium
1295 479 1364 517 im-

246 550 449 600 periorum.
514 549 653 587 Verum
684 547 781 595 enim
810 559 898 586 vero
931 548 995 586 tali
1033 560 1162 597 pace,
1182 549 1250 588 cui
1288 560 1366 589 ser-

241 621 380 659 vandae
419 628 597 668 perpetua
620 630 731 660 *arma
765 626 890 656 essent
926 619 1154 667 necessaria,
1181 619 1264 668 ipsa
1291 619 1363 658 eri-

238 690 343 740 pitur
362 690 486 738 generi
513 690 672 726 humano
700 689 850 725 libertas
879 699 970 735 pace
991 689 1134 726 homini
1155 690 1290 728 carior.

288 761 416 799 Altera
428 770 517 797 vero
529 758 622 796 ratio
643 758 768 796 multis
790 757 934 804 laborat
958 757 1258 797 difficultatibus.
1278 759 1363 799 Co-

242 824 350 862 mitas
375 832 411 861 et
436 823 532 861 vitae
557 821 707 861 socialis
735 820 899 859 studium
921 821 1084 859 humano
1101 821 1226 870 generi
1247 821 1360 861 altius

239 894 356 933 indita
373 901 463 931 sunt
475 920 487 938 ,
504 903 572 930 nec
584 902 661 930 non
672 891 898 940 cognitionis
913 901 953 928 ac
966 890 1138 929 scientiae
1152 890 1354 939 cupiditas.

242 964 344 1003 Hinc
376 964 475 1002 varIa
498 963 594 1000 inter
620 958 750 1010 gente's
780 961 952 1001 vincula:
979 961 1138 1009 religio,
1165 963 1357 1008 mma-5100,

241 1034 419 1081 amicitia,
459 1045 579 1071 rerum
612 1033 887 1081 peregrinarum
915 1040 1087 1086 egestas,
1126 1040 1357 1082 mercatura,

240 1114 364 1153 artes,
389 1103 621 1151 disciplinae.
661 1103 804 1140 Natura
832 1111 915 1139 raro
937 1109 1064 1150 gentes
1093 1100 1287 1139 montibus
1311 1111 1357 1138 ac

240 1175 404 1214 maribus
419 1174 469 1211 ita
481 1185 502 1211 a
514 1172 723 1211 seinvicem
736 1169 918 1219 separavit
935 1198 947 1217 ‚
966 1179 1007 1209 ut
1020 1169 1098 1208 fere
1111 1171 1250 1208 nullam
1264 1181 1354 1207 con·

241 1245 387 1284 trahant
414 1242 628 1281 societatem
652 1252 734 1279 cum
757 1241 869 1287 aliis,
908 1240 962 1278 uti
988 1251 1023 1278 e.
1049 1250 1089 1287 g.
1114 1238 1282 1291 Japoncs
1306 1239 1352 1277 ab

237 1314 372 1354 incolis
408 1322 524 1352 terrae
555 1310 795 1349 continentis.
848 1309 1023 1360 Quisque
1046 1309 1187 1358 igitur,
1216 1310 1283 1357 qui
1316 1310 1355 1348 in

237 1396 426 1427 aeternum
458 1384 519 1421 illa
540 1382 684 1430 aliaque
711 1380 904 1418 hominum
932 1380 1055 1418 studia
1077 1392 1118 1418 ac
1141 1381 1352 1418 voluntates

237 1455 481 1505 comprimere
514 1454 604 1492 velit
641 1451 776 1498 illaque
799 1451 949 1488 vincula
974 1450 1205 1497 discindere,
1234 1458 1354 1488 mutet

237 1527 297 1567 ille
320 1524 483 1564 hominis
514 1534 554 1561 ac
587 1531 701 1560 terrae
730 1521 846 1568 ipsam
880 1528 1044 1558 naturam
1073 1531 1226 1558 necesse
1251 1529 1323 1558 est.
1379 1516 1383 1518 ⁷

288 1604 344 1636 20.
373 1596 542 1634 Alterum
564 1593 664 1641 pacis
685 1599 851 1628 aeternae
873 1589 1121 1628 conficiendae
1136 1590 1346 1629 subsidium

237 1669 277 1707 in
302 1678 346 1705 eo
367 1665 552 1710 habetur,
581 1662 683 1710 quod
707 1669 834 1708 gentes
859 1660 1033 1698 obediant
1056 1660 1207 1710 judiciis
1224 1689 1237 1708 ‚
1265 1660 1348 1699 sive

238 1737 414 1778 ecclesiae
427 1735 501 1784 ipsi
514 1762 528 1781 ‚
543 1733 624 1771 sive
640 1732 844 1777 tribunali,
858 1732 960 1779 quod
972 1743 1016 1769 ex
1031 1731 1160 1780 legatis
1183 1731 1347 1779 undique

239 1808 364 1848 missis
386 1804 635 1853 compositum
653 1812 724 1840 est.
752 1802 907 1850 Saepius
928 1802 1000 1851 jam
1025 1803 1145 1840 medio
1167 1813 1260 1840 aevo
1287 1813 1347 1840 ec-

237 1879 370 1919 clesiae
380 1875 600 1915 auctoritate
620 1883 745 1920 regum
762 1885 803 1910 ac
824 1872 986 1921 gentium
1011 1872 1094 1911 lites
1112 1872 1344 1920 compositae

236 1957 352 1995 sunt,
368 1956 480 1994 atque
500 1944 690 1982 nonnullis
714 1943 884 1992 gentibus
911 1943 1053 1992 species
1080 1942 1187 1981 affuit
1213 1943 1342 1982 talium

236 2015 476 2059 tribunalium
490 2044 502 2063 ‚
531 2027 569 2055 v.
585 2027 620 2053 c.
638 2014 817 2060 Graecis,
838 2014 1030 2054 Helvetiis.
1059 2015 1160 2052 Haec
1174 2014 1338 2061 scimus3

214 2101 390 2135 Netum,
442 2094 483 2124 ut
514 2097 588 2122 rem
623 2084 877 2132 contingamus
910 2069 1187 2132 propositamj
1221 2084 1342 2122 omnis

239 2171 328 2210 gens
368 2166 498 2205 suapte
541 2156 629 2193 haec
675 2151 868 2192 veneretur
901 2155 1039 2207 judicia
1077 2165 1229 2192 necesse
1268 2165 1339 2195 est.

239 2231 296 2269 Ut
326 2236 452 2278 gentes
488 2226 658 2265 ecclesiae
695 2224 898 2276 obediant,
937 2230 1101 2269 mamm
1125 2231 1233 2272 debet
1257 2236 1340 2274 reli-

1283 2307 1336 2354 gi·
