1502 2767
404 178 1008 222 THEOLOGICA.
1209 198 1272 235 25¹

158 297 299 341 putas,
325 292 556 337 doctrinam,
584 302 678 338 quae
713 292 835 330 Deum
860 304 990 332 omnes
1023 293 1180 341 provida
1207 298 1275 333 sua

155 363 245 402 cura
267 369 556 411 prosequentem
592 362 729 410 docet;
768 374 861 411 quae
879 362 1007 411 Jesum
1050 363 1273 408 Christum,

156 441 280 471 amore
315 430 508 469 hominum
542 430 724 479 ductum,
754 442 795 470 ut
828 443 981 481 regnum
1008 433 1110 481 veri,
1138 433 1276 471 hones-

152 501 214 549 ti,
265 499 415 550 pulchri
457 500 714 548 stabiliretur,
767 502 996 551 magnanime
1042 503 1271 551 supplicium

148 571 276 611 crucis
306 571 571 620 suscipientem
601 571 808 620 proponit3
839 583 932 620 quae
953 572 1091 621 patriae
1111 584 1270 611 amorem

152 641 341 696 puriorem
365 642 551 689 reddidit,
590 642 758 680 homines
794 643 1079 682 immortalitatis
1108 656 1175 692 spe
1205 645 1273 682 eri-

154 712 237 762 git3
276 733 331 744 -
361 721 527 761 putans,
565 711 747 761 inquam,
791 714 899 752 talem
935 713 1137 751 doctrinam
1173 714 1273 752 aliud

156 782 373 832 quidquam
404 795 528 822 veram
556 782 844 830 fortitudinem,
872 795 1000 821 verum
1033 795 1184 822 sensum
1210 785 1272 823 he·

151 853 326 902 roicum,
354 853 475 902 qualis
497 862 583 892 ante
605 852 872 903 ignorabatur,
901 854 1042 892 efficere
1073 854 1274 901 potuisse?

149 924 261 964 Adeo
297 933 360 972 ut,
399 923 465 962 ubi
501 923 644 973 patriae
662 925 744 974 J'ura
777 923 995 961 vindicanda
1035 932 1148 970 sunt,
1175 935 1272 962 unus

152 995 314 1044 quisque
350 993 474 1032 animo
521 1001 672 1042 promto
715 1004 812 1030 arma
852 992 1087 1040 accingeret,
1134 993 1274 1032 incom-

149 1066 260 1105 moda
305 1063 494 1113 perferat,
555 1062 706 1100 fortiter
748 1071 891 1110 certet,
945 1074 1013 1100 nec
1063 1072 1183 1101 tamen
1223 1074 1275 1101 te·
1326 1084 1329 1086 >

150 1145 251 1174 mere
288 1133 401 1173 vitam
440 1144 632 1182 exponens
673 1133 732 1172 vel
767 1141 868 1171 extra
907 1134 1163 1171 necessitatem
1198 1147 1275 1172 sae*

148 1208 284 1255 viens;
330 1207 545 1245 vulneratus
568 1206 606 1244 in
643 1205 880 1244 Providentia
913 1206 1063 1245 Divina³
1083 1218 1124 1243 ac
1150 1207 1274 1254 quies-

150 1285 238 1324 (ταῖς
276 1277 339 1316 vel
376 1276 565 1324 denique,
594 1275 627 1314 si
658 1288 677 1313 e
698 1275 798 1314 bello
827 1276 1000 1325 redierit,
1027 1287 1104 1314 non
1124 1279 1273 1326 praeda-

148 1346 246 1386 tioni
289 1346 403 1385 vitam
448 1346 568 1395 dicet,
612 1348 678 1385 sed
706 1348 752 1385 ad
774 1356 988 1386 consuetam
1029 1347 1125 1392 vitae
1162 1347 1272 1387 ratio-

149 1428 232 1457 nem
268 1416 392 1455 redeat
418 1417 521 1465 (ιγέ

648 1563 685 1609 §·
727 1574 767 1609 4.

204 1700 337 1751 Qualis
351 1730 365 1750 ,
391 1715 417 1740 a
441 1701 650 1751 Religionis
677 1701 920 1741 Christianae
943 1702 1142 1749 doctrina,
1170 1706 1210 1739 in

298 1771 483 1809 hominum
515 1770 560 1808 de
603 1770 694 1808 bello
727 1769 897 1821 gerundo
922 1775 1121 1810 sententias

446 1839 651 1880 emendatio
675 1840 860 1890 speranda
886 1843 935 1880 sit
950 1845 972 1882 Ρ

203 1967 415 2017 Religionis
465 1968 699 2007 Christianae
743 1969 949 2007 doctrinam
997 1970 1189 2008 hominum
1230 1973 1275 2011 de

154 2039 255 2078 bello
282 2040 449 2090 gerundo
483 2038 676 2079 sententiis
712 2039 948 2077 emendandis
982 2051 1090 2086 quam
1119 2041 1279 2080 maxime

150 2119 268 2159 aptam
309 2121 416 2156 esse,
444 2120 579 2156 nemo,
607 2110 678 2147 nisi
706 2108 914 2157 ignorantia
946 2111 1004 2147 vel
1030 2112 1278 2160 praejudicati

1192 2183 1274 2231 opi-

190 2267 335 2306 (ssscfr.
357 2272 406 2300 W.
427 2271 466 2299 Δ.
485 2277 559 2299 van
581 2270 757 2305 aengei,
778 2269 808 2298 in
831 2271 916 2301 Orat.
938 2270 1040 2304 laud„
1063 2277 1128 2306 pag.
1151 2280 1276 2309 12-14,
