1502 2767
391 151 984 194 THEOLOGICA.
1188 156 1234 192 61

138 263 273 302 violata
319 263 454 302 civium
488 264 572 314 fura
611 271 807 312 tueantur,
860 263 1046 302 carissima
1087 265 1241 312 pignora

140 341 289 372 servent
331 335 389 372 vel
432 333 618 381 deperdita
666 343 909 382 recuperent3
964 333 1111 371 fortiter
1147 344 1244 370 arma

140 404 305 452 accinget
328 404 541 452 bellumque
561 412 686 454 geret,
716 403 934 453 ignavorum
958 415 1039 442 esse
1063 414 1242 449 censens,

146 473 317 511 omittere
334 502 347 521 ,
365 486 459 522 quae
480 475 638 522 quietem
659 475 852 512 honestam
869 482 904 511 et
925 482 1060 522 gratam
1085 473 1245 521 faciant3

144 543 177 581 si
207 543 307 582 vitae
345 543 504 592 dignitas
547 555 623 582 non
655 545 729 581 nisi
763 544 862 581 bello
900 543 1079 582 vindicari
1113 543 1244 592 liceat,

141 613 366 661 remedium,
420 626 496 661 quo
534 615 622 652 haee
658 613 893 661 vindicetur,
947 614 1044 651 haud
1068 623 1247 661 spernet,

141 682 214 720 etsi
244 683 484 722 amaritudine
514 684 624 722 morti
648 684 701 721 nil
729 685 860 732 cedat;
891 696 1006 732 quum
1040 684 1250 732 Religionis

143 763 231 790 suae
263 753 432 792 doctrina
462 765 544 791 eum
572 754 730 802 doceat,
758 755 796 791 id
829 755 974 792 demum
1010 766 1092 793 esse
1114 754 1247 793 fratres

142 833 289 869 amare,
342 823 406 861 ubi
445 824 545 861 omni
578 824 744 870 ratione,
785 823 950 872 periculo
976 824 1085 862 saluti
1122 836 1249 862 eorum

144 891 381 938 imminente,
421 893 575 930 salutem
614 901 792 940 quaerat,
821 892 1037 930 amissamve
1065 893 1249 931 restituat.

148 963 190 1010 (1
213 961 323 1010 Joan.
351 962 419 999 ΙΙΙ.
454 964 514 1000 16.
543 962 632 999 Act.
661 963 747 999 XX.
784 975 846 1009 24.
877 962 984 1010 (1)).

197 1032 302 1080 Quae
333 1042 446 1077 quum
488 1032 537 1068 ita
576 1042 623 1069 ex
659 1031 814 1069 Ethices
856 1031 1089 1070 Christianae
1132 1040 1255 1071 mente

148 1101 248 1148 sint,
280 1092 375 1148 'quis
398 1101 542 1149 populo
577 1101 794 1140 Christiano
822 1101 919 1139 vitio
945 1110 1092 1148 vertet,
1122 1101 1155 1139 si
1179 1101 1258 1140 bel-

145 1171 224 1210 lum
257 1179 384 1219 gerat,
413 1183 489 1220 quo
521 1170 673 1209 liberam
710 1171 930 1220 religionis,
959 1183 1032 1219 qua
1064 1171 1160 1209 nihil
1195 1173 1258 1211 ha-

149 1242 237 1280 bere
271 1242 379 1279 debet
405 1242 551 1289 carius,
590 1231 775 1291 cujusque
818 1242 1006 1279 veritatem
1050 1241 1257 1291 perspicit,

147 1311 420 1361 professionem
454 1311 639 1359 vindicet,
669 1312 702 1349 si
731 1312 791 1349 alii
824 1312 864 1349 vi
889 1320 924 1349 et
947 1311 1058 1350 armis
1085 1323 1168 1350 eum
1194 1324 1265 1350 co-

150 1390 262 1431 gant,
289 1390 332 1420 ut
360 1384 401 1420 ea
416 1379 606 1431 abJ'ura‘ta,
635 1382 738 1431 aliam
755 1410 767 1429 ,
783 1394 877 1430 quae
903 1395 1013 1431 quam
1038 1384 1129 1421 vana
1151 1385 1201 1422 sit
1221 1393 1258 1423 et

151 1452 303 1491 homine
327 1452 501 1501 indigna,
532 1451 737 1500 perspicit,
764 1453 1035 1500 amplectatur?
1063 1453 1160 1503 Quis
1183 1465 1261 1492 non

151 1523 353 1561 laudaverit
373 1523 584 1571 populum,
613 1521 678 1570 qui
700 1533 770 1570 pro
796 1522 964 1560 libertate
990 1531 1156 1571 pugnat,
1185 1526 1260 1571 qua

152 1592 313 1631 nominis
341 1592 482 1639 decus,
511 1591 648 1640 patriae
675 1592 802 1640 leges,
829 1591 970 1639 patrios
1010 1604 1132 1630 mores
1149 1621 1162 1641 ,
1189 1594 1280 1632 lin-r

153 1672 247 1710 guae
283 1672 421 1707 usum,
465 1660 587 1698 omnia
625 1672 718 1708 quae
762 1660 832 1699 sibi
878 1661 1034 1708 suisque
1065 1662 1153 1700 usui
1184 1663 1261 1702 sint

1229 1742 1266 1771 et

397 1778 417 1790 δ

160 1833 273 1869 patriae
298 1834 391 1861 salute
419 1831 505 1860 obire
531 1833 691 1861 stultorum
716 1840 782 1861 esse
806 1839 944 1868 putaret,
966 1832 1026 1866 jam
1045 1839 1163 1862 veteres
1181 1834 1267 1864 vide-

157 1898 239 1919 runt.
262 1890 326 1918 Cfr.
347 1889 413 1922 ejus
430 1889 539 1924 piacita
557 1890 635 1924 apud
661 1891 733 1917 Sex
750 1897 828 1917 tum
855 1889 1099 1924 Erhpiricum
1121 1891 1269 1921 adversus

165 1947 324 1982 Physicas,
345 1946 412 1974 Lib.
435 1947 486 1974 IX.
506 1953 538 1980 p.
563 1940 681 1983 6645et
701 1946 931 1980 Diogenem
949 1948 1179 1985 Laenium,
1200 1950 1269 1980 Lib.

163 2004 203 2032 11.
225 2004 298 2037 Cap.
322 2005 464 2038 98—103.
487 2001 651 2037 Cicero,
670 2003 704 2030 de
729 2002 814 2038 Offic.
838 2004 870 2032 L.
892 2005 917 2033 Ι.
941 2005 977 2033 C.
1003 2014 1049 2040 17.
1079 2006 1153 2034 haec
1172 2007 1266 2043 scrip-

161 2059 219 2089 sit:
238 2079 269 2095 .„
294 2061 479 2087 societatum
506 2061 637 2088 omnium
663 2062 750 2088 nulla
778 2068 824 2089 est
853 2063 1002 2098 gravior,
1024 2064 1112 2090 nulla
1140 2066 1267 2101 carior,

162 2126 249 2152 quam
279 2126 354 2153 quae
376 2125 440 2143 cum
472 2118 644 2152 Republica
670 2125 717 2145 est
745 2120 932 2155 unicuique,
953 2132 993 2140 —·
1016 2128 1072 2156 pro
1094 2121 1155 2156 qua*
1183 2131 1264 2150 nemo

165 2175 256 2200 bonus
279 2174 406 2202 dubitat
432 2180 556 2201 mortem
582 2181 739 2213 oppetere,
761 2177 789 2203 st
810 2177 840 2203 ei
861 2177 904 2204 sit
922 2177 1150 2214 profuturus.”

203 2227 254 2265 (ι)
274 2230 338 2258 Cfr.
361 2229 584 2264 Reinhard,
610 2230 728 2260 Christ.
750 2232 876 2268 Zedet„
899 2234 986 2263 Tom.
1010 2236 1064 2263 lv,
1083 2243 1112 2269 p.
1129 2244 1176 2271 27.
1199 2244 1266 2271 sqq.
