1523 2745
220 207 293 247 166
369 203 628 245 COMM.
681 196 1196 242 LITERARIA.

221 314 393 354 Cimonis
423 313 652 360 moenibus,
678 312 715 349 in
752 309 982 348 meridionali
1017 307 1219 355 Acropolis
1252 317 1333 355 par-

221 394 282 432 te,
324 385 432 433 loqui
478 385 657 433 potuerit.
736 379 1052 429 wyttenbachius
1099 378 1167 426 (1)
1214 387 1337 422 vero,

223 466 445 502 quamquam
481 463 516 492 et
550 455 632 502 ipse
667 453 763 491 duos
799 459 942 488 tantum
977 459 1104 486 muros
1141 454 1335 490 statuenS,

223 523 286 561 illa
324 532 444 562 tamen
475 524 621 560 moenia
657 521 778 570 probe
808 518 1005 567 distinguit
1037 531 1056 556 a
1090 519 1213 567 μοοκρῷ
1258 514 1339 554 sive

225 596 323 644 νοτίῳ
357 605 480 631 muro,
539 592 743 631 Contendit
779 598 926 636 autem,
966 598 1106 626 veteres
1137 586 1339 634 scriptores

222 664 262 701 in
298 663 366 701 hac
390 655 637 712 appellatione
674 661 869 699 admodum
906 658 1094 705 variasse3
1123 656 1254 695 deinde
1286 656 1340 693 sic

223 733 371 782 pergit:
421 760 444 780 ,.,
472 745 587 780 quum
615 733 742 770 nullus
781 730 912 768 tertius
951 740 1078 766 murus
1115 740 1135 765 a
1179 727 1267 764 mari
1297 726 1343 765 ad

227 829 252 850 „
278 803 407 841 urbem
444 802 584 850 fuerit,
636 811 869 839 transversus
908 798 1023 836 fuerit
1065 808 1218 836 necesse
1256 805 1342 844 est,

229 900 254 921 ‚‚
281 874 345 921 qui
372 874 457 911 illos
484 874 581 911 duos
605 873 792 922 jungeret.
846 869 978 907 Talem
1001 880 1115 907 unum
1144 867 1343 913 novimus,

229 965 253 986 ‚,
281 950 358 977 eam
392 947 531 986 partem
569 937 801 974 moeniorum
839 934 971 982 urbis,
1002 945 1110 981 quam
1148 930 1346 980 Thucydi-

229 1037 254 1058 „
280 1009 345 1047 des
375 1008 466 1047 Lib.
494 1008 544 1047 ΙΙ.
577 1020 637 1057 13.
667 1006 780 1044 dicit:
821 1009 860 1047 τὸ
888 1006 1030 1054 μετοοξὺ
1055 1007 1116 1044 τοῦ
1144 1019 1185 1043 τε
1207 1004 1344 1051 μακροῦ

229 1105 254 1125 „
275 1080 335 1120 κοιὶ
369 1082 431 1120 τοῦ
469 1077 724 1128 Φαληρικοῦ.”
776 1064 903 1125 Quum
941 1086 1030 1112 vero
1063 1075 1167 1112 Plato
1198 1081 1235 1110 et
1262 1072 1347 1110 Plu-

225 1148 376 1186 tarchus
404 1149 502 1196 (α),
530 1148 685 1185 eundem
721 1158 868 1184 murum
907 1152 1044 1182 vocent
1076 1147 1116 1184 τὸ
1145 1145 1204 1184 διαὶ
1237 1143 1346 1191 μέσου

226 1226 264 1255 et
291 1220 331 1258 τὸ
358 1219 493 1267 μακρόν
509 1247 520 1262 ,
547 1218 620 1254 huc
654 1217 742 1254 citat
770 1216 838 1252 Vir
863 1216 912 1253 C.
946 1214 1180 1252 Scholiasten
1206 1211 1276 1260 (3)
1301 1212 1347 1250 ad

224 1287 391 1326 Platonis
424 1288 451 1325 1.
479 1289 507 1324 l.
535 1287 743 1324 dicentem:
774 1288 833 1326 διαὶ
869 1287 978 1332 μέσου
1007 1291 1129 1332 τεῖχος
1170 1284 1299 1329 λέγει,
1327 1279 1344 1321 ὃ

228 1359 317 1408 ἄχρι
339 1361 398 1398 νῦν
419 1358 515 1397 ἐστὶν
543 1358 578 1396 ἐν
599 1363 645 1405 τῇ
668 1356 818 1395 Ἑλλάδι
854 1356 889 1394 ἐν
918 1362 963 1403 τῇ
994 1354 1201 1402 Μουνυχίᾳ.
1230 1352 1348 1397 Eri-oln-

225 1443 266 1467 σε
299 1428 359 1467 uoci
387 1429 427 1466 τὸ
460 1427 567 1473 μέσον
594 1433 740 1474 τεῖχος,
768 1427 809 1465 τὸ
835 1427 898 1472 μὲν
925 1426 1068 1472 βάλλον
1093 1424 1150 1462 ἐπὶ
1175 1424 1233 1462 τὸν
1258 1429 1343 1461 Πει-

225 1505 333 1548 ροοῖοο,
362 1499 403 1537 τὸ
427 1499 462 1537 δὲ
483 1497 541 1537 ἐπὶ
566 1498 729 1544 Φάληροι.
770 1495 878 1532 Putat
904 1492 1220 1541 Wyttenbachius
1243 1491 1344 1529 hunc

225 1569 285 1607 διὰ
321 1568 429 1615 μέσου
469 1576 613 1601 murum
655 1575 675 1600 a
713 1563 863 1601 Piraeeo
899 1562 943 1600 ad
980 1561 1254 1608 Munychiam,
1306 1569 1344 1597 et

226 1636 312 1674 inde
337 1637 381 1674 ad
401 1635 592 1674 Phalerum
625 1633 877 1681 pertinuisse3
907 1633 966 1669 vel
988 1632 1084 1668 illam
1113 1629 1342 1668 moeniorum

229 1705 332 1744 urbis
377 1713 517 1753 partem
555 1706 595 1745 τὸ
638 1706 696 1744 313:
734 1705 840 1751 μέσον
882 1709 1004 1751 τεῖχος
1050 1701 1183 1738 dictam
1230 1711 1342 1746 esse,

228 1776 308 1814 sive
345 1776 449 1823 ipsos
484 1776 579 1812 duos
618 1785 770 1820 muros,
811 1773 856 1810 ab
886 1773 978 1811 urbe
1009 1772 1046 1809 in
1080 1771 1268 1810 Piraeeum
1308 1780 1344 1808 et

229 1846 422 1884 Phalerum
440 1844 688 1893 pertinentes,
718 1844 789 1880 hoc
822 1845 880 1883 διαὶ
906 1844 1015 1890 μέσου
1042 1844 1185 1890 τείχους
1206 1851 1342 1878 nomen

228 1916 417 1955 habuisse.
480 1914 711 1963 Subjungit‚
739 1913 968 1960 antiquiores
995 1923 1140 1948 murum
1169 1923 1214 1948 ex
1250 1910 1344 1948 urbe

231 1988 276 2025 ad
310 1986 494 2025 Piraeeum
515 2013 526 2031 ‚
573 1987 632 2025 τὸν
666 1986 825 2034 βόρειονς
854 1995 899 2021 ex
935 1981 1027 2020 urbe
1051 1982 1095 2018 ad
1120 1981 1340 2027 Phalerum,

226 2061 285 2099 τὸν
315 2059 421 2098 νότιον
451 2056 682 2104 appellasse,
712 2052 847 2104 (sicuti
870 2062 905 2091 et
931 2051 1092 2091 Leakius
1122 2050 1291 2099 perhibet
1305 2049 1343 2098 ,)

1256 2134 1340 2161 uam

265 2190 317 2226 (1)
338 2191 386 2218 Ad
411 2191 488 2220 Plut.
507 2191 545 2218 de
567 2191 653 2218 Glor.
671 2190 804 2218 Athenn.
825 2197 893 2224 cap.
917 2195 947 2222 7.
967 2196 998 2223 p.
1015 2194 1080 2224 3492
1098 2188 1136 2216 D.
1228 2134 1253 2170 q

261 2245 316 2285 (2)
338 2248 415 2276 Plat.
445 2247 476 2275 in
504 2248 599 2281 Gorg.
617 2254 685 2281 cap.
707 2256 752 2276 10.
780 2254 812 2281 p.
828 2253 897 2282 455.
923 2252 1003 2274 extr.
1025 2259 1062 2267 —
1082 2246 1160 2275 Plut.
1179 2244 1248 2273 Per.
1270 2250 1339 2279 cap.

231 2313 277 2338 13.
304 2311 336 2339 p.
365 2310 429 2336 159.

266 2358 320 2398 (3)
338 2360 371 2388 In
393 2358 528 2388 Bekkeri
553 2359 626 2388 edit.
652 2365 684 2393 p.
713 2364 781 2395 342·
