1502 2767
220 215 267 252 34
439 193 1102 236 COMMENTATro

224 309 449 358 singularum
483 304 673 342 civitatum
709 304 802 341 fines
825 314 946 351 aequo
967 304 1051 352 jure
1071 311 1108 340 et
1129 304 1236 350 quasi
1258 315 1342 342 ma·

225 378 422 418 thematice
448 374 700 422 definiantur-3
728 382 765 412 et
791 372 848 411 fac
882 374 974 412 fines
1002 374 1072 410 hos
1095 384 1211 421 aeque
1231 374 1335 422 posi·

227 460 288 488 tos
314 460 421 493 esse,
455 455 580 483 nonne
606 444 761 482 historia
793 443 914 482 omnis
949 443 1027 481 aevi
1059 444 1193 489 docet,
1231 443 1338 481 brevi

228 521 327 557 hunc
357 516 411 554 illi
445 516 591 563 populo
618 514 904 563 praevaliturum
921 544 934 560 ‚
975 525 1090 561 quum
1117 514 1338 552 diversimo-

229 589 275 625 de
316 586 454 634 singuli
491 584 624 634 populi
661 583 805 621 viribus
844 592 880 621 et
913 583 1140 622 humanitate
1176 594 1340 621 crescere

231 658 292 695 vel
316 657 526 694 decrescere
559 655 718 692 soleant.

282 727 397 777 Quod
431 726 476 763 ad
511 726 660 763 alteram
699 723 853 761 rationis
881 724 1097 772 propositae
1128 731 1268 771 partem
1292 731 1346 760 at·

235 798 357 844 tinet,
407 795 552 833 etiamsi
592 805 815 843 speramus,
872 792 953 831 fore
991 803 1033 831 ut
1068 804 1184 842 genus
1219 794 1349 831 huma-

235 877 323 903 num
357 866 401 902 ad
437 876 513 901 eam
544 863 630 901 olim
668 864 816 900 accedat
845 862 1111 911 perfectionem
1148 865 1348 909 moralem,

237 945 280 973 ut
313 946 468 980 omnes,
500 933 591 981 quid
622 944 780 980 aequum
810 941 846 970 et
873 933 1014 982 justum
1043 933 1116 979 sit,
1146 932 1352 981 percipien-

243 1014 330 1052 tes,
362 1016 402 1042 se
439 1005 596 1042 invicem
634 1013 758 1040 amore
782 1011 858 1040 tam
893 1002 1037 1050 integro
1053 1004 1349 1051 amplectantur,

236 1083 281 1113 ut
306 1074 480 1124 justitia,
508 1072 700 1120 aequitas,
722 1083 826 1109 amor
842 1080 954 1109 notae
980 1071 1055 1109 sint
1084 1071 1355 1110 characteristi-

236 1156 300 1184 cae
324 1143 468 1193 generis
491 1142 669 1188 humani,
697 1152 773 1178 non
796 1150 919 1178 tamen
945 1150 1002 1179 est
1039 1141 1114 1179 nisi
1152 1142 1255 1190 pium
1285 1152 1353 1178 vo-

238 1224 317 1253 tum
332 1215 425 1263 (133
441 1213 565 1259 dequo
587 1222 732 1259 semper
744 1210 812 1248 erit
831 1211 1001 1258 quaestio
1025 1211 1249 1249 instituenda
1264 1212 1353 1260 (2).

244 1285 296 1323 Et
313 1294 428 1330 sane,
455 1281 598 1320 etiamsi
623 1282 752 1318 demus
787 1290 904 1328 genus
931 1281 1131 1318 humanum
1153 1282 1267 1319 semel
1289 1283 1356 1319 ali-

241 1354 388 1401 quando
419 1364 463 1390 eo
489 1359 754 1400 perventurum
771 1377 783 1395 ‚
813 1349 990 1397 quamdiu
1011 1351 1176 1388 nondum
1201 1361 1247 1389 eo
1270 1362 1357 1400 per·

240 1427 410 1470 venerit,
438 1433 511 1472 pax
541 1430 720 1470 perpetua
744 1420 905 1457 stabiliri
937 1431 1015 1457 non
1046 1421 1200 1469 poterit.

292 1496 419 1540 Ecce,
473 1503 566 1540 quas
606 1489 830 1538 Philosophi
876 1499 912 1527 et
949 1490 1100 1533 Politici
1135 1491 1236 1539 pacis
1275 1502 1358 1540 per-

243 1572 375 1613 petuae
423 1560 706 1600 constituendae
759 1560 878 1609 gratia
914 1570 1198 1609 proposuerunt
1243 1562 1321 1600 vias
1341 1589 1356 1609 ‚

1263 1643 1328 1669 uas

281 1696 336 1734 (ι)
356 1697 424 1724 Cfr.
455 1696 504 1724 Cl.
534 1703 565 1724 v.
595 1695 769 1728 Hengel‚
813 1693 1028 1721 Geschiedem's
1052 1694 1108 1722 der
1132 1643 1293 1730 Zedelit‘lke
1322 1660 1359 1723 a:

248 1754 479 1788 Godsdiemsige
496 1752 678 1787 besclmvt'ng
697 1760 756 1779 ‘van
775 1751 827 1777 het
847 1750 1087 1786 hedendaagsche
1106 1751 1252 1788 Europa,
1270 1753 1362 1782 Tom.

245 1813 272 1840 1.
292 1820 324 1846 p.
348 1815 416 1844 273·
439 1818 509 1844 sqq.
532 1809 583 1843 qui
611 1808 676 1843 ipse
704 1808 856 1841 destatu,
879 1807 973 1841 qualis
997 1807 1046 1836 hic
1070 1808 1275 1845 desideratur,
1296 1818 1361 1839 me-

246 1868 306 1896 rito
324 1868 450 1896 dubitat.
471 1867 516 1894 De
534 1865 632 1899 locis,
654 1871 730 1899 quae
750 1864 786 1890 ad
802 1863 984 1891 contrarium
1010 1865 1196 1899 probandum
1213 1874 1253 1895 ex
1273 1868 1310 1895 V.
1327 1874 1359 1896 et

247 1926 289 1955 N.
312 1924 458 1953 Foederis
474 1922 558 1950 libris
579 1920 656 1949 varii
675 1921 860 1954 attulerunt,
881 1920 952 1948 cfrr.
976 1921 1057 1949 Rev.
1079 1922 1237 1951 statius
1264 1924 1361 1952 Mul-

245 1987 305 2013 ler
327 1988 357 2009 et
382 1982 429 2009 Cl.
451 1981 492 2009 N.
518 1980 559 2008 G.
583 1986 639 2006 van
661 1978 857 2010 Kampen‚
887 1977 917 2004 in
943 1976 1014 2007 diss.
1048 1980 1120 2008 Soc.
1146 1979 1242 2015 Tei1.‚
1268 1981 1360 2010 Tom.

245 2038 353 2068 xxm.
376 2047 441 2073 pag.
465 2045 498 2066 ια
519 2044 549 2064 et
569 2043 645 2073 455,
671 2040 747 2070 quae
766 2031 890 2067 quidem
909 2041 1020 2062 [emere
1041 2037 1111 2064 allat
1223 2038 1360 2072 epi-oba·

248 2103 328 2124 runt.

290 2154 340 2191 (ε)
365 2154 413 2181 De
431 2153 488 2186 qua
509 2153 568 2185 egit
586 2151 774 2187 Jenisch,
796 2153 826 2180 in
847 2153 1014 2180 Universa!
1033 2151 1236 2179 laistei-tscher-
1252 2151 1364 2178 Ueber-

249 2211 329 2240 buck
361 2211 416 2238 dor
445 2209 683 2245 Entm‘ekclung
714 2211 763 2238 des
790 2209 1102 2245 Memefungesleclnt
1127 2211 1173 2236 als
1193 2210 1275 2236 ciues
1301 2210 1364 2237 n‘cb

245 2267 478 2304 ferebildenden
519 2267 656 2296 Gunzen.
