1538 2689
515 158 867 202 MEDICA.
1198 176 1241 211 51

122 270 353 310 membranae
382 269 515 318 partim
551 269 769 309 transcissae
795 278 899 309 sunt.
941 270 1082 318 Largae
1108 271 1239 321 ligatu-

128 348 190 379 ra'e
210 340 296 378 hinc
327 342 451 378 minus
487 340 713 378 conveniunt
731 369 744 387 ‚
771 351 855 378 cum
884 341 946 378 vix
982 340 1057 379 fieri
1083 342 1233 390 possit.

127 417 172 449 ut*
198 411 399 459 aequaliter
424 418 460 448 et
486 410 610 459 glabre
638 411 866 448 circumdent
902 409 1064 449 arteriam
1082 438 1094 457 ,
1123 422 1231 459 quam

124 489 224 518 certe
260 479 298 518 in
323 479 430 529 plicis
462 480 725 530 constringunt
750 481 846 532 (1);
876 492 987 528 quare
1011 492 1088 519 non
1114 491 1233 520 trans·
1294 519 1300 523 ,

125 549 346 587 scinduntur
372 549 516 588 tunicae
551 550 709 589 intimae.
746 551 819 589 Sed
848 561 1027 598 ponamus
1046 580 1059 597 .‚
1084 551 1163 589 hoc¹
1185 551 1234 590 ita

129 617 382 668 fieri,nempe
407 619 548 658 tunicas
575 620 723 658 intimas
747 631 900 668 prorsus
928 621 1149 669 transcindi‚
1180 631 1232 660 ta.—

127 697 240 735 men,
274 699 358 726 cum
399 697 533 727 tantam
563 699 701 737 partem
731 690 941 738 superficiei
977 700 1144 729 externae
1180 702 1234 730 te·

125 766 214 806 gant
240 758 441 808 ligaturae,
468 759 616 797 minima
649 771 737 797 vasa
771 750 1044 807 destruuntur,
1065 772 1159 809 quae
1187 763 1232 799 ad

129 821 348 860 exteriorem
382 831 522 871 partem
556 834 640 861 curn
676 822 806 861 arteria
844 823 1070 871 cohaerent,
1122 836 1232 872 atque

127 892 223 929 illam
255 891 473 940 perforant,
514 900 551 929 et
585 892 821 940 impediunt,
859 892 1057 939 quominus
1094 893 1233 933 inflam-

130 971 291 1000 mentur.
347 962 441 1000 Sane
472 962 544 998 hoc
575 960 613 998 in
646 961 800 1008 quadam
837 962 1012 999 relatione
1043 972 1101 1000 est
1148 974 1232 1001 cum

127 1031 389 1078 circulatione3
418 1041 500 1068 nam
534 1031 567 1068 si
596 1030 709 1074 rami,
739 1031 804 1078 qui
835 1031 1043 1069 immediate
1074 1034 1230 1082 superli-

128 1100 206 1140 cies
238 1094 447 1139 vulneratas
476 1100 674 1146 nutriunt,
715 1100 880 1149 ligatura*
901 1102 958 1139 vel
984 1101 1234 1150 franguntur,

123 1172 183 1209 vel
215 1171 538 1219 comprimuntur,
567 1171 720 1218 sanguis
744 1182 811 1219 per
831 1171 914 1209 illos
936 1161 1137 1221 transgredi
1157 1185 1233 1212 non

125 1249 266 1289 potest.
323 1240 356 1277 T
359 1241 433 1289 egit
460 1241 614 1289 ligatura
640 1241 737 1279 illam
774 1250 942 1290 partem,
984 1254 1078 1290 quae
1114 1245 1235 1292 posita

127 1318 184 1348 est
219 1321 331 1358 supra
366 1321 493 1348 recens
516 1320 631 1348 ortam
669 1320 835 1359 partem,
863 1321 926 1358 et,
953 1313 984 1349 si
1015 1316 1237 1361 suppuratio

128 1381 165 1418 in
194 1381 318 1418 tunica
354 1389 502 1418 externa
536 1391 737 1428 provocata
779 1381 854 1428 sit,
894 1383 1162 1430 transgreditur
1189 1386 1235 1423 ad

125 1450 269 1489 tunicas
279 1450 425 1488 intimas
439 1460 473 1488 et
487 1451 763 1499 haemorrhagia
775 1453 988 1490 secundaria
1012 1452 1131 1490 oritur
1143 1454 1233 1504 (2).

125 1521 275 1559 Gaudet
295 1521 448 1568 ligatura
482 1520 595 1567 igitur
635 1519 753 1558 forma
776 1520 992 1567 irregulari,
1018 1531 1117 1560 certe
1137 1523 1235 1560 tuni-

125 1603 186 1629 cas
235 1590 380 1628 intimas
426 1601 501 1628 non
542 1591 715 1627 omnibus
749 1591 898 1639 punctis
938 1591 1137 1642 aequaliter
1165 1592 1232 1630 fin-

126 1661 196 1699 dit.
448 1714 450 1716 ³

175 1731 208 1769 E
239 1730 366 1768 multis
386 1730 645 1777 experimentis
672 1730 740 1778 (3)
767 1739 866 1778 patet
889 1760 902 1778 ‚
928 1733 972 1769 ad
994 1732 1234 1771 sufficientem

132 1799 384 1840 exsudationis
424 1801 595 1848 lymphae
643 1799 816 1848 plasticae
863 1801 1102 1849 quantitatem
1150 1815 1236 1851 pro-

129 1870 326 1909 ducendam
354 1881 502 1909 necesse
544 1881 655 1916 esse,
692 1880 733 1908 ut
759 1872 903 1909 tunicae
935 1871 1082 1910 intimae
1117 1883 1236 1911 trans·

124 1940 350 1979 scindantur.
401 1941 561 1990 Jones
599 1939 715 1978 utitur
746 1941 783 1979 in
816 1933 969 1990 ligatura
1005 1942 1077 1980 filis
1113 1943 1234 1982 linteis

128 2010 294 2048 rotundis
311 2038 323 2057 ‚
337 2008 558 2047 fortioribus
576 2038 589 2056 ‚
619 2022 700 2048 cera
721 2012 879 2049 inductis
895 2025 907 2059 ;
925 2022 959 2050 et
982 2013 1164 2061 vituperat
1181 2015 1240 2054 tila

1177 2086 1240 2122 ali·-

171 2127 198 2164 (ι
219 2131 360 2166 Jones,
380 2133 400 2160 1.
421 2133 443 2160 Ι.
464 2140 494 2167 p.
516 2139 583 2165 223.

169 2188 391 2224 (2)Jones‚
411 2190 474 2220 1.1.
489 2197 612 2226 p.174.

170 2244 223 2281 (3)
243 2247 362 2283 Jones
379 2247 428 2280 ‚1.
450 2248 471 2274 1.
494 2256 513 2281 p
548 2249 599 2281 1⁶7
625 2256 691 2282 sqq.

653 2306 735 2343 Da
