1523 2745
306 229 380 255 202
451 211 708 252 COMM.
764 208 1272 248 LITERARIA.

305 332 415 362 cutus
453 330 509 360 est
539 321 723 359 Seidlerus
756 318 944 356 Boeckhio
972 317 1064 366 (1)‚
1093 316 1157 365 qui
1189 322 1407 365 monuerat,

307 394 532 443 Antigonam
581 393 683 428 circa
741 389 883 439 Olymp.
934 387 1160 426 LXXXIV.
1219 395 1407 425 exeuntem

304 465 417 501 aetam
460 461 603 507 fuisse3
639 456 718 506 ip'se
754 469 868 505 vero,
896 458 984 494 satis
1011 468 1050 494 se
1072 455 1253 504 probasse
1285 455 1411 493 existi·

305 545 433 579 mans,
463 531 683 578 Sophoclem
706 539 801 566 anno
827 540 860 565 1.
888 527 1043 575 Olymp.
1070 525 1263 563 LXXXV.
1292 524 1411 564 fuisse

304 602 504 652 στρατηγόν
519 628 532 647 ‚
560 599 732 647 putavit,
755 609 869 645 quum
897 605 1048 644 propter
1073 603 1209 644 partam
1235 595 1300 633 hac
1317 595 1410 633 Tra-

295 671 424 721 goedia
460 669 611 718 gloriam
653 667 834 706 Praetoris
883 676 1017 703 munus
1056 673 1187 712 poetae
1223 664 1404 702 tributum

297 751 381 779 esse
417 740 565 784 dicant,
595 737 752 774 fabulam
782 736 877 773 illam
906 735 1031 772 eodem
1059 744 1155 771 anno
1186 745 1261 771 non
1288 735 1406 771 multo

299 819 384 849 ante
413 811 532 848 datam
565 808 697 846 fuisse.
750 806 838 855 Quo
863 806 984 842 minus
1010 814 1128 842 tamen
1151 804 1277 841 eodem
1309 813 1406 840 anno

298 880 374 919 dari
388 878 550 927 potuerit
570 906 582 924 ‚
597 877 719 914 obstat
736 875 945 913 Atticorum
964 884 1045 911 mos
1059 901 1072 920 ‚
1089 873 1154 920 qui
1166 883 1295 911 versus
1317 871 1408 910 civi-

295 951 344 989 lis
357 949 440 988 anni
455 948 572 987 Attici
588 947 694 984 finem
714 944 918 983 ordinarios
937 944 1126 992 Strategos
1136 942 1173 980 in
1191 949 1404 989 sequentem

299 1031 433 1059 annum
467 1018 657 1066 designare
699 1015 888 1054 solebant:
941 1013 1126 1061 Dionysia
1150 1013 1219 1060 (2)
1239 1019 1404 1057 nutem,

299 1100 375 1137 quo
405 1098 571 1135 tempore
611 1093 741 1133 poetae
772 1095 889 1121 novas
925 1082 1151 1130 Tragoedias
1185 1081 1222 1118 in
1256 1091 1400 1119 scenam

297 1158 563 1208 proferebant,
599 1166 721 1192 mense
761 1152 1079 1201 Elaphebolione‚
1121 1152 1230 1189 tertio
1267 1162 1400 1200 nempe

299 1238 382 1268 ante
420 1226 540 1265 civilis
582 1225 664 1262 anni
705 1223 814 1260 finem
859 1221 1031 1259 celebrari
1075 1221 1257 1260 solebant.
1327 1222 1406 1260 Ne-

297 1311 370 1347 que
409 1297 614 1334 existimare
651 1294 756 1339 licet,
815 1292 1037 1338 Sophoclem
1086 1291 1240 1328 electum
1285 1290 1404 1328 fuisse

295 1370 504 1408 Praetorem
533 1361 853 1401 extraordinarium
872 1388 884 1406 ‚
938 1361 1023 1407 quia
1055 1362 1133 1411 eJ‘us
1167 1360 1324 1408 merita,
1364 1361 1403 1399 in

298 1437 408 1476 rebus
451 1434 598 1482 quidem
644 1431 813 1477 bellicis,
877 1441 952 1467 non
982 1431 1072 1467 tanti
1105 1439 1230 1477 erant,
1260 1439 1300 1469 ut
1339 1431 1402 1469 tali

296 1511 439 1547 honore
463 1505 596 1552 dignus
621 1511 717 1539 esset
744 1503 823 1549 (3).
877 1500 979 1549 Quid
1006 1509 1125 1536 autem
1151 1500 1241 1538 illud
1263 1499 1402 1548 fuerit,

299 1590 374 1627 quo
392 1575 590 1623 Sophoclis
605 1572 726 1609 fabula
741 1570 1033 1608 Atheniensibus
1055 1578 1244 1618 tantopere
1259 1573 1404 1618 placue-

295 1644 369 1690 rit,
396 1650 437 1679 ut
460 1638 598 1677 auctori
630 1635 811 1674 Praetoris
843 1645 977 1671 munus
1002 1632 1211 1681 deferrent,
1239 1647 1260 1672 a
1282 1635 1419 1674 tribus>

297 1709 536 1753 Doctissimis
557 1708 673 1752 viris,
705 1706 771 1742 hae
798 1693 1069 1742 observatione
1093 1703 1238 1752 saepius
1266 1715 1405 1742 memo-

298 1783 386 1822 ratis
404 1810 416 1828 ‚
439 1781 564 1818 eodem
590 1777 700 1814 modo
715 1774 937 1822 explicatur:
967 1784 1098 1820 nempe
1121 1782 1264 1820 poetam
1287 1773 1326 1811 in
1341 1775 1402 1813 illa

301 1851 508 1901 Tragoedia
529 1846 722 1886 manifesto
748 1843 952 1882 ostendisse
969 1871 980 1889 ,
1007 1842 1098 1880 bene
1125 1854 1165 1881 se
1189 1843 1401 1892 imperantis

1322 1915 1401 1952 offi-

344 2011 397 2049 (1)
421 2011 530 2038 Graec.
550 2007 658 2039 Tragg.
678 2005 760 2032 Rell.
778 2011 810 2037 p.
832 2008 898 2034 107.
915 2009 961 2036 sq.
979 2008 1009 2029 et
1029 2008 1094 2035 137.

337 2069 390 2107 (ς.)
410 2067 501 2098 Conf.
524 2063 655 2092 Eoeckh.
676 2061 706 2088 in
732 2059 810 2087 Diss.
830 2058 940 2086 inserta
959 2059 995 2085 de
1013 2057 1142 2086 Lenaeis
1157 2060 1274 2088 Comm-
1301 2062 1395 2091 Acad,

299 2128 400 2158 Berol.
426 2126 498 2154 1816
519 2127 549 2149 et
571 2125 642 2151 1317
674 2126 705 2152 p.
726 2123 761 2151 59
782 2123 812 2143 et
831 2119 878 2150 96.
902 2130 944 2136 -
961 2114 1052 2143 C0¹¹f-
1070 2114 1193 2145 Ruhnk.
1210 2116 1241 2144 in
1262 2118 1396 2153 Opuscc.

304 2196 336 2222 Ρ.
355 2193 421 2214 220.
445 2188 511 2214 sqq.
535 2178 584 2205 ed.
606 2179 688 2209 1823.

340 2243 391 2278 (3)
411 2238 502 2268 conf.
519 2236 588 2262 Obs.
599 2233 683 2260 LIV.
698 2245 734 2252 —
756 2227 957 2263 Phrynichum
969 2229 1007 2255 ob
1020 2228 1200 2262 tragoediam
1208 2229 1398 2262 similimodo

303 2302 471 2329 Praetorem
493 2293 623 2320 electum
640 2288 753 2322 fuisse,
770 2291 893 2314 testatur
912 2284 1030 2313 Aelian.
1048 2287 1084 2313 V.
1104 2286 1142 2315 H.
1159 2287 1211 2316 ΠΙ.
1232 2292 1261 2317 8.
