1538 2689
283 141 330 187 3⁸
502 139 1164 178 COMMENTATlo

296 255 300 258 ·
327 247 439 286 Nunc
467 258 555 285 vero
582 246 763 285 actionem
788 247 840 285 fili
865 246 903 284 in
925 248 1072 286 tunicae
1083 249 1282 287 cellulosae
1296 258 1379 298 par-

276 327 313 355 te
350 317 614 356 describamus.
689 314 792 356 cnm
833 316 901 366 (1)
944 327 1077 364 nempe
1119 304 1295 366 ligatura*
1324 317 1379 355 sic

276 387 441 426 instituta
472 387 543 433 sit,
570 395 613 424 ut
644 385 790 424 tunicae
821 386 970 423 intimae
1001 387 1101 424 solae
1130 385 1382 424 transcindan·

276 466 364 504 tur,
399 453 527 505 pa‘ucis
560 455 664 494 horis
692 464 807 504 post,
844 467 957 504 parva
989 467 1072 504 pars
1115 455 1215 494 illius
1251 454 1381 494 absor-

275 527 409 573 betur,
437 527 534 564 unde
562 525 717 574 ligatura
745 525 843 562 illam
871 526 994 563 laxius
1018 525 1231 564 circumdat.
1285 524 1384 564 Ubi·

273 606 423 644 cunque
466 597 622 642 ligatura
664 595 700 631 in
744 595 912 643 partibus
952 595 1122 642 corporis
1166 595 1242 632 vivi
1275 594 1380 642 agit,

275 667 341 705 sed
368 677 443 704 non
465 675 596 713 necat,
626 665 794 702 videmus
821 675 959 702 novam·
980 660 1263 712 productionem
1279 691 1292 711 ‚
1315 674 1381 702 ¹ex·

276 737 585 783 sudationemque
620 734 842 783 plasticam.-
870 735 924 771 Ita
946 734 984 771 in
1016 734 1211 783 superficie
1241 730 1386 771 interna-

275 806 424 844 tunicae
457 806 654 844 cellulosae
676 804 912 843 inflammatio
935 813 970 842 et
998 803 1188 842 exsudatio
1208 803 1382 852 lymphae

275 875 450 925 plasticae
479 877 623 922 oritur,
652 885 745 922 quae
777 874 874 912 illam
905 874 1067 912 tunicam
1102 882 1200 912 arcte
1226 873 1384 922 conium·

276 946 328 995 git
347 954 457 994 atque
477 946 624 992 quidem
654 957 766 992 supra
791 936 945 982 et‘infra
968 939 1158 992 ligaturam
1191 955 1312 991 usque
1337 944 1381 981 ad

274 1026 420 1053 saccum
445 1026 598 1053 coecum
629 1015 832 1051 tunicarum
870 1014 1094 1051 intimarum.
1149 1014 1314 1051 Multum
1345 1012 1382 1050 id

274 1094 374 1122 certe
406 1083 511 1122 affert
541 1085 586 1121 ad
613 1083 879 1131 prohibendam
907 1083 1217 1132 haemon-hagiam
1248 1093 1382 1120 secun-

276 1155 435 1200 dariam,
472 1165 554 1191 nam
592 1162 722 1200 postea
758 1161 921 1189 mutatur
957 1152 996 1189 in
1024 1163 1178 1189 massam
1209 1151 1383 1200 ligamen-

274 1233 408 1262 tosam.
462 1222 679 1271 Longitudo
706 1223 820 1270 hujus
845 1217 987 1260 'massae
1014 1230 1070 1260 est
1105 1222 1213 1259 unius
1237 1222 1381 1267 lineae,

275 1290 539 1339 nonnunquam
575 1292 761 1343 {linea'e,
799 1302 1074 1339 nonnumquam
1110 1302 1216 1328 unam
1252 1300 1305 1329 et·
1327 1290 1382 1328 di·

278 1363 421 1400 midiam
451 1372 587 1410 partem
626 1362 742 1399 lineae
775 1364 946 1409 superat:
987 1360 1143 1397 latitudo
1168 1362 1190 1411 g
1213 1361 1270 1398 vel
1291 1354 1385 1409 {li-

277 1444 389 1470 neae:
419 1433 497 1481 ejus
526 1433 631 1469 color
668 1441 723 1468 est
756 1421 899 1479 paliiffie-
924 1430 1048 1468 ruber.
1114 1429 1152 1467 Si
1196 1439 1384 1476 exspecta-

277 1513 388 1548 mus,
441 1501 558 1539 donec
601 1501 757 1548 ligatura
791 1509 920 1538 natura
958 1501 1151 1545 solvatur,
1207 1509 1384 1547 perpetua
1418 1528 1420 1530 ψ

279 1571 482 1609 irritatione
520 1571 740 1619 producitur
778 1569 997 1617 suppuratio
1035 1570 1073 1605 in
1097 1570 1167 1606 tela
1193 1569 1383 1606 ceilulosa.

279 1641 511 1692 Quamquam
546 1641 641 1678 actio
669 1640 719 1678 fili
743 1640 798 1677 sic
837 1650 919 1677 sese
948 1639 1103 1684 habeat,
1133 1648 1251 1676 tamen
1274 1639 1386 1677 nobis

279 1712 426 1750 videtur
463 1720 561 1748 tanta
590 1711 627 1748 vi
655 1710 863 1758 constringi
904 1709 1030 1755 filum,
1060 1717 1100 1746 ut
1132 1708 1191 1745 illa
1215 1719 1300 1756 pars
1327 1719 1386 1746 tu·

280 1782 381 1819 nicae
413 1781 609 1817 ceilulosae
646 1778 858 1816 emoriatur.
913 1777 1072 1816 Difficile
1098 1786 1179 1823 est,
1213 1785 1312 1815 tanta
1349 1777 1385 1813 vi

279 1850 536 1897 constringere
573 1849 707 1894 filum,
746 1857 787 1885 ut
820 1847 966 1885 tunicae
1002 1847 1198 1884 cellulosae
1231 1846 1386 1894 parietes

279 1932 320 1958 se
350 1919 506 1957 invicem
544 1917 752 1965 attingant,
781 1926 843 1960 et,
866 1915 899 1952 si
930 1927 1012 1952 curn
1036 1916 1100 1953 filo
1128 1915 1238 1953 unico
1269 1916 1385 1954 linteo

279 1990 471 2036 ligaturam
503 1986 757 2032 instituimus,
799 1978 1018 2034 suppuratio
1054 1995 1130 2022 non
1162 1993 1234 2023 tam
1277 1988 1388 2024 noxia

282 2060 446 2098 habenda
483 2067 569 2103 est,
614 2057 815 2094 dummodo
851 2066 926 2094 non
966 2055 1105 2093 diutius
1136 2054 1258 2102 adsit;
1304 2067 1386 2094 nam

1297 2133 1386 2164 tunc

326 2214 375 2251 (ι)
399 2212 699 2248 Langebeck,1.
723 2211 744 2238 1.
773 2209 901 2238 lid-11¹.
926 2211 954 2238 S·
981 2214 1042 2242 ats-
