1507 2876
356 189 958 259 THEOLOGICA,
1174 243 1217 280 13

156 304 350 355 Quidquid
376 320 422 348 ex
449 313 550 352 hisce
575 316 666 356 effici
688 332 844 371 posset,
873 338 971 367 certe
984 334 1085 371 omni
1106 347 1217 385 agen-

104 372 141 410 di
173 375 315 414 ratione
334 378 423 427 Jesu
451 391 489 420 et
513 386 787 433 Apostolorum
816 397 928 445 magis
950 402 1215 457 confirmatur,

103 454 211 490 quam
241 447 478 499 infringitur,
517 466 645 496 eorum
671 465 879 514 sententia,
914 471 980 518 qui
1007 484 1083 512 non
1108 488 1219 518 omne

103 511 239 553 bellum
263 516 308 554 ab
329 518 374 557 iis
398 521 572 563 iIIIcitum
596 527 715 569 fuisse
741 533 905 576 habitum
934 543 1099 584 credant.
1148 549 1220 589 Vel

105 581 160 620 sic
185 592 303 624 tamen
334 600 379 627 ex
406 591 562 633 Ethices
597 597 831 643 Christianae
861 608 1030 652 doctrina
1063 618 1221 658 certiora

109 664 321 702 argumenta
340 659 475 701 afferre
506 667 685 708 conabor.

361 810 922 830 Ἢ

257 920 720 971 SEGMENTUM
771 936 1065 981 PRIMUM.

184 1076 243 1104 ΛΝ
270 1079 459 1118 υΝρυΛΜ
486 1086 644 1117 nomm
670 1092 932 1126 cums‘rrANO
959 1100 1135 1132 uenum

467 1156 639 1187 GERERE
667 1162 800 1193 mee-r
816 1155 837 1193 ἓ

578 1289 616 1335 §-
674 1304 710 1339 3..

219 1416 336 1457 Homo
361 1421 598 1483 Christimgus
625 1430 684 1467 sui
709 1431 879 1482 defhmor
903 1450 1090 1482 armatus.

141 1540 242 1616 Qui
274 1567 313 1605 in
340 1568 440 1610 bello
467 1585 565 1613 arma
588 1580 710 1627 gerit,
742 1594 909 1625 versatur
931 1589 970 1626 in
995 1603 1063 1640 eo,
1103 1604 1144 1634 ut
1170 1606 1207 1635 et

87 1635 325 1687 semetipse,
350 1651 386 1680 et
409 1654 604 1695 parentes,
621 1661 822 1702 cognatos,
850 1659 987 1698 amicos
1014 1671 1052 1700 et
1076 1664 1206 1706 civita-

86 1711 158 1741 tem
190 1707 500 1762 principemque,
528 1715 642 1757 immo
676 1722 764 1761 alias
795 1726 963 1767 civitates
993 1734 1105 1772 armis
1140 1738 1204 1776 dc·

80 1771 221 1814 fendat.
298 1780 357 1818 De
392 1782 460 1822 hac
503 1787 599 1826 varia
641 1791 800 1833 hominis
831 1801 1048 1841 conditione
1080 1806 1203 1856 videa·
1244 1850 1246 1852 ,

82 1853 190 1892 mus3
218 1847 377 1895 primum
408 1853 522 1900 igitur
549 1860 830 1904 consideremus
855 1869 1111 1914 Christianum
1144 1890 1205 1917 se·

83 1922 157 1951 met
182 1915 304 1963 ipsum
330 1922 439 1960 armis
464 1924 502 1962 in
528 1927 626 1966 bello
650 1931 921 1978 defendentem.

134 1984 274 2026 Omnes
317 1990 444 2033 felices
479 2008 561 2035 esse
600 2002 774 2050 cupimus
807 2016 845 2045 et
882 2009 919 2047 in
953 2013 1019 2051 hac

1033 2044 1045 2062 ,
1088 2026 1124 2055 et
1161 2020 1198 2058 in

80 2055 191 2094 altera
223 2059 322 2107 vita,

350 2071 410 2109 et,
439 2066 471 2103 si
509 2070 594 2115 quis
630 2072 753 2113 minus
787 2088 892 2117 curet
928 2082 1196 2129 beatitudinem

80 2123 269 2175 futuram,
298 2141 397 2171 certe
425 2134 596 2177 felicitati
630 2145 757 2184 studet
790 2153 972 2193 terrestri.
1026 2156 1112 2196 Hoc
1146 2162 1199 2199 fe·

78 2194 229 2235 licitatis
255 2201 416 2241 studium
434 2234 447 2253 ,
474 2218 495 2244 a
513 2209 597 2247 Deo
624 2213 736 2253 nobis
761 2216 917 2259 inditum
936 2251 949 2270 ,
977 2237 996 2263 a
1019 2228 1196 2283 religione

79 2264 289 2309 Christiana
318 2273 416 2313 baud
447 2276 707 2333 improbatur,
746 2289 808 2326 cui
834 2302 1030 2343 permagna
1058 2299 1197 2351 visin-

1125 2372 1194 2411 sita
