1523 2745
275 200 322 245 48
508 196 1163 242 COMMENTATlo

270 315 390 345 tamen
414 307 581 344 metiores
595 306 682 344 facti
708 315 809 344 sunt.
840 304 1027 352 Tempore
1052 314 1174 343 autem
1200 318 1277 355 quo
1301 307 1378 346 dia-

266 380 376 426 logus
397 380 616 427 Protagorae
636 376 785 413 nomine
810 375 1012 423 inscriptus
1028 375 1177 413 habitus
1199 376 1374 425 fingitur,

260 450 415 498 juvenes
451 449 569 487 adhuc
596 455 696 485 erant
717 447 806 494 (ι),
834 455 901 482 nec
927 445 1047 482 omnis
1071 445 1154 483 ideo
1180 455 1374 487 evanuerat

261 531 379 567 spes,
414 517 517 564 fore,
561 526 602 555 ut
634 515 833 564 aliquando
874 514 964 552 boni
991 515 1092 553 cives
1118 514 1271 554 fierent:
1311 515 1375 554 cui

259 597 380 626 tamen
400 596 553 626 eventus
589 598 665 624 non
702 585 792 623 satis
825 585 1042 634 respondit3
1068 596 1150 623 nam
1175 585 1213 623 in
1244 586 1373 626 aetatis

257 658 349 696 flore
388 655 492 706 peste
514 656 727 704 consumpti
756 663 845 693 sunt
879 655 974 704 (2),
1014 655 1216 693 stoliditate
1241 656 1308 705 (3)
1333 664 1371 694 et

257 728 422 776 turpium
451 726 643 765 hominum
663 724 886 763 commercio
918 725 987 774 (4)
1017 725 1196 773 insignes.

306 797 490 846 Imprimis
512 794 750 842 Xanthippus
784 794 949 840 ingratus
974 793 1014 831 in
1041 803 1228 842 parentem
1254 794 1368 834 exsti·

254 869 297 906 tit
314 896 327 914 ‚
343 878 451 914 quem
469 866 646 915 prodigae
670 865 767 902 vitae
787 875 876 901 suae
888 874 1016 911 parum
1038 863 1222 902 faventem
1237 876 1366 913 exper-

252 950 312 977 tus
341 937 488 985 fuerat3
518 936 607 984 quin
629 936 745 972 malos
767 944 933 971 rumores
969 932 1008 970 in
1032 934 1167 983 vulgus
1201 933 1363 982 sparsit,

252 1011 389 1058 quibus
414 1007 528 1056 patris
555 1015 690 1044 nomen
713 1004 805 1042 risui
829 1012 1029 1052 exponeret
1052 1005 1136 1054 (5).
1159 1024 1217 1036 --
1241 1004 1363 1054 Quam

250 1089 370 1120 autem
389 1078 599 1116 felicitatem
612 1075 850 1112 domesticam
869 1084 947 1111 non
962 1073 1103 1112 invenit
1119 1102 1132 1121 ,
1159 1075 1246 1112 dum
1267 1085 1363 1114 uxo-

247 1162 321 1189 rem
342 1149 498 1187 habebat
523 1144 726 1193 Hipponici
751 1143 898 1182 viduam
914 1171 926 1190 ‚
941 1143 1097 1181 demissa
1123 1144 1183 1182 illa
1205 1154 1283 1182 non
1305 1145 1360 1182 in-

248 1221 348 1267 vita,
376 1217 519 1256 abunde
550 1215 714 1263 gustavit
739 1212 897 1261 Aspasia
915 1240 928 1259 ‚
970 1215 1078 1263 cujtis
1114 1213 1264 1252 domum
1290 1213 1360 1252 du-

242 1293 331 1329 dum
355 1287 627 1334 frequentamt,
653 1294 770 1322 uxore
789 1283 900 1320 ducta
927 1281 1013 1329 (6).
1067 1282 1192 1331 Hujus
1226 1282 1358 1321 soemi-

241 1372 336 1406 nae,
362 1358 508 1402 fateor,
536 1366 669 1402 anceps
696 1351 790 1390 fama
828 1360 906 1388 est:
937 1351 1002 1388 sed
1026 1351 1183 1389 debetur
1208 1351 1269 1389 illa
1291 1363 1356 1390 co-

242 1431 378 1476 micis,
416 1425 605 1465 liberrimo
642 1422 831 1460 hominum
865 1420 988 1470 generi
1025 1429 1061 1458 et
1098 1420 1213 1469 magis
1246 1421 1354 1461 etiam

239 1501 407 1542 moribus
446 1493 724 1536 Atheniensium
747 1520 760 1538 ‚
791 1489 857 1539 qui
875 1490 912 1528 in
937 1489 1018 1527 fore
1044 1497 1079 1526 et
1102 1490 1141 1527 in
1168 1491 1246 1528 sole
1271 1501 1355 1529 ver·

236 1574 306 1612 sati
362 1570 596 1617 voluptatum
641 1561 922 1601 domesticarum
969 1569 1084 1608 paene
1118 1559 1234 1607 ignari
1270 1558 1352 1598 fue·

236 1651 324 1683 runt
351 1641 433 1690 (7).
486 1634 670 1684 Equidem
713 1642 789 1670 non
828 1629 1039 1670 crediderim
1078 1629 1159 1678 ejus
1196 1628 1347 1667 domum

1250 1695 1348 1739 fuis·

274 1828 324 1866 (ι)
346 1828 427 1855 Prot.
453 1830 482 1858 p.
506 1823 574 1856 328.
590 1817 626 1846 C.

268 1883 320 1920 (α)
341 1883 418 1910 Plut.
444 1881 511 1907 Per.
536 1876 582 1910 36.
605 1872 647 1901 cf.
667 1869 748 1900 Dial.
764 1869 802 1897 de
830 1864 1049 1901 virtute,falso
1069 1860 1141 1892 olim
1157 1857 1274 1889 Platoni
1290 1856 1344 1888 tri-

289 1959 296 1968 .
369 1959 378 1967 .
461 1953 469 1963 .
491 1934 528 1961 Ε.

232 1943 325 2032 bug),
343 1947 389 2023 Kb
401 1942 576 2019 3iyssxylcibiade
609 1991 691 2014 certe
718 1982 750 2011 in
786 1977 967 2016 cognomine
1003 1975 1133 2010 Dialogo
1159 1969 1292 2003 Platonis
1315 1969 1341 1999 1.

228 2065 298 2091 118.
321 2059 360 2086 E.
384 2055 571 2090 appellantur
593 2043 713 2082 ἠλιθίω.

262 2116 314 2153 (4)
336 2115 448 2143 Athen.
473 2110 514 2138 V.
537 2117 604 2138 220.
629 2106 666 2135 D.

262 2172 313 2209 (5)
335 2173 412 2200 Plut.
435 2172 503 2198 Per.
527 2167 574 2201 36·
597 2171 642 2197 ¹3·

263 2231 314 2267 (6)
339 2229 415 2256 I’lut.
436 2227 503 2253 Per.
524 2231 572 2259 24.

260 2287 310 2323 (7)
332 2283 497 2313 Mulierum
514 2279 679 2308 Atticarum
692 2273 903 2304 ‘conditionem
923 2267 1058 2305 depingit
1076 2265 1108 2295 in
1121 2264 1232 2295 fabulis
1249 2261 1336 2293 Aris·

1286 2325 1333 2346 ιο·
