1507 2876
326 242 919 284 THEOLOGICA.
1141 258 1185 295 19

556 381 591 427 ὃ.
646 392 687 427 4.

270 505 518 556 Cognatorum
533 532 547 552 ,
574 508 775 546 amicorum
793 536 807 556 ,
832 509 984 548 civium.

123 629 322 680 Religione
344 628 557 669 Christiana
583 630 817 681 obligamur,
844 639 887 669 ut
915 642 1044 670 omnes
1064 631 1190 670 homi-

72 712 137 740 nes
154 728 168 748 ,
193 700 252 740 uti
272 708 424 739 nostros
454 700 614 749 fratres,
639 701 685 739 ab
710 712 786 739 uno
820 703 903 741 Deo
924 711 1089 750 creatos,
1121 703 1189 751 qui

74 779 112 810 et
147 782 275 810 omnes
317 771 580 826 peccavimus,
630 771 742 815 unius
785 773 1025 821 ejusdemque
1066 781 1189 811 autem

73 842 206 882 salutis
243 841 470 890 participes,
519 852 596 879 uno
631 841 722 891 Jesu
760 843 918 881 Christo
957 843 1192 882 interceden-

74 920 137 960 te,
175 912 328 950 evadere
363 922 594 959 possumus,
646 922 771 950 amore
812 914 1090 962 amplectamur,
1142 915 1193 953 Il-

74 983 109 1020 le
140 993 243 1020 amor
276 981 315 1018 in
352 991 397 1018 eo
427 979 629 1028 consistit,
668 990 711 1019 ut
747 993 875 1020 omnes
902 982 1030 1021 felices
1066 985 1193 1033 cupiass

75 1061 188 1097 mus,
233 1058 302 1096 et,
342 1050 466 1096 quoad
504 1051 584 1099 ejus
625 1050 707 1088 fieri
743 1055 895 1100 possit,
935 1054 1086 1092 reddere
1123 1057 1194 1105 (1)

75 1121 302 1160 studeamus.
368 1119 481 1158 Varia
515 1129 633 1159 autem
648 1149 662 1168 ,
682 1131 827 1169 praeter
851 1124 1016 1172 ejusdem
1041 1133 1194 1164 naturae

78 1190 324 1238 societatem,
360 1197 450 1228 sunt
475 1189 625 1230 vincula
647 1199 799 1230 naturae
827 1192 1035 1242 humanae,
1067 1206 1196 1235 neces-

77 1260 188 1299 sitate
231 1268 344 1307 atque
384 1260 500 1299 libera
546 1261 740 1299 hominum
777 1263 969 1302 voluntate
1008 1266 1196 1304 constitu-

81 1338 132 1369 ta.
184 1324 270 1378 Ita,
293 1341 370 1378 quo
409 1329 541 1380 maj0ri
576 1332 846 1370 consuetudine
872 1345 912 1371 ac
947 1334 1196 1375 familiaritate

76 1402 167 1440 alter
191 1412 277 1440 cum
306 1401 420 1439 altero
450 1399 622 1449 fruatur,
652 1412 728 1450 quo
743 1403 888 1451 -plura,
918 1415 950 1442 e.
980 1416 1020 1452 g.
1047 1406 1196 1453 religio-

75 1482 184 1519 nem,
221 1482 372 1518 mores,
410 1470 572 1520 linguam
588 1499 601 1519 ,
629 1472 781 1520 patriam
797 1501 810 1520 ,
846 1473 941 1512 inter
966 1486 1005 1513 se
1032 1476 1196 1523 aequalia

50 1550 52 1553 '
80 1541 240 1581 habeant
272 1540 467 1588 homines;
507 1552 552 1579 eo
583 1541 699 1590 magis
734 1542 909 1591 accrescit
946 1546 1077 1581 caritas
1107 1545 1192 1594 (2).

79 1611 180 1649 Hinc
208 1611 364 1649 alterum
389 1621 476 1658 prae
507 1610 623 1648 altero
648 1623 833 1659 amamus,
859 1613 961 1660 quod
987 1614 1060 1662 Jam
1088 1625 1194 1653 natu·

79 1694 119 1721 ra
141 1683 234 1721 duce
253 1681 425 1730 agimusg,
454 1680 668 1719 consideres
689 1694 727 1721 v.
751 1694 787 1720 c.
809 1682 1002 1721 infantem.
1031 1683 1194 1723 Primum

81 1761 177 1791 amat
209 1761 359 1791 matrem
390 1760 426 1789 et
454 1759 621 1807 patrem,
664 1752 835 1801 deinceps
869 1753 940 1799 iis,
969 1754 1033 1801 qui
1066 1755 1099 1792 ei
1135 1767 1195 1793 ac-

85 1825 240 1872 cedant,
267 1822 426 1870 arridet,
452 1834 536 1860 cum
568 1822 613 1860 iis
648 1822 770 1871 ludit3
800 1822 959 1861 maxime
982 1835 1070 1861 vero
1100 1836 1196 1862 sem-

36 1885 40 1888 ⁴
1127 1906 1194 1943 per

119 1970 171 2007 (ι)
192 1970 275 1999 Fieri
290 1978 352 1999 non
370 1976 537 2005 potest,ut
552 1968 659 2004 aliquis
679 1969 812 1998 omnium
828 1970 985 1998 hominum
1005 1972 1130 1998 eandem
1145 1980 1198 2000 cu·

81 2036 143 2058 ram
157 2029 268 2056 habere
290 2027 389 2062 possit
407 2034 436 2056 e.
459 2034 486 2061 g.
509 2026 632 2054 alterius
649 2026 872 2061 valetudinem,
895 2026 938 2054 uti
955 2034 1055 2061 suam,
1076 2036 1193 2057 curare.

78 2087 146 2116 Nec
161 2085 260 2114 minus
276 2090 378 2119 potest
393 2083 519 2112 eandem
545 2091 635 2118 opem
653 2083 765 2111 exteris
787 2083 911 2116 afferre,
930 2091 1018 2118 quam
1038 2084 1074 2115 iis
1088 2104 1098 2118 ,
1118 2093 1193 2119 quos

78 2144 168 2172 habet
191 2149 356 2177 cognatos,
377 2139 546 2175 quibusque
574 2139 712 2174 quotidie
731 2141 837 2169 utitur.
860 2155 897 2162 —-
917 2140 1010 2168 Conf.
1036 2142 1088 2169 Re
1102 2142 1194 2177 inin,

83 2201 169 2230 Mor.
190 2202 227 2229 11.
247 2208 280 2235 p.
304 2203 351 2233 58.
374 2200 426 2227 n⁰.
449 2206 479 2232 7.
501 2199 552 2226 111.
576 2206 607 2233 p.
630 2200 698 2228 206.

120 2256 174 2295 (α)
195 2256 289 2285 Conf.
318 2253 443 2284 omnino
468 2257 522 2283 hac
548 2254 585 2282 de
613 2262 646 2282 re
673 2255 806 2291 Plato,
827 2238 873 2282 Dc}
900 2256 996 2292 Rep„
1019 2256 1058 2284 V.
1086 2264 1118 2291 p.
1147 2265 1194 2286 21.

84 2320 152 2348 seq.
172 2311 238 2349 (ed.
259 2311 401 2349 Bipont.)

597 2367 676 2405 132
