1523 2745
241 138 365 220 40-
471 172 1147 213 COMMENTATIO

243 291 322 318 rum
339 309 352 328 ,
378 290 467 318 num
490 279 586 318 sorte
609 281 821 319 imminente
841 281 1009 330 periculo
1029 282 1212 320 cederent.
1241 281 1355 320 Hune

244 332 297 387 illi
336 360 412 386 non
439 349 686 397 admiserunt,
725 362 770 388 ex
798 351 946 389 Periclis
982 351 1165 389 sententia
1196 352 1353 399 legatum

246 419 362 455 ullum
384 430 425 456 se
451 428 666 468 recepturos
698 430 900 470 negantes,
926 421 998 459 nisi
1035 421 1139 470 prius
1162 421 1286 459 hostes
1318 422 1358 459 in

250 499 355 525 suam
382 489 525 537 quique
559 489 749 539 regionem
774 492 1050 530 discessissent.

301 557 401 596 Hinc
425 559 803 597 Lacedaemoniorum
829 561 957 608 copiae
969 561 1152 610 regionem
1170 560 1357 606 Atticam,

250 628 295 666 ab
322 629 453 666 incolis
489 630 650 667 relictam
679 631 866 668 devastare
889 639 1094 678 coeperunt
1108 639 1144 668 et
1161 631 1206 668 ad
1220 629 1362 668 Achar-

251 707 317 733 nas
366 708 486 744 usque
524 698 608 736 LX.
641 699 686 736 ab
722 699 815 736 urbe
851 700 966 737 stadia
987 699 1162 737 distantes
1190 710 1362 748 progres-

253 766 312 812 si,
341 765 392 803 ibi
423 776 541 804 castra
564 777 788 816 posuerunt.
841 769 1043 807 Prudenter
1067 778 1185 806 autem
1206 767 1361 806 Pericles

253 845 374 880 neque
400 836 565 873 hostium
589 838 963 885 provocatione,nec
984 838 1211 876 comicorum
1234 838 1365 876 convi-

254 904 350 953 ciis,
376 916 499 953 neque
528 906 762 944 inimicorum
785 907 920 955 minis,
948 919 1014 946 nec
1042 909 1202 955 denique
1226 907 1364 945 amico·

255 985 336 1011 rum
371 975 542 1022 precibus
569 975 768 1024 quicquam
802 985 952 1025 motus,
979 978 1083 1015 urbis
1107 987 1244 1016 sortem
1267 978 1367 1015 inae·

257 1044 357 1090 quali
391 1056 536 1093 pugnae
573 1047 803 1085 committere
833 1048 954 1085 noluit
980 1046 1049 1096 (1)
1068 1057 1103 1085 et
1127 1048 1294 1096 curavit,
1321 1058 1368 1084 ne

257 1113 439 1151 concione
473 1114 624 1162 habita,
662 1117 773 1153 animi
801 1117 961 1165 impetus
995 1129 1148 1165 pravum
1186 1116 1370 1154 ministra-

260 1192 315 1220 ret
353 1184 566 1223 consilium.
644 1185 759 1234 Quod
804 1187 926 1234 ipsum
967 1195 1045 1223 tum
1084 1198 1248 1226 summae
1289 1187 1368 1235 eJ'us

259 1255 475 1300 potentiae,
505 1262 583 1291 tum
609 1265 698 1291 vero
736 1256 952 1302 prudentiae
984 1265 1019 1293 et
1045 1257 1272 1301 constantiae
1289 1267 1369 1304 gra-

261 1321 455 1360 vissimum
493 1323 526 1359 si
567 1323 694 1360 dixero
725 1322 930 1371 indicium,
972 1325 1154 1362 neminem
1186 1333 1286 1362 certe
1308 1325 1371 1362 ad·

262 1399 466 1428 versantem
499 1391 657 1430 habebo.
711 1392 889 1429 Hostium
918 1401 1038 1431 tamen
1067 1405 1112 1432 ex
1138 1393 1263 1432 Attica
1296 1393 1372 1432 dis·
1400 1429 1406 1434 .

262 1472 406 1498 cessum
433 1472 508 1498 non
523 1461 671 1499 otiosus
698 1464 1096 1511 exspectavit3verum
1120 1463 1266 1501 interim
1279 1465 1374 1502 clas-

263 1543 338 1568 sem
365 1532 412 1570 C.
439 1532 587 1569 navium
616 1532 759 1579 emisit,
813 1545 906 1580 quae
937 1534 1232 1583 Corcyraeorum
1269 1532 1373 1572 navi-

264 1602 336 1640 bus
355 1611 460 1639 aucta
477 1630 490 1649 ,
518 1603 767 1650 Peloponnesi
801 1613 884 1641 oras
907 1603 1104 1641 maritimas
1134 1603 1371 1652 devastavit,

265 1681 514 1719 magnumque
536 1673 667 1709 incolis
694 1681 870 1710 terrorem
898 1673 1022 1721 injecit
1039 1682 1175 1720 :atque
1199 1673 1260 1710 illa
1284 1673 1377 1711 clas-

266 1742 319 1779 sis
350 1752 427 1779 non
458 1741 580 1779 minus
598 1769 612 1787 ,
655 1753 764 1789 quam
798 1743 929 1790 hyems
957 1742 1096 1780 instans
1134 1741 1290 1780 hostiles
1312 1752 1377 1780 co·

267 1813 346 1859 pias
371 1823 413 1849 ex
444 1811 571 1849 Attica
594 1811 780 1849 discedere
806 1811 930 1860 coegit
949 1813 1034 1862 (2).
1087 1812 1197 1850 Tunc
1227 1813 1374 1851 demum

268 1881 369 1919 cives
405 1881 705 1929 perspiciebant,
733 1891 868 1929 quanta
894 1892 990 1920 esset
1017 1882 1055 1921 in
1091 1893 1135 1920 eo
1166 1881 1257 1921 belli
1281 1882 1378 1931 peri-

269 1951 349 1998 tia,
378 1951 466 1999 qui,
503 1960 543 1988 ut
582 1951 727 2000 pugiles
762 1963 839 1990 non
873 1954 972 1990 recta
1006 1951 1143 1990 irruere
1164 1952 1203 1991 in
1233 1953 1374 1991 validos

1312 2024 1375 2063 ad·

313 2140 362 2177 (ι)
385 2141 574 2178 Consilium,
599 2143 680 2177 quod
698 2142 828 2172 Pericles
845 2143 962 2174 civibus
979 2144 1081 2182 dedit,
1093 2145 1203 2176 indicat
1223 2144 1378 2181 Aristoph.

273 2199 351 2228 nan.
371 2207 403 2227 v.
425 2203 563 2234 1463—5.

315 2255 368 2291 (α)
389 2256 490 2285 Thuc·
510 2262 549 2290 Π.
569 2266 615 2292 ¹:3-
631 2255 722 2287 Diod.
740 2256 802 2288 Sic.
826 2259 892 2288 XII.
913 2267 962 2296 ῃ.
