1507 2876
270 242 299 286 6
425 238 514 284 Tu.
529 238 584 283 G.
615 250 719 282 VAN
743 231 923 281 LIDTH
949 244 1014 276 nn
1038 229 1229 278 JEUDE

380 367 650 411 Joannem
692 360 974 408 Jacobum
1033 359 1263 414 Rister,

385 441 723 487 Fredericum
765 437 1099 496 Augustinum
1143 435 1377 491 Bisdom,

378 518 679 563 Henricum
723 513 1025 568 Wassink,

383 592 692 650 Georgium
737 604 842 635 von
881 589 1082 643 Glahn‚

376 669 590 713 Petrum
637 666 947 726 Caspai-um
994 666 1194 727 Keytel

262 752 303 791 et
372 745 641 790 Joannem
691 743 1004 788 Samuelem
1056 743 1289 798 Swaan,

263 821 339 879 qui
363 820 548 865 laudibili
571 821 721 865 ardore
748 827 788 864 et
809 820 1020 878 diligentia
1047 821 1134 865 sive
1159 820 1204 863 in
1226 818 1384 884 Theo--v

259 898 433 956 logiam,
488 898 571 942 sive
607 897 650 941 in
685 896 967 951 Medicinam,
1014 897 1100 942 sive
1132 896 1176 941 in
1214 896 1377 941 Literas

259 973 574 1029 incumbentes,
603 974 646 1018 in
676 974 817 1018 medio
847 974 1076 1019 studiorum
1112 972 1261 1026 cursu,
1292 972 1378 1017 suis

259 1051 605 1109 praeceptoribus
621 1083 633 1104 ,
694 1050 838 1095 amicis
855 1083 867 1104 ,
924 1050 1173 1109 parentibus
1217 1048 1375 1111 erepti,

259 1118 480 1170 immatura
515 1133 650 1171 morte
692 1128 988 1171 occubuerunt.
1079 1127 1214 1185 Luget
1231 1119 1377 1185 'prae-

259 1208 373 1246 terea
424 1202 807 1248 Suermannus
863 1203 1171 1248 dilectissimam
1220 1203 1376 1256 filiam,

262 1293 396 1335 quae,
452 1279 512 1323 uti
546 1287 766 1338 parentum
805 1294 924 1324 amor
966 1279 1055 1324 erat
1098 1287 1223 1337 atque
1267 1279 1374 1323 deli-

260 1354 373 1409 ciae,
413 1355 471 1399 ita
508 1356 564 1400 ob
602 1356 797 1401 virtutem
838 1356 1046 1414 animique
1084 1356 1204 1400 dotes
1237 1355 1376 1415 pluri-

259 1432 339 1476 mis
370 1431 447 1476 suit
476 1447 574 1477 cara
605 1440 730 1490 atque
765 1440 918 1478 amata.
995 1433 1257 1476 Renovatum
1293 1431 1376 1476 do-

258 1508 325 1552 leo
363 1509 517 1552 luctum
559 1516 806 1568 parentum,
853 1509 1097 1568 gravissima
1138 1510 1219 1553 hac
1257 1495 1375 1554 clade

261 1583 535 1639 afflictorum,
565 1586 762 1643 quodque
790 1586 955 1645 Religio
975 1585 1213 1631 Christiana
1239 1583 1376 1631 affer-

258 1675 305 1705 re
341 1668 480 1720 potest
516 1662 734 1716 solatium,
791 1662 842 1706 iis
885 1670 1095 1722 perpetuo
1139 1660 1276 1707 affore
1324 1677 1374 1707 ex

259 1737 398 1781 animo
428 1745 545 1796 optO.

314 1813 483 1858 Irritum
517 1814 646 1860 eheu!
676 1815 840 1860 irritum
871 1815 947 1861 suit
978 1822 1118 1861 votum
1135 1847 1147 1868 ,
1179 1815 1234 1859 ab
1264 1815 1374 1859 ami-

258 1886 424 1933 cissimo
470 1889 693 1934 Simons
708 1922 720 1944 ,
786 1890 941 1950 prioris
989 1890 1086 1934 anni
1132 1891 1373 1937 solennibus

256 1964 426 2008 factum.
489 1965 665 2010 Frustra
696 1967 853 2026 quippe
881 1968 925 2011 in
955 1967 1199 2026 gravissimo
1232 1975 1372 2013 vestro

257 2041 429 2093 ordine,
461 2042 550 2086 Viri
580 2042 833 2088 Clarissimi!
865 2044 995 2089 oculis
1025 2045 1127 2089 meis
1155 2044 1268 2089 illum
1297 2060 1372 2089 re-

257 2118 402 2175 quiro,
435 2119 505 2175 qui
534 2119 778 2175 vobiscum,
807 2128 903 2165 ante
940 2121 1018 2166 hos
1056 2135 1215 2181 paucos
1247 2135 1370 2166 men-

255 2208 347 2247 ses,
379 2194 502 2252 hujus
528 2196 777 2241 Academiae
804 2197 931 2242 decus
960 2205 1049 2243 erat
1081 2206 1206 2256 atque
1237 2212 1371 2243 orna-

254 2273 460 2315 mentum!
564 2271 738 2317 Frustra
779 2274 969 2331 equidem
1014 2274 1236 2320 candidam
1279 2276 1367 2333 ejus
