1502 2767
416 188 1013 234 THEOLOGICA.
1198 195 1270 229 215

154 298 260 348 tenus
282 308 320 347 in
344 308 429 356 ipso
453 305 552 343 bello
574 301 738 351 gerundo
765 299 1029 337 sententiarum
1049 296 1108 333 illa
1142 303 1267 331 emen-

143 378 249 417 datio
286 376 534 426 conspicitur.

193 449 352 488 Etiamsi
380 445 639 496 gravissimum
675 441 835 479 officium
867 439 1005 476 milites
1036 435 1172 472 ducant
1199 443 1261 479 pa-

138 519 231 557 triae
272 521 353 568 J‘ura
403 518 440 555 vi
478 514 650 564 quoque
677 511 891 555 vindicare,
945 505 1095 556 plurimi
1139 513 1259 541 tamen

143 589 336 640 (homines
375 587 495 626 omnis
537 590 648 623 sensu
685 579 902 620 moralitatis
941 576 1141 615 destitutos
1165 584 1261 611 sem—

142 669 211 708 per
250 657 512 706 excipimus,)
549 656 704 692 horrore
739 650 896 699 quodam
939 657 1021 685 sese
1056 648 1100 682 ad
1136 644 1257 692 ipsum

141 729 281 768 bellum
320 728 523 777 gerundum
562 723 824 771 accingenteS,
860 717 989 755 malint
1026 716 1153 752 hostes
1181 721 1258 749 non

141 799 338 845 occidere,
375 809 452 836 non
501 794 717 844 sanguinem
755 789 970 833 effundere,
998 796 1074 822 non
1116 784 1260 829 sclope-

140 869 190 907 tis
217 877 254 908 et
281 869 412 918 gladiis
445 870 534 916 nti;
577 847 705 903 omnes
732 859 981 898 crudelitatem
1019 862 1055 892 et
1087 851 1258 890 atrocita—

140 947 214 977 tem
262 938 474 987 improbant
520 944 557 973 et
605 933 881 974 condemnant,
941 925 1043 973 quod
1087 924 1257 961 Socrates

139 1009 240 1056 apud
299 1009 488 1046 Platonem
531 1003 600 1053 (1)
649 1013 734 1039 cum
777 996 1017 1037 Polemarcho
1061 993 1255 1039 disputat,

137 1077 242 1114 hosti
278 1077 478 1126 plurimum
509 1085 629 1111 noxae
648 1070 773 1109 inferri
803 1075 996 1116 oportere,
1023 1073 1133 1100 nemo
1178 1071 1255 1097 non
1302 1115 1303 1118 Ἴ

136 1142 346 1195 injustum,
377 1144 575 1193 iniquum,
605 1141 760 1190 impium
792 1136 951 1183 dixerit,
980 1134 1108 1171 hostes
1146 1142 1253 1179 quam
1277 1118 1279 1123 ’

136 1215 383 1263 brevissime,
410 1214 490 1252 fieri
517 1213 548 1250 si
573 1221 728 1261 potest,
757 1218 795 1247 et
824 1204 1110 1245 clementissime
1145 1213 1256 1249 coge·

133 1297 174 1323 re
205 1295 247 1323 ut
284 1285 422 1335 patriae
450 1286 533 1334 J'ura
570 1289 802 1331 agnoscant,
832 1287 890 1319 est
931 1285 1132 1315 commune
1160 1273 1256 1310 desi-

128 1355 301 1403 derium3
346 1354 418 1403 ipsi
448 1354 586 1400 duces,
624 1363 670 1389 ne
706 1349 841 1388 milites
877 1345 1098 1397 agrestiores
1145 1345 1252 1391 genio

133 1426 351 1473 indulgeant
390 1435 461 1461 suo
505 1423 576 1460 sub
613 1420 833 1469 gravissima
871 1427 982 1465 saepe
1037 1412 1157 1464 poena
1197 1413 1255 1450 ni·

133 1489 248 1533 zniurn
276 1494 491 1543 sanguinem
517 1492 704 1530 effundere
726 1497 880 1535 vetant3
920 1488 965 1524 ab
993 1485 1126 1523 incolis
1152 1495 1256 1531 prae-

130 1573 188 1603 ter
221 1565 426 1603 necessaria
466 1562 667 1610 quidquam
692 1559 882 1608 flagitare,
912 1568 1021 1604 agros
1052 1564 1193 1593 vastare
1217 1563 1252 1591 et

134 1635 298 1683 similia3
349 1636 451 1682 quod
497 1633 601 1671 ducis
641 1630 835 1679 imperium
878 1628 911 1666 si
959 1627 1043 1674 quis
1078 1626 1254 1673 migrasse

128 1702 449 1754 deprehendatur,
502 1703 671 1752 graviore
707 1711 828 1751 poena
866 1699 1004 1736 crimen
1053 1699 1153 1734 luere
1191 1697 1251 1732 de-

127 1777 206 1815 bet.
275 1774 359 1814 Tali
406 1775 528 1814 animo
561 1772 693 1822 populi
723 1770 927 1810 Christiani
962 1780 1002 1807 se
1029 1768 1186 1805 inVIcem
1213 1766 1249 1804 vi

126 1856 164 1885 et
196 1847 307 1886 armis
347 1845 642 1894 aggrediuntur,
693 1867 750 1874 —
801 1852 889 1879 mox
928 1840 1109 1889 proelium
1147 1849 1250 1875 corn«
1297 1854 1299 1857 .

127 1915 305 1964 mittunt,
344 1915 461 1956 fortes
497 1915 644 1962 quidem
672 1942 685 1960 ,
725 1922 762 1950 at
791 1912 901 1950 simul
940 1921 1063 1948 secum
1094 1909 1168 1956 ipsi
1204 1919 1247 1945 ex

126 1987 248 2025 animo
277 1987 473 2033 dolentes,
503 1985 606 2032 quod
642 1983 811 2021 homines
850 1982 911 2019 alii
941 1992 1025 2018 cum
1054 1979 1133 2017 aliis
1170 1978 1246 2015 bel-

125 2057 200 2095 lare
241 2065 453 2106 cogantur,
502 2067 569 2092 nee
602 2055 707 2092 aliter
746 2053 880 2091 vicaria
913 2053 994 2100 jura
1029 2058 1244 2099 agnoscant.

128 2125 219 2166 Non
256 2127 446 2166 exsultant
482 2137 549 2164 nec
575 2127 768 2172 voluptate
810 2123 963 2171 quadam
1008 2119 1241 2163 afficiuntur,

1179 2187 1241 2225 ubi

164 2277 217 2315 (ι)
239 2278 306 2308 Lib.
328 2280 353 2307 1.
376 2279 409 2306 ae
437 2280 512 2315 nep.
