1507 2876
291 247 389 283 XX'

290 348 586 400 monstrando,
612 347 756 391 diebus
778 346 899 388 lunae
923 349 962 386 et
990 345 1174 397 veneris,
1205 341 1314 385 hora
1327 340 1395 395 11,

287 422 431 467 martis
452 427 492 464 et
515 419 642 469 iovis,
673 417 778 460 hora
807 414 839 458 1.

326 500 530 540 ›Literas
559 494 789 537 Arabicas
851 489 885 533 I.
914 488 961 533 C.
994 486 1400 536 SWYGHUISEN

289 562 725 613 GROENEVVOUD
741 593 753 614 ,
800 559 946 603 diebus
967 560 1162 605 mercurii
1191 566 1231 604 et
1257 566 1400 604 satur-

287 638 353 690 ni,
385 637 489 680 hora
513 635 626 678 VIII.

342 714 684 768 Antiquitatem
724 709 1009 750 Hebraicam
1052 707 1086 751 I.
1119 705 1167 750 C.
1190 705 1400 753 SWYG-

287 781 504 828 HUISEN
536 776 1009 831 GROENEWOUD,
1070 776 1216 821 diebus
1255 777 1399 830 lunae,

288 852 458 904 martis,
489 849 594 894 iovis
622 855 662 893 et
684 846 872 900 veneriS,
905 847 1012 890 hora
1041 847 1158 892 VIII.
1203 888 1209 892 .

349 927 587 975 Caeterum,
618 924 651 968 si
674 924 744 981 qui
759 924 839 967 sint
851 922 960 967 inter
975 923 1303 978 commilitones,
1334 923 1407 981 qui

290 1000 334 1043 in
358 997 533 1042 lectione
568 996 616 1038 V.
643 995 688 1038 F.
721 997 930 1037 cursoria
965 1001 1034 1038 aut
1065 997 1247 1038 Literis
1271 996 1408 1038 Ara-

292 1072 433 1113 maeis
458 1083 501 1112 se
526 1079 715 1111 exercere
739 1065 938 1122 gestiant,
970 1079 1113 1109 eorum
1145 1066 1305 1125 pariter
1329 1065 1409 1109 de-

291 1139 475 1193 sideriis,
509 1137 647 1195 quoad
674 1136 856 1195 poterit,
908 1134 1134 1179 satisfaciet
1178 1135 1410 1180 libentissi-

293 1225 359 1254 me
373 1242 385 1263 ,
416 1210 448 1253 Ι.
466 1208 513 1252 C.
530 1204 925 1254 SVVYGHUISEN
946 1206 1023 1250 GR
1033 1206 1407 1253 OENEWOUD.

351 1288 614 1329 Historiam
645 1287 878 1341 gentium,
907 1283 1155 1342 praesertim
1182 1287 1409 1327 recentio—

297 1373 424 1409 rum,
467 1355 551 1399 ΡΗ.
569 1353 621 1398 G.
653 1366 757 1398 VAN
784 1351 1047 1406 HEUSDE,
1091 1353 1237 1398 diebus
1266 1354 1408 1407 lunae,

295 1425 467 1478 martis,
497 1424 600 1468 iovis
630 1430 668 1467 et
697 1423 880 1476 veneris,
913 1422 1018 1467 hora
1049 1423 1144 1470 XII,

357 1503 620 1544 Historiam
664 1502 1012 1555 philosophiae,
1097 1501 1180 1543 ΡΗ.
1211 1500 1261 1544 G.
1306 1512 1412 1544 VAN

301 1571 534 1616 HEUSDE
551 1603 563 1624 ,
594 1569 740 1613 diebus
769 1569 992 1623 mercurii,
1023 1570 1130 1613 hora
1156 1570 1224 1613 XI.
1251 1577 1290 1614 et
1313 1570 1408 1616 XII.

357 1649 698 1705 Antiqzcitatem
730 1649 980 1700 Graecam,
1037 1647 1131 1690 loca
1163 1645 1207 1688 in
1241 1646 1411 1705 primis,

303 1732 408 1775 quae
439 1718 490 1761 ad
537 1721 762 1760 interiora
792 1719 1077 1760 Graecorum
1105 1733 1241 1759 Sacra
1276 1717 1413 1775 perti-

303 1796 426 1841 nent,
468 1789 550 1832 PH.
578 1789 629 1832 G.
663 1801 767 1832 vAN
800 1787 1062 1841 HEUSDE,
1133 1788 1199 1832 die
1237 1789 1411 1842 martis,

306 1861 410 1903 hora
440 1859 470 1901 I.

364 1939 624 1990 Praecepta
648 1938 760 1989 styli
787 1938 892 1977 bene
913 1939 1044 1978 Holl.
1059 1968 1070 1988 ,
1102 1936 1152 1979 A.
1168 1935 1384 1981 SIMONS
1399 1968 1411 1989 ,

311 2007 456 2051 diebus
498 2004 670 2057 martis,
728 2005 952 2059 mercurii,
1006 2006 1111 2050 iovis
1153 2014 1192 2050 et
1227 2006 1413 2060 veneris,

310 2077 417 2121 hor&
443 2075 554 2119 VIII.

369 2155 560 2196 Literas
596 2155 728 2195 Holl.
773 2161 816 2193 et
851 2156 1196 2209 Eloquentiam,
1258 2154 1309 2198 A.
1337 2152 1417 2197 SI·-

312 2222 501 2275 MONS,
534 2221 679 2265 diebus
706 2223 873 2275 martis,
904 2223 1118 2277 mercurii,
1151 2223 1254 2269 iovis
1278 2231 1316 2268 et
1341 2239 1417 2268 ve-

315 2294 451 2347 neris,
479 2292 585 2338 hor&
612 2292 662 2335 X.

1294 2373 1418 2414 Poe·-
