1502 2767
252 165 303 213 76
486 148 1148 208 COMMENTATro

254 271 402 311 definiri
427 272 563 311 debent
587 281 624 311 et
647 282 776 310 omnes
793 270 839 309 ad
852 271 946 310 istos
965 271 1098 310 limites
1114 270 1244 321 redigi.
1270 271 1362 311 Pro·

253 341 355 381 fecto
391 343 464 380 hoc
487 342 755 392 {aequilibrium
787 342 1013 379 constituere
1048 341 1172 380 minus
1210 340 1358 379 difficile

250 411 375 459 foret,
390 425 499 461 quam
527 412 620 449 illud
648 412 692 449 ad
717 411 844 449 mundi
869 411 978 450 finem
999 422 1233 450 conservare.
1262 410 1355 449 Non

251 492 380 521 omnes
418 475 547 531 gentes
590 492 659 530 per
695 489 815 519 totum
837 481 970 519 *orbem
995 492 1218 530 quacunque
1242 481 1282 518 in
1317 490 1358 519 re

249 552 399 590 eosdem
420 562 641 600 progressus
653 550 788 589 facient
801 562 815 599 3
827 550 877 589 ita
888 550 984 590 vires
996 551 1160 601 gentium
1172 550 1354 589 continuo

248 630 312 659 aut
334 621 525 671 prosperi5
545 629 712 659 crescent
728 648 742 668 ‚
766 629 830 659 aut
842 621 1006 660 adversis
1027 621 1269 668 decrescent,
1288 630 1357 658 nee

245 692 370 730 minus
406 691 505 739 apud
541 702 670 729 omnes
701 692 866 740 populos
899 691 1033 728 mentis
1066 691 1253 739 animique
1276 691 1356 729 cul-

244 771 307 801 tus
328 763 478 801 eosdem
505 760 615 800 faciet
631 761 791 810 gradus,
819 761 917 810 apud
933 761 1033 799 hunc
1051 761 1227 809 altiores,
1254 761 1354 810 apud

245 832 350 872 illum
379 831 456 872 fere
479 832 619 870 nullos.
659 831 720 870 Ne
735 842 862 869 rursus
876 830 990 881 igitur
1003 840 1185 880 perpetuo
1200 830 1355 879 aequili-

243 902 368 942 brium
381 903 551 941 solvatur
562 929 574 949 ‚
583 902 786 940 necessaria
798 902 998 940 sunt-varia
1011 901 1167 941 consilia
1177 901 1355 951 politica,

246 981 324 1011 tum
335 982 430 1010 artes
439 1000 452 1019 ‚
464 983 548 1010 curn
560 983 657 1018 arma
665 999 677 1018 ‚
687 982 796 1019 quam
809 971 1064 1009 necessitatem
1075 972 1148 1023 J'am
1156 972 1261 1022 J‘usto
1270 972 1356 1020 plus

247 1054 317 1082 nos
345 1054 416 1080 usu
430 1042 604 1081 docemur
615 1041 812 1080 hodierno.
841 1040 1002 1080 Pluriutn
1018 1052 1104 1079 sane
1117 1041 1280 1090 gentium
1297 1041 1359 1082 fo·

246 1123 304 1153 ret
328 1112 541 1151 tristissima
562 1122 644 1150 sors
661 1138 675 1156 ‚
704 1120 745 1150 ut
767 1111 925 1164 primum
945 1111 1026 1149 talis
1040 1111 1232 1150 civitatum
1257 1111 1354 1149 ratio

246 1184 390 1223 adesset
399 1193 465 1231 per
486 1190 601 1219 totam
617 1181 760 1219 orbern.
775 1196 832 1206 ·-
849 1181 959 1219 Forte
983 1181 1144 1228 denique
1154 1192 1278 1228 pacem
1295 1193 1354 1220 ae·

244 1263 382 1293 ternam
409 1260 603 1300 exspectes
628 1262 649 1288 a
667 1252 796 1290 morali
821 1251 982 1300 gentium
1003 1250 1216 1289 conditione
1239 1262 1356 1299 eaque

246 1323 448 1363 emendata.
510 1322 652 1360 Verum
693 1322 738 1360 ad
767 1320 952 1360 meliorem
988 1331 1132 1358 morum
1164 1321 1354 1360 doctrinae

244 1393 494 1444 cognitionem
521 1392 745 1441 paucissima
780 1391 930 1431 humani
957 1390 1100 1438 generis
1123 1402 1208 1440 pars
1232 1391 1353 1430 adhue

244 1464 444 1514 pervenit,
473 1473 534 1510 et,
565 1461 733 1510 quamvis
760 1460 895 1510 pauci,
924 1461 1026 1509 quod
1046 1460 1189 1509 justum
1206 1488 1220 1508 ‚
1249 1462 1354 1509 quod

244 1547 373 1575 verum
403 1542 483 1581 est,
508 1541 764 1581 cognoscant,
795 1530 942 1569 minime
974 1539 1094 1568 tamen
1113 1529 1204 1569 illud
1239 1541 1353 1569 vene·
1388 1516 1391 1517 ⁷

243 1615 371 1644 rantur
384 1632 397 1652 ,
411 1612 447 1642 et
460 1631 472 1651 ‚
488 1614 611 1641 amore
631 1601 757 1649 ducti,
771 1601 864 1639 nihil
879 1600 964 1639 huic
981 1602 1203 1639 contrarium
1217 1610 1348 1650 agunt.

245 1674 420 1723 Plurimi,
460 1683 496 1711 et
523 1672 737 1722 principes,
766 1679 802 1708 et
835 1672 964 1718 civeS‚
1006 1671 1174 1717 quamvis
1213 1681 1350 1710 nomen

247 1746 406 1786 Christo
445 1742 636 1790 dederint,
671 1741 822 1780 minime
852 1740 1099 1780 Christianam
1129 1741 1346 1790 religionem

244 1825 418 1865 tanquam
464 1813 594 1862 agendi
635 1824 798 1851 normam
841 1823 1062 1860 quacunque
1094 1813 1132 1850 in
1167 1824 1206 1850 re
1233 1814 1353 1852 secuti

243 1895 349 1925 sunt.
402 1884 631 1931 Enimvero,
659 1894 735 1920 non
759 1891 899 1921 tantum
921 1883 1033 1932 hujtis
1057 1882 1204 1921 illiusve
1226 1883 1353 1922 civita.

244 1958 321 2004 tis,
361 1956 426 1994 sed
447 1954 611 1992 omnium
636 1952 827 1991 civitatum
855 1953 1070 2002 principes;
1107 1964 1183 1991 non
1204 1961 1346 1992 tantum

245 2029 333 2067 haec
361 2027 468 2064 illave
496 2036 609 2073 gens,
630 2024 696 2063 sed
720 2034 847 2061 omnes
874 2033 1001 2072 gentes
1017 2050 1030 2070 ‚
1057 2023 1244 2062 meliorem
1267 2035 1352 2063 sen-

244 2097 385 2144 tiendi,
412 2095 592 2142 volendi,
609 2094 737 2142 agendi
752 2094 928 2132 rationem
950 2094 1101 2132 induere
1115 2094 1277 2142 debent,
1304 2104 1348 2134 ut

245 2168 375 2208 morali
395 2167 433 2205 vi
461 2177 532 2214 pax
555 2165 615 2203 illa
642 2164 796 2203 oriatur.
849 2163 1021 2203 Profecto
1045 2163 1157 2213 igitur
1181 2165 1226 2202 ad
1250 2165 1349 2204 illam

247 2236 540 2277 constituendam
577 2234 668 2275 illud
700 2234 841 2284 justum
861 2262 874 2281 ‚
915 2235 1016 2288 qnod
1050 2246 1070 2273 a
1106 2234 1258 2274 caritate
1291 2244 1348 2274 est

1284 2316 1346 2343 co-
