1502 2767
426 182 1019 225 THEOLOGICA.
1208 186 1276 233 169

170 303 280 341 quam
315 303 359 332 ex
387 292 596 341 Religionis
629 292 864 331 Christianae
884 292 1078 338 doctrina,
1118 293 1279 340 populo-

168 373 250 400 rum
283 361 380 400 illam
411 362 712 412 conjunctionem
750 362 984 411 repetendam
1019 373 1100 399 esse
1137 370 1173 400 et
1204 363 1277 411 Jam

167 439 252 469 ante
273 431 468 471 Christum
499 430 637 470 fuisse.
692 432 842 471 Etenim
868 440 995 480 gentes
1019 431 1170 479 indole,
1199 444 1278 469 mo·

164 501 270 540 ribus
290 529 303 550 ,
324 501 468 549 legibus
493 511 528 539 et
560 501 743 540 institutis
775 502 865 539 adeo
895 501 1088 548 diversae,
1114 512 1182 538 nec
1207 500 1270 547 vi,

163 580 241 608 nec'
268 571 378 608 armis
397 599 410 618 ,
437 571 540 619 quod
573 579 762 609 tentarunt
793 571 981 617 Romani,
1008 581 1075 609 nec
1110 570 1191 609 aliis
1218 582 1274 609 ra-

162 639 331 678 tionibus
372 641 583 690 J‘unguntur
608 669 619 687 ,
666 640 738 678 nisi
780 640 1032 687 humanitate,
1081 641 1278 688 mutuique

162 710 299 749 amoris
332 719 368 748 et
396 711 672 748 benevolentiae
728 710 903 748 vinculo:
960 711 1063 758 quod
1103 711 1140 748 id
1180 711 1275 748 inter

161 788 302 817 veteres
340 781 504 828 populos
533 779 673 818 efficere
698 788 872 828 poterat,
918 792 1074 828 prorsus
1109 789 1184 818 erat
1221 780 1276 829 ig-

161 858 305 890 notum.
357 849 517 887 Etiamsi
550 848 646 886 enim
687 839 971 886 veteres'sacris
994 850 1268 899 jungerentur,

159 927 204 956 ut
241 918 401 956 Hebraei
422 919 587 968 Jehovae
612 919 743 965 cultu,
772 918 905 955 Graeci
932 920 1071 966 templo
1105 930 1276 956 commu-

158 988 198 1025 ni
232 996 268 1025 et
293 987 401 1038 Jovis
442 987 613 1034 Olympii
649 989 916 1033 veneratione,
951 988 1066 1036 Jones
1104 999 1272 1026 commu-

158 1056 197 1094 ni
222 1056 360 1094 Dianae
385 1057 596 1104 Ephesinae
620 1058 757 1103 cultu,
784 1056 944 1094 Romani
969 1056 1072 1095 feriis
1092 1058 1268 1106 Latinis,

156 1136 279 1165 tamen
316 1127 474 1164 Hebraei
506 1127 550 1164 ad
587 1127 856 1174 Palaestinam,
884 1127 1056 1175 Spartani
1081 1130 1128 1166 ad
1159 1130 1271 1177 Spar-

132 1208 135 1210 *
155 1205 228 1234 tam
244 1224 257 1244 ,
284 1196 534 1235 Athenienses
566 1197 611 1235 ad
633 1197 827 1244 Athenas,
856 1197 1017 1236 Romani
1042 1198 1087 1236 ad
1109 1199 1267 1237 Romam

153 1274 371 1315 ceteraeque
403 1278 530 1304 omnes
567 1268 612 1304 ad
638 1278 724 1305 suas
757 1267 923 1315 singulae
946 1267 1116 1305 civitates
1145 1269 1268 1307 omnia

152 1330 291 1375 ref‘erre
322 1336 493 1373 solebant
520 1336 604 1386 (1).
628 1351 630 1353 >
658 1336 877 1375 Istiusmodi
905 1349 1006 1375 sacra
1043 1349 1150 1376 unam
1185 1339 1271 1388 qui-

153 1406 236 1444 dem
257 1415 401 1454 gentem
426 1406 730 1454 conjungebant,
757 1406 823 1444 sed
849 1418 1003 1444 suorum
1037 1408 1176 1456 singuli
1206 1421 1271 1447 an·

153 1474 353 1523 tiquiorem
398 1485 434 1513 et
467 1475 687 1513 nobiliorem
727 1476 907 1525 jactantes
945 1477 1124 1526 originem
1163 1492 1266 1527 prae-

149 1545 404 1592 tant-ioresque
452 1547 580 1594 Deos,
623 1545 785 1593 reliquas
818 1558 946 1584 omnes
981 1558 1057 1584 non
1096 1557 1268 1596 poterant

151 1625 228 1653 non
274 1605 370 1653 odio'
399 1615 559 1662 habere,
599 1615 650 1653 ita
688 1625 729 1653 ut
762 1616 855 1664 ipsis
892 1617 965 1653 illis
1004 1618 1117 1656 sacris
1150 1620 1264 1669 magis

151 1686 346 1734 magisque
387 1698 408 1724 a
462 1698 501 1724 se
538 1687 696 1724 invicem
736 1686 1037 1735 disjungerentur
1075 1690 1162 1737 (α).
1210 1710 1266 1719 -—-

150 1756 263 1795 Haud
288 1767 464 1804 negamus
497 1748 674 1805 religione
710 1758 809 1805 apud
836 1757 1032 1803 Graecos,
1073 1761 1264 1799 communi

148 1826 308 1871 instante
341 1827 537 1877 periculo,
577 1828 698 1871 πόλεις
740 1827 888 1876 J'unetas
921 1826 1070 1877 fuisse3
1100 1832 1261 1870 Alexan-

1158 1902 1263 1940 drum

187 2025 240 2061 (ι)
258 2026 337 2067 Hincv
354 2034 394 2055 ex
419 2027 559 2055 universa
582 2026 715 2061 gentium
733 2034 801 2061 erga
827 2034 859 2054 se
882 2026 1014 2055 invicem
1043 2027 1160 2056 ratione
1182 2037 1261 2058 sem·

150 2090 206 2118 per
222 2083 313 2114 bella.
334 2083 402 2113 Cfr.
418 2091 494 2118 quae
510 2085 621 2112 Plato
643 2083 773 2112 Cliniam
796 2070 973 2119 loquentem
995 2083 1078 2114 facit.
1117 2086 1161 2113 De
1183 2086 1259 2122 legi-

150 2141 224 2177 bus,
244 2142 332 2171 Tom.
358 2143 381 2170 1.
398 2149 464 2176 pag.
480 2150 509 2176 7.
529 2141 602 2169 edit.
619 2140 746 2176 Dipont.

186 2200 241 2236 (α)
262 2200 326 2229 Cfr.
348 2198 620 2234 Athanasius,
650 2199 765 2226 Contra
790 2206 915 2235 gentes,
938 2208 1004 2235 pag.
1034 2207 1081 2232 25.
1106 2203 1152 2230 26.
1175 2202 1251 2232 Van

151 2255 297 2291 Oordt,
318 2255 348 2284 iu
365 2257 451 2284 Diu.
474 2256 558 2287 laud.
579 2263 645 2291 pag.
667 2264 715 2290 50.
736 2264 803 2291 sqq.
827 2266 878 2293 92.
896 2264 963 2294 sqq.
