1538 2689
271 157 317 202 64
500 157 1161 201 οοΜΜΕΝΤΛΤιο

269 265 362 301 inter
401 275 440 301 se
465 273 501 302 et
528 266 730 304 secundum
755 268 918 306 nostram
958 270 1171 319 opinionem
1195 273 1370 322 optimam

267 332 458 372 defendere
495 335 734 383 conabimur,
771 345 813 374 ut
853 339 997 377 tandem
1034 340 1164 379 exinde
1195 344 1371 382 nonnulla

266 402 443 450 generalia
477 415 686 453 proponere
712 407 919 454 possimus.

750 580 771 625 5
828 581 885 615 18.

470 735 704 788 DijudIcatio
731 734 887 774 methodi
911 735 1156 784 Jonesianac.

314 896 548 944 Methodus,
576 909 648 944 qua
681 897 797 934 utitur
828 896 1005 946 Jones,
1031 896 1139 934 nobis
1171 896 1369 944 plurimum

264 967 410 1005 arridet.
462 966 576 1016 Quod
615 975 657 1004 ut
686 965 908 1014 probemus,
938 967 1220 1013 attendendum,
1248 969 1286 1004 in
1309 966 1370 1004 illa

264 1048 410 1084 parvam
436 1037 583 1073 arteriae
623 1045 759 1084 partem
794 1035 1022 1084 operationis
1052 1047 1160 1073 causa
1195 1035 1368 1073 denudari

263 1104 394 1142 debere
411 1133 424 1151 ‚
452 1117 527 1152 quo
565 1105 664 1142 filum
693 1105 765 1141 hoc
795 1108 943 1141 unicum
970 1115 1014 1141 ex
1040 1104 1156 1141 linteo
1179 1106 1237 1142 vel
1261 1105 1368 1142 born-

265 1174 357 1222 byce
386 1185 635 1221 praeparatum
672 1182 709 1210 et
739 1185 820 1211 cera
856 1160 1072 1219 inductum,
1107 1173 1214 1222 cujus
1243 1174 1369 1212 latitu-

264 1244 311 1281 do
351 1243 534 1280 dimidiam
578 1244 634 1279 vel
669 1254 775 1279 unam
812 1244 942 1280 lineam
987 1253 1167 1291 superat,
1202 1243 1366 1282 arteriam

263 1313 478 1350 circumdet.

314 1383 396 1420 Hoc
438 1382 501 1419 filo
541 1383 686 1420 tunicae
719 1382 867 1420 intimae
907 1383 1234 1431 transcinduntur,
1273 1396 1366 1432 quae

262 1452 478 1490 transcissio
513 1452 647 1489 summi
687 1452 861 1489 momenti
902 1460 958 1489 est
988 1453 1033 1490 ad
1066 1462 1277 1500 perpetuam
1310 1454 1366 1491 in-

262 1523 519 1560 terclusionem
562 1521 739 1566 arteriae,
790 1521 816 1559 i.
857 1533 893 1558 e.
929 1522 1189 1560 transcissione
1227 1522 1368 1561 tunica-

263 1605 341 1630 rum
379 1593 585 1630 intimarum
621 1591 775 1628 celerius
813 1602 964 1639 capaces
996 1592 1200 1629 redduntur
1233 1592 1279 1629 ad
1305 1602 1367 1630 ex·
1408 1633 1411 1636 Α

261 1663 488 1700 sudationem
530 1661 769 1699 sufficientem
806 1662 978 1710 lymphae
1021 1663 1224 1709 plasticae,
1272 1674 1366 1710 quae

261 1733 452 1771 exsuci-atio
491 1734 646 1770 multum
684 1734 804 1779 valet,
852 1732 937 1780 quia
979 1734 1173 1780 coagulum
1220 1734 1368 1781 sangui-

262 1803 319 1840 nis
348 1813 445 1840 arcte
467 1814 505 1840 se
542 1813 625 1838 cum
664 1803 722 1839 illa
751 1801 890 1850 jungit.
942 1802 1058 1839 Extra
1091 1802 1282 1850 arteriam,
1310 1804 1365 1840 uti
1404 1797 1406 1799 ’

262 1873 448 1918 vidimus,
499 1872 603 1909 etiarn
643 1871 762 1908 oritur
798 1871 990 1909 exsudatio
1025 1873 1223 1920 lymphae,
1263 1874 1365 1919 quod

262 1943 454 1990 coagulum
498 1950 586 1976 vero
633 1950 711 1977 non
760 1951 928 1988 magnum
970 1941 1143 1979 volumen
1178 1952 1359 1991 occupat,

264 2013 420 2058 ideoque
460 2019 586 2054 natura
613 2008 718 2046 facile
744 2010 835 2046 illud
866 2010 1063 2047 absorbere
1093 2019 1233 2059 potest.
1268 2011 1365 2061 Quia

264 2083 415 2129 ligatura
448 2089 503 2116 est
544 2079 692 2124 tenuis,
733 2080 977 2127 organismum
1023 2080 1169 2128 quidem
1197 2082 1364 2135 irritat,

265 2161 356 2196 quae
386 2160 473 2186 vero
507 2149 659 2187 irritatio
703 2150 904 2187 necessaria
941 2150 1104 2188 habenda
1137 2161 1216 2198 est,
1256 2161 1296 2190 ut
1327 2152 1364 2189 in

266 2220 387 2255 tunica
425 2218 600 2256 cellnlosa
641 2230 679 2256 ea
719 2218 953 2256 inflammatIO
988 2221 1239 2268 producatur,
1294 2234 1366 2268 qua

1293 2296 1370 2331 sol-
