1564 2750
381 154 430 190 42
618 145 1278 190 COMMENTATIO

378 250 505 298 facto,
544 260 742 300 postquam
786 261 975 302 tropaeum
1014 263 1296 308 exstruxerunt,
1334 260 1484 302 domurn

378 319 538 369 profecti
552 331 665 368 sunt,
693 323 731 360 in
743 322 801 361 via
820 324 1060 363 Anactorium
1075 337 1141 374 per
1155 326 1318 367 fraudem
1339 331 1486 378 capien-

379 399 450 427 tes.
478 390 539 428 Ab
567 392 679 428 altera
705 402 795 430 vero
815 402 916 441 parte
943 395 1049 432 etiam
1071 396 1271 444 Corcyraei
1293 406 1484 448 tropaeum

343 514 346 518 Α
379 464 602 507 erexerunt,
629 462 732 508 quod
757 462 884 500 hostes
910 465 1079 502 recedere
1101 466 1221 504 coacti
1248 476 1374 506 essent
1396 467 1485 519 (ι).

378 529 485 568 Hanc
506 538 626 567 autem
649 541 807 578 pugnarn
821 532 888 570 alia
902 534 978 570 cito
994 544 1118 572 secuta
1131 544 1201 575 est.
1229 537 1326 575 Nam
1339 563 1354 583 ,
1370 548 1487 586 quum

379 599 544 638 viderent
567 600 835 647 Athenienses,
866 603 1086 642 Corinthios
1115 605 1152 643 id
1183 605 1338 644 maxime
1356 617 1489 656 agere,

378 676 421 706 ut
455 669 633 707 ultionem
658 681 830 719 caperent
855 673 899 709 de
918 672 964 710 iis
980 701 993 720 ‚
1021 673 1112 721 qui,
1132 675 1220 713 dum
1243 674 1392 714 foedere
1412 676 1488 715 sibi

378 740 570 789 coniuncti
592 749 742 788 essent,
769 742 946 780 hostibus
975 743 1149 782 tulissent
1175 744 1389 793 suppetias,
1416 746 1489 785 Po-

379 810 578 858 tidaeatas‚
601 811 885 850 Corinthiorum
908 813 1089 861 colonos,
1120 814 1192 852 sibi
1228 825 1317 853 vero
1342 814 1489 865 subiec-

379 888 438 917 tos
455 908 468 927 ,
492 881 714 930 jusserunt,
752 891 793 920 ut
825 894 953 920 muros
987 883 1273 931 demolirentur,
1301 884 1491 933 magistra-

378 958 534 997 tusque,
570 962 666 998 quos
698 953 899 1000 quotannis
926 963 946 990 e
966 953 1175 1001 Metropoli
1200 953 1366 1002 accipere
1394 954 1493 992 soie·

378 1018 492 1065 bant,
519 1020 758 1067 expellerent.
785 1020 1077 1068 Suspicabantur
1092 1021 1189 1059 enim
1213 1022 1488 1069 Athenienses,

377 1099 424 1126 ne
452 1089 526 1127 illis
551 1088 710 1128 defectio
747 1091 1028 1139 persuaderetur
1053 1102 1073 1128 a
1107 1091 1315 1130 Corinthiis
1338 1100 1376 1130 et
1403 1092 1490 1130 Per·

376 1159 480 1196 dicca
515 1159 755 1197 Macedoniae
789 1170 900 1214 rege,
955 1160 1019 1207 qui
1065 1169 1169 1198 antea
1205 1160 1490 1199 Atheniensium

376 1229 516 1266 amicus
533 1256 547 1275 ,
573 1240 692 1277 nuper
735 1241 862 1266 eorum
906 1229 1028 1267 hostis
1072 1228 1197 1268 factus
1236 1238 1328 1269 erat.
1395 1230 1493 1280 Qui·

377 1298 448 1335 bus
475 1299 509 1337 si
535 1298 853 1346 obtemperassent
880 1298 1112 1344 Potideatae,
1138 1309 1186 1336 ne
1212 1307 1249 1336 et
1276 1298 1349 1347 ipsi
1360 1298 1490 1337 deinde

376 1375 520 1404 ceteros
546 1367 671 1405 socios
687 1395 700 1414 ,
726 1367 764 1404 in
796 1366 955 1405 Thracia
982 1367 1216 1414 habitantes,
1241 1369 1288 1406 ad
1312 1367 1491 1407 defectio-

376 1448 460 1475 nem
488 1437 755 1483 sollicitarent‚
796 1448 972 1484 perquam
1011 1436 1185 1474 timebant
1222 1437 1490 1476 Athenienses-

377 1507 498 1556 Quam
538 1508 587 1544 ob
624 1519 699 1545 rem
736 1506 886 1555 triginta
919 1505 1077 1544 navibus
1100 1504 1307 1544 Potidaeam
1338 1505 1492 1555 missis,

378 1577 483 1614 etiam
513 1577 662 1614 obsides
701 1576 773 1614 sibi
810 1576 892 1614 dedi
928 1574 1181 1624 postularunt.
1222 1576 1361 1614 Verum
1389 1575 1492 1614 Poti-

377 1647 521 1684 daeatae
561 1646 728 1684 Athenas
762 1647 902 1694 legatos
939 1646 1148 1691 miserunt,
1201 1645 1267 1692 qui
1309 1646 1489 1694 populum

378 1725 552 1763 orarent,
581 1727 627 1754 ne
652 1717 742 1764 quid
772 1716 860 1754 novi
885 1716 929 1754 de
952 1715 1053 1753 socia
1080 1714 1230 1753 civitate
1260 1722 1490 1762 statuerent,

377 1785 505 1835 Quum
530 1795 652 1824 autem
677 1786 771 1824 nihil
792 1786 876 1824 inde
903 1785 1152 1834 proficerent,
1180 1784 1492 1823 Lacedaemonem

378 1865 414 1893 et
436 1855 662 1893 Corinthum
697 1857 832 1893 adeunt
847 1883 859 1901 ,
888 1855 1015 1902 ibique
1036 1856 1081 1893 de
1102 1853 1311 1892 defectione
1335 1853 1490 1892 consilia

378 1925 538 1974 agitant3
568 1926 617 1963 ita
641 1934 706 1971 ut,
740 1937 853 1973 quum
882 1924 1167 1963 Atheniensium
1191 1935 1303 1962 naves
1319 1924 1357 1961 in
1373 1924 1494 1962 Thra·

376 1996 467 2032 ciam
502 1996 697 2041 venirent,
751 1994 978 2032 Potidaeatas
1014 1994 1180 2042 aliasque
1207 1992 1389 2032 Civitates
1419 1993 1492 2042 J‘am

376 2064 555 2103 defecisse
605 2065 932 2113 deprehenderent.
1013 2064 1130 2103 Simul
1168 2063 1264 2101 enim
1301 2063 1493 2103 Perdiccas

1382 2131 1494 2173 Chal·

415 2222 466 2259 (ι)
490 2223 566 2250 plut.
592 2218 620 2246 in
642 2220 706 2246 Per.
730 2220 750 2246 1.
774 2220 792 2246 l.
815 2231 850 2239 -
874 2217 967 2247 Thuc.
992 2216 1014 2243 l.
1041 2224 1106 2251 cap.
1131 2219 1243 2253 46—55
