1507 2876
241 224 300 269 24
400 223 488 266 Tu.
506 222 557 266 G.
587 234 689 265 vAN
716 218 895 264 LIDTH
921 233 985 263 DE
1009 217 1200 264 JEUDE

247 349 567 394 theoreticarum
609 356 650 393 et
693 348 973 408 practicarum
1015 355 1102 393 tum
1146 355 1187 392 et
1219 348 1362 393 Phar-

248 427 568 471 maceuticarum
611 425 719 468 bene
763 423 963 468 inservire
1004 425 1155 483 pergit.

305 504 493 548 Museum
532 500 876 558 Mineralogicum
914 502 1131 560 insigniter
1169 502 1361 561 locuple-

245 586 379 624 tatum
408 579 485 621 fuit
520 576 816 635 speciminibus
854 578 961 622 ultra
1000 579 1204 623 sexcentis
1237 593 1361 637 egre-

245 655 350 713 giis,
394 654 448 698 ad
480 653 695 698 historiam
731 655 962 699 naturalem
996 656 1163 700 Vesuvii
1198 664 1239 700 et
1272 655 1360 701 cir-

244 729 510 787 cumjacentis
543 730 726 788 regionis
759 732 999 776 vulcanicae
1035 733 1358 792 pertinentibus.

241 807 480 867 Specimina
518 806 647 861 haec,
690 815 858 867 petente
895 808 998 854 Viro
1028 809 1090 855 Cl.
1124 810 1360 856 Nicolao

243 883 513 928 Cornelio
544 884 604 928 de
634 883 921 945 Fremery,
958 887 1131 931 collecta
1165 894 1205 932 et
1236 900 1361 946 mag-

242 975 299 1004 na
325 975 419 1005 cum
448 961 705 1007 humanitate
731 963 880 1008 Museo
904 964 1047 1008 oblata
1076 971 1175 1008 snnt
1203 980 1228 1008 a
1256 964 1360 1008 Cla-

241 1038 408 1083 rissimo
441 1039 719 1098 Neapolitano
752 1040 943 1099 Geologo
971 1041 1357 1095 Monticellio,

243 1115 540 1173 continentque
580 1117 783 1175 plurimas
832 1132 963 1162 novas
1005 1119 1191 1178 species,
1251 1134 1359 1177 quas

240 1192 403 1251 primus
437 1192 516 1237 illis
553 1193 597 1237 in
633 1194 876 1252 regionibus
908 1203 948 1239 et
987 1196 1167 1250 detexit,
1205 1203 1248 1240 et
1280 1210 1359 1240 ac-

242 1277 384 1314 curate
414 1269 635 1330 descripsit
664 1272 728 1316 vir
756 1272 1035 1317 doctissimus.

299 1346 459 1391 Hortus
500 1348 779 1393 Academicus
812 1349 856 1393 in
889 1350 1061 1401 eodem,
1103 1363 1189 1407 quo
1227 1364 1360 1409 prae-

242 1424 403 1469 cedenti
435 1439 569 1478 anno,
601 1433 709 1470 statu
734 1427 881 1480 floret,
913 1440 1013 1471 cura
1045 1426 1107 1471 cl.
1131 1426 1356 1486 Kopsii,

243 1502 357 1560 cujus
393 1502 589 1550 indefessi
625 1503 818 1557 labores,
850 1504 905 1547 ad
936 1504 1149 1558 Museum,
1180 1505 1357 1564 suppel-

242 1579 384 1624 lectilis
424 1580 604 1625 rusticae
646 1581 862 1640 exempla,
924 1588 995 1624 aut
1033 1584 1356 1625 Instrumenta

244 1671 348 1713 quae
381 1656 576 1702 dicuntur
612 1662 822 1713 ruralia,
873 1658 1114 1713 continens,
1162 1674 1211 1704 ex
1244 1660 1356 1703 Am„

241 1734 600 1779 stelodamensium
648 1735 692 1779 in
741 1743 929 1780 nostram
974 1736 1122 1780 urbem
1168 1738 1355 1781 transfe-

242 1811 437 1865 rendum,
464 1813 623 1856 felicem
661 1813 832 1857 tandem
865 1820 1054 1857 eventum
1089 1813 1351 1870 habuerunt3

243 1904 366 1946 quum
401 1890 704 1947 Angustissimo
727 1891 836 1948 Regi
865 1891 1092 1950 placuerit,
1122 1904 1234 1935 novo
1268 1891 1353 1936 hoc

243 1963 547 2010 benevolentiae
573 1966 729 2011 indicio
755 1966 876 2012 Cives
903 1967 1351 2025 Rheno-Trajectinos

244 2043 417 2087 afficere.
507 2044 573 2088 De
608 2044 690 2088 hoc
728 2052 864 2089 autem
904 2044 1032 2103 Regis
1059 2044 1263 2090 beneficio
1299 2060 1351 2091 eo

246 2121 444 2165 'ubentius
478 2121 730 2165 mentionem
765 2121 960 2174 facimus,
993 2122 1189 2180 quoniam
1217 2123 1350 2169 hocce

246 2199 451 2252 ¹Vluseum,
509 2198 696 2256 quamvis
741 2199 795 2242 ad
841 2199 1112 2244 Academiam
1163 2208 1351 2245 nostram

244 2276 351 2323 haud
391 2289 565 2334 prorsus
599 2275 836 2334 pertinens,
868 2276 955 2334 ejus
988 2284 1127 2321 tamen
1162 2277 1348 2332 civibus,
