1477 2725
341 139 1093 185 OBSERVATIONES.
1204 145 1277 191 169

172 265 294 306 pum,
333 253 639 293 Hemsterhusius
677 251 822 290 voluit:
852 262 960 298 nam,
1004 251 1110 289 facile
1152 253 1281 290 existi-

171 338 275 374 mes,
302 326 388 363 dum
414 324 671 373 properantius
701 321 847 359 sibimet
874 323 1061 359 adnotaret
1085 321 1154 358 Vir
1169 322 1279 359 Sum-

132 408 134 410 ·
169 409 252 436 mus
269 425 282 444 ,
308 408 436 435 vocem
457 398 771 446 septemtrionem,
786 405 855 441 pro
884 393 1071 430 meridiem
1088 422 1101 440 ‚
1128 394 1159 430 ei
1178 406 1195 430 e
1219 405 1279 431 ca-

170 469 267 506 lamo
309 466 500 504 excidisse.
571 467 740 503 Piraeeus
777 465 872 501 enim
913 463 1107 510 Caerum,
1154 465 1279 502 Phale-

169 548 234 574 rus
273 536 417 574 Eurum
458 535 686 583 spectabant.
758 535 786 572 E
834 532 1102 581 Xenophontis
1139 535 1223 572 loco
1262 546 1282 572 a

170 606 312 645 Leakio
350 607 464 644 citato
504 606 595 654 (1),
653 617 736 642 cum
783 605 1005 652 Thucydide
1039 613 1280 652 comparato,

170 677 370 716 Goellerus
405 676 578 723 collegit,
607 677 701 713 duos
737 676 821 712 illos
857 687 1008 721 muros,
1051 675 1210 712 medium
1247 684 1282 712 et

168 750 208 788 τὸ
234 749 356 796 ἔξωθεν
374 775 386 793 ,
435 755 587 794 propter
615 747 786 794 majorem
819 744 1118 792 longitudinem,
1169 744 1281 794 (dicit

168 816 262 854 enim
297 816 534 864 Thucydides
561 820 621 856 τοῦ
649 820 845 865 <pampineo
870 818 1012 864 τείχους
1037 817 1171 856 στάδιοι
1193 813 1282 860 ἦσαν

168 888 276 927 πέντε
297 888 356 926 καὶ
382 889 571 936 τριάκοντα
597 912 609 924 .
627 913 638 924 .
656 914 668 926 .
696 888 745 926 τὰ
770 888 892 935 μακροὶ
916 888 1022 935 τείχη
1055 912 1065 923 .
1080 911 1091 923 .
1110 910 1121 923 .
1150 901 1284 926 τεσσα-

166 958 322 1006 palmum
353 956 553 1004 σταδίων),
605 965 647 1001 ut
686 967 706 993 a
735 956 922 993 Phalerico
961 956 1282 1001 discernerentur,

168 1026 291 1076 longos
313 1039 436 1065 muros
453 1055 464 1073 ‚
495 1036 555 1072 et,
582 1038 601 1063 a
629 1025 748 1063 forma
769 1036 1029 1073 numeroque,
1058 1027 1167 1070 σκέλη
1183 1025 1281 1062 Bra·

166 1097 251 1133 chia
278 1098 482 1144 appellatos
517 1096 651 1133 fuisse.
707 1097 780 1141 Et‚
808 1096 841 1132 si
881 1095 918 1131 in
958 1096 1016 1132 his
1042 1096 1282 1144 ‘conjecturae

167 1166 272 1202 locus
313 1167 383 1211 sit,
436 1176 513 1202 non
543 1177 562 1202 a
603 1164 926 1202 verisimilitudine
957 1165 1153 1209 abhorret,
1205 1157 1281 1202 duo

166 1234 227 1272 illa
274 1235 411 1273 Piraica
460 1235 608 1279 brachia
645 1235 806 1272 Athenis
852 1234 887 1271 in
926 1245 1040 1272 unum
1086 1235 1280 1280 quemdam

166 1303 289 1341 locum
324 1305 594 1351 convenisse‚'
631 1316 707 1351 quo
747 1313 853 1351 porta
889 1303 1022 1348 fuerit,
1052 1313 1164 1351 atque
1190 1304 1282 1341 adeo

167 1373 315 1411 brachia
343 1374 454 1427 illa,}
492 1374 523 1412 si
565 1374 666 1412 alteri
701 1385 808 1411 muro
845 1385 1149 1422 opponerentur,
1186 1373 1284 1411 dicta

166 1443 285 1482 fuisse
318 1447 358 1485 τὸ
387 1448 520 1494 μακρὸν
548 1452 669 1494 τεῖχος
705 1445 765 1493 (in
801 1444 978 1492 singulari
1008 1446 1212 1493 numero);
1247 1444 1281 1482 si

165 1525 254 1552 vero
285 1515 330 1552 de
361 1515 443 1552 istis
480 1516 570 1552 solis
606 1523 888 1560 sermOvesset‚
950 1516 1129 1562 appellata
1164 1515 1282 1552 fuisse

169 1586 220 1625 τὰ
250 1588 373 1634 μακροὶ
404 1587 513 1630 σκέλη
542 1585 600 1621 vel
628 1587 734 1634 τείχη
761 1584 885 1633 (plur.
914 1584 1071 1632 num.)‚
1099 1587 1207 1634 cujus
1231 1586 1282 1623 al-

167 1663 288 1691 terum
322 1663 420 1692 esset
453 1657 492 1695 τὸ
526 1656 681 1704 βόρειον,
732 1655 811 1691 sive
847 1657 886 1695 τὸ
925 1656 1070 1702 ἔξωθεν,
1124 1656 1278 1693 alterum

165 1727 205 1766 τὸ
235 1726 341 1766 νότιον
368 1724 447 1762 sive
479 1728 534 1765 διὰ
561 1727 685 1773 μέσου.
739 1724 852 1773 Quod
881 1726 925 1762 ad
948 1724 1080 1762 Leakii'
1099 1725 1280 1774 objectio-

165 1804 248 1831 nem
280 1794 435 1840 attinet,
478 1795 737 1842 Thucydidem
771 1795 801 1831 Ι.
831 1805 913 1841 cap.
947 1806 1032 1841 107.
1074 1795 1169 1832 duos
1198 1804 1277 1833 tan-

165 1873 243 1901 tum
264 1865 398 1913 longos
426 1876 551 1901 muros
575 1875 772 1912 agnoscere
789 1892 800 1910 ‚
829 1864 1027 1902 Goellerus
1052 1865 1278 1902 animadver-

164 1932 236 1979 tit,
274 1933 319 1970 ab
352 1934 548 1971 Historico
575 1935 700 1981 plures
729 1934 933 1972 enumerari
963 1946 1039 1971 non
1077 1937 1275 1982 potuisse,

167 2003 339 2050 quoniam
377 2003 508 2041 tertius
547 2004 607 2041 ille
634 2005 752 2041 serius
790 2006 933 2041 demum
969 2005 1178 2043 aedificatus
1204 2015 1275 2047 est.

165 2073 245 2120 At,
298 2073 396 2110 dicat
424 2073 585 2121 aliquis,
638 2075 794 2111 duorum
826 2083 967 2111 tantum
1000 2086 1213 2122 murorum,
1256 2087 1276 2113 a

169 2143 258 2180 mari
278 2144 323 2181 ad
336 2136 462 2181 urbem
477 2144 737 2193 pertinentium
755 2172 769 2192 ‚
786 2155 1021 2183 monumenta
1045 2154 1274 2194 supersunt;

846 2219 855 2299 'X
1213 2228 1276 2255 ve·

208 2293 261 2333 (ι)
284 2296 409 2326 Hellen.
437 2298 476 2327 11.
505 2305 571 2333 cap.
599 2305 626 2327 9.
656 2294 687 2334 ᾗ,
715 2307 761 2332 15·
854 2304 862 2366 'X
