1502 2767
441 154 1030 195 CONSPECTUS.

257 280 288 303 ι.
318 266 422 303 Bella
449 278 520 302 non
542 273 628 302 sum
656 272 710 301 tot
738 276 904 304 numero.
984 293 995 305 .
1048 292 1061 304 .
1113 275 1199 315 pag.
1217 267 1290 317 189

249 350 285 374 2.
314 336 403 374 Non
426 336 497 373 levi
515 333 559 372 de
582 346 698 372 caasa
721 336 989 385 suscipiuntur.
1049 360 1062 374 .
1149 361 1163 375 .
1220 346 1291 384 193

252 419 286 453 3.
317 405 457 443 Contra
479 404 704 442 volontatem
723 404 959 454 populorum.
1050 429 1063 442 .
1152 432 1164 444 .
1218 406 1292 454 196

246 488 286 521 4.
316 476 358 512 Si
378 474 475 511 bella
502 475 643 512 evitari
659 483 868 522 nequeant,
889 474 1046 526 populi,
1073 486 1145 512 me-

372 543 525 581 lioribus
560 542 768 580 rationibus
820 542 926 582 ducti
971 556 1044 583 sese
1087 543 1142 582 ad

371 612 467 649 bella
498 614 699 661 accingunt
722 612 918 664 eademque
939 623 1096 664 gerunt.
1148 641 1162 656 .
1216 625 1285 663 199

172 683 210 729 ς.
241 694 276 719 2.
305 681 503 730 ,Quatenus
542 683 726 720 hominum
772 682 816 720 de
848 683 939 722 bello
969 682 1137 734 gerundo

370 754 638 790 sententiarum
674 752 878 791 emendatio
908 755 1080 792 cernitur
1100 754 1141 790 in

369 825 443 872 ipso
464 822 572 860 bello.
694 849 705 860 .
807 849 818 862 .
918 842 936 852 -

419 893 592 930 Homines
626 894 746 930 minus
783 905 847 931 nec
885 891 986 931 datd
1016 891 1132 944 operd

370 972 455 1000 sunt
488 962 682 1009 crudeles,
718 946 818 1014 qaod
851 963 1026 1014 inprimis
1050 970 1135 1014 post

372 1034 566 1070 victoriam
602 1041 834 1083 reportatam
869 1032 1020 1079 injure
1050 1031 1137 1070 belli

371 1102 529 1150 aliisque
548 1103 732 1139 cernitur.
805 1129 817 1140 .
916 1129 929 1141 .
1029 1129 1046 1144 .
1147 1125 1161 1140 .
1213 1109 1287 1148 205

414 1170 518 1219 Quae
557 1182 634 1208 non
675 1171 820 1220 singula
861 1171 1036 1220 deinceps
1076 1171 1142 1209 sed

369 1240 478 1277 simul
506 1239 727 1288 probantur.
793 1267 805 1277 .

168 1310 207 1357 §-
236 1323 271 1358 3.
303 1308 403 1358 Qm'd
441 1308 487 1346 de
521 1311 594 1355 iis,
645 1321 741 1359 quae
779 1308 984 1358 disputatis
1024 1307 1133 1357 ‘vulgo

366 1379 473 1427 objici
506 1379 617 1416 solent
633 1407 646 1425 ‚
676 1376 914 1417 statuendum
939 1380 1002 1417 sit.
1033 1405 1045 1416 .
1144 1403 1158 1417 .
1209 1389 1281 1417 221

305 1438 528 1489 wmoctssrs.
574 1476 585 1487 .

1149 849 1165 865 .
1214 833 1287 869 204

1145 1473 1159 1487 .
1209 1457 1282 1494 229

1204 2283 1279 2322 IN-
