1523 2745
284 169 1042 209 OBSERVATIONES.
1153 181 1225 217 217

121 287 245 326 recte,
274 291 386 326 quum
417 291 460 317 ex
489 290 564 317 uno
601 279 744 326 proelio
772 279 845 317 duo
871 278 999 316 fecerit
1027 279 1119 327 (02
1151 290 1226 326 quo

119 348 254 386 factum
286 359 364 396 est,
406 360 446 386 ut
477 349 625 396 onmia,
666 361 757 395 quae
787 350 1010 396 pertinerent
1048 350 1091 387 ad
1131 350 1228 388 Cor-

117 429 286 466 cyraeum
330 419 493 464 bellum,
547 430 659 465 quum
693 418 729 454 id
772 419 962 456 Potidaeae
993 419 1224 458 obsidionem

117 489 356 536 praecesserit
370 517 382 535 ‚
408 490 450 526 ad
466 488 608 536 priores
625 516 638 534 ‚
657 500 762 534 quam
788 489 938 525 decebat
955 517 966 535 ‚
983 500 1099 527 annos
1112 499 1230 527 trans·

117 559 258 596 tulerit.
295 558 466 596 Potidaea
498 559 638 606 igitur,
667 569 711 594 ex
737 559 931 595 amborum
949 587 961 604 ‚
991 559 1224 606 Thucydidis

115 635 152 664 et
176 627 358 674 Diodori,
377 629 580 673 sententia,
609 627 741 665 defecit
767 630 883 666 media
897 637 1034 666 aestate
1056 630 1141 666 anni
1169 631 1219 668 A.

114 697 164 736 C.
206 710 295 746 432.
338 698 492 746 Olymp.
531 698 767 736 LXXXVII.
811 711 845 736 1.
886 699 1107 758 incipiente,
1151 711 1224 736 ma-

113 767 307 815 gistratum
339 759 503 805 adeunte'
532 768 762 815 Pythodoro.
816 769 940 818 Quum
974 781 1062 806 vero
1096 771 1227 807 haecce

114 836 274 874 defectio
307 837 472 885 proxime
505 847 630 876 secuta
655 837 769 875 fuerit
796 850 956 887 pugnam
995 840 1228 887 Corcyraeos

113 907 210 945 inter
234 916 347 960 atque
362 908 612 956 Corinthios„
632 921 670 946 ea
694 909 890 946 commissa
917 909 965 946 sit
994 921 1145 946 necesse
1173 918 1229 947 est

115 978 276 1027 ejusdem
292 979 377 1016 anni
405 990 504 1020 vere.
531 979 721 1017 Probanda
743 979 856 1027 igitur
880 980 1059 1016 sententia
1082 980 1231 1017 Clinto-

115 1046 154 1084 ni
171 1075 184 1094 ‚
211 1047 428 1095 legationem
453 1049 497 1085 ad
515 1049 671 1096 priorem
704 1059 837 1085 annum
865 1049 1084 1096 referentis;
1113 1058 1148 1086 et
1185 1049 1230 1086 de

115 1119 279 1149 extremo
327 1113 438 1160 hujus
485 1113 570 1150 anni
615 1121 814 1150 auctumno
867 1113 1102 1160 cogitandum
1157 1121 1228 1151 est.

106 1181 304 1229 *Corinthii
330 1193 412 1220 sese
447 1194 513 1231 per
538 1184 632 1220 duos
674 1181 750 1220 fere
790 1193 906 1220 annos
934 1194 953 1219 a
976 1183 1091 1230 priori
1124 1185 1226 1221 clade

114 1250 261 1289 reficere
303 1252 427 1290 conati
471 1262 557 1289 sunt
588 1253 683 1299 (2);
722 1261 763 1289 ut
805 1255 921 1300 prima
963 1253 1059 1301 inter
1081 1254 1228 1303 Corcy-

114 1334 218 1359 raeos
263 1334 466 1370 eorumque
503 1322 737 1369 Metropolin
774 1334 898 1370 pugna
917 1323 1095 1373 *acciderit
1130 1335 1227 1362 anno

114 1392 166 1430 A.
195 1393 242 1429 C.
284 1404 375 1442 434.
418 1391 447 1430 i.
472 1403 504 1430 e.
534 1392 689 1439 Olymp.
719 1389 933 1431 LXXXVI.
969 1405 1006 1431 2.
1034 1405 1054 1430 e
1083 1402 1231 1431 senten-

114 1463 163 1500 tia
203 1462 468 1510 Thucydidis,
511 1473 622 1509 quem
662 1463 769 1509 sequi
819 1462 975 1500 debebat
1010 1463 1228 1511 Diodorus,

115 1531 180 1580 qui
205 1540 325 1568 tamen
348 1532 437 1568 haec
470 1531 591 1568 omnia
624 1520 738 1578 prave
769 1533 813 1569 ad
840 1543 972 1569 annum
1001 1545 1038 1581 3.
1067 1532 1223 1583 Olymp.

114 1602 311 1642 LXXXV.
341 1601 480 1639 retulit.
511 1601 595 1649 (3).
1066 1587 1068 1589 μ

163 1672 283 1720 Supra
327 1672 399 1721 jam
439 1671 546 1717 dixi,
594 1670 722 1709 Pericli
766 1671 1028 1718 exprobratum
1071 1673 1217 1722 fuisse,

115 1743 215 1790 quod
239 1742 552 1788 Lacedaemonio,
582 1741 750 1779 Cimonis
779 1740 884 1787 filio,
919 1743 1042 1779 decem
1077 1752 1218 1781 tantum

114 1823 226 1850 naves
251 1811 440 1858 dedisset3
472 1811 518 1848 ita
558 1820 600 1848 ut
642 1810 850 1849 Corinthiis
879 1812 1024 1859 quidem
1063 1814 1221 1852 obsiste-

113 1890 242 1927 retur,
292 1881 421 1919 classis
459 1889 578 1918 tamen
631 1881 710 1937 ipsa
747 1881 831 1919 duci
886 1882 1021 1919 nullam
1065 1884 1220 1934 aliqu'us

113 1951 289 1990 momenti
329 1950 480 2000 gloriam
507 1951 637 1989 addere
673 1960 815 2000 posset.
881 1952 1063 1992 Videntur
1098 1966 1219 1993 autem

1142 2037 1224 2073 per·

149 2121 203 2159 (ι)
222 2122 316 2152 Diod.
334 2120 395 2151 Sic.
410 2122 474 2151 ΧΠ.
495 2130 552 2158 34,
574 2127 621 2156 37.

153 2181 206 2218 (2)
229 2181 324 2210 Thuc.
342 2181 367 2208 1.
391 2187 440 2214 31.

154 2237 210 2275 (3)
228 2237 318 2266 Diod.
340 2236 399 2267 Sic.
420 2237 482 2265 XH-
507 2246 557 2271 5¹·
