1538 2689
324 169 369 196 12
545 152 1212 197 COMMENTATIO

320 261 552 302 revocaveris
577 261 713 311 ingenii
736 262 949 312 elegantiam
979 266 1242 316 literarumque
1269 276 1306 307 et
1347 269 1434 318 phi-

319 333 514 380 losophiae
544 332 735 382 studium,
774 334 911 382 quibus
946 344 1076 384 postea
1110 345 1305 387 tantopere
1349 340 1435 389 pol-

321 405 405 443 luit,
459 404 599 442 Nullus
627 405 723 442 enim
749 415 904 453 eorum,
933 407 1071 454 quibus
1095 408 1316 447 doctoribus
1338 421 1434 448 usus

299 483 404 521 -est‚
442 473 545 512 illum
579 474 617 512 in
645 475 794 512 ineunte
821 476 1066 516 adolescentia
1104 478 1308 517 erudivisse
1335 479 1439 518 vide·

321 554 384 582 tur
399 557 412 592 3
427 544 497 582 nisi
522 543 682 582 fortasse
704 545 954 593 Pythoclidem
969 546 1160 585 Musicum
1184 548 1343 595 excipias
1355 548 1438 597 (1).

322 613 476 663 Quare,
504 625 619 661 quum
645 622 776 663 postea
801 615 1060 654 celeberrimos
1103 617 1200 655 istos
1224 626 1442 666 praecepto·

324 694 382 722 res
417 685 702 733 Anaxagoram,
742 685 933 724 Zenonem
969 686 1165 734 Eleatem,
1201 687 1440 736 Damonem,

325 763 496 802 ceteros,
536 765 673 803 sponte
701 766 767 793 sua
803 755 878 793 sibi
904 756 1140 805 adjunxeritg,
1188 756 1234 794 de
1273 755 1332 795 his
1366 768 1443 795 ser-

326 836 389 862 mo
412 824 482 862 erit
496 825 535 862 in
551 825 651 864 Sect.
673 825 746 872 11.‚
768 825 836 863 ubi
859 819 1078 864 de'Periclis
1092 825 1231 875 ingenii
1253 827 1442 875 animique

326 893 479 932 dotibus
503 906 654 944 agemus
678 894 792 946 (Vid.
828 895 914 934 Obs.
943 896 1033 946 V.).
1100 897 1318 936 Incidebant
1354 909 1444 936 vero

328 964 437 1012 primi
461 965 592 1003 aetatis
619 965 706 1003 anni
730 965 769 1003 in
785 966 1001 1005 turbulenta
1025 966 1087 1005 illa
1108 967 1292 1006 bellorum
1314 976 1446 1007 contra

328 1034 520 1072 Persarum
537 1035 676 1084 Regem
690 1045 882 1084 tempora3
911 1037 1303 1087 peregrinationesque
1319 1067 1332 1086 ‚
1351 1050 1444 1086 quas

331 1104 582 1143 Athenienses
602 1105 641 1143 in
663 1105 798 1144 alienas
822 1106 994 1156 regiones
1024 1107 1218 1156 suscipere
1232 1108 1416 1147 debebant
1434 1136 1448 1156 ,

334 1174 575 1222 proeliaque,
604 1187 724 1222 quae,
748 1186 870 1223 usque
899 1177 944 1214 ad
971 1177 1247 1215 memorabilem
1274 1177 1451 1216 Cimonis
1522 1209 1523 1212 ,

86 1269 236 1300 Lxxle.
339 1243 386 1280 ad
427 1244 746 1292 Eurymedontem
782 1245 851 1293 (2)
889 1245 1111 1293 victoriam,
1160 1246 1237 1284 fere
1275 1248 1456 1287 continua
1522 1248 1529 1297 J,

144 1318 171 1344 3·
259 1313 326 1344 4⁷0¹
341 1314 461 1360 serie,
489 1322 567 1352 tum
585 1314 683 1353 inter
705 1316 832 1352 Persas
859 1314 1135 1363 Graecosque,
1161 1325 1241 1354 tum
1267 1316 1364 1354 inter
1383 1317 1454 1356 hos
1522 1313 1523 1317 ¹

340 1383 497 1422 invicem
526 1385 878 1433 committebantur,
904 1385 1079 1434 strepitui
1098 1398 1284 1425 armorum
1310 1387 1426 1437 magis
1442 1416 1456 1435 ,
1503 1423 1505 1425 ,

343 1466 453 1502 quam
491 1455 702 1493 studiorum
734 1455 852 1503 quieti
888 1456 1081 1495 favebant.
1144 1458 1202 1495 Ac
1237 1457 1322 1495 licet
1357 1457 1457 1496 Peri-

341 1525 411 1563 clis
445 1535 582 1563 nomen
612 1536 690 1563 non
733 1525 943 1564 inveniatur
988 1526 1084 1564 inter
1128 1526 1246 1574 illos,
1283 1527 1349 1574 qui
1384 1528 1455 1576 pro

343 1594 460 1644 patria
494 1595 772 1644 pugnaverint,
800 1604 921 1634 tamen
947 1607 967 1635 e
993 1596 1188 1644 victoriis,
1206 1608 1298 1644 quas
1322 1605 1456 1646 postea

1406 1678 1464 1706 re·
1518 1722 1519 1730 ἵ

1525 686 1533 771 ἱ

383 1781 436 1815 (1)
457 1781 535 1809 Plut.
558 1779 592 1807 in
610 1782 677 1809 Per.
689 1787 756 1813 cap.
780 1787 809 1815 4.
835 1777 902 1807 init.
913 1787 945 1814 p.
967 1787 1033 1813 153.
1058 1778 1090 1808 F.
1110 1783 1151 1806 ex
1172 1776 1351 1806 Aristotele.
1368 1789 1405 1798 —-
1422 1776 1459 1804 de

346 1837 456 1866 Music.
475 1845 543 1872 cap.
570 1839 616 1866 16.
638 1845 668 1871 p.
698 1839 784 1870 1135.
809 1836 850 1864 D.
871 1849 910 1860 -.-
944 1836 1020 1865 Plat.
1050 1834 1152 1864 Alcib.
1175 1835 1203 1863 1.
1235 1842 1300 1869 cap.
1324 1843 1370 1872 14.
1391 1832 1461 1862 init.

346 1903 377 1930 p.
401 1898 466 1924 118.
486 1894 588 1929 steph.
612 1893 664 1922 ubi
681 1894 783 1922 Schol.
803 1910 845 1917 -
865 1894 983 1927 Protag.
1005 1900 1074 1931 cap.
1095 1895 1123 1921 8.
1143 1900 1175 1927 p.
1200 1892 1268 1925 316.
1300 1891 1338 1920 E.

384 1949 436 1987 (2)
457 1952 535 1980 Plut.
557 1950 635 1980 Cim.
650 1958 717 1985 cap.
731 1960 777 1980 12·
789 1958 822 1984 p,
833 1951 902 1986 486.
921 1951 956 1978 C.
968 1963 1003 1972 -
1014 1950 1107 1977 Thuc.
1119 1949 1146 1976 1.
1156 1956 1222 1983 cap.
1233 1956 1299 1978 100.
1311 1961 1349 1968 —
1366 1945 1463 1976 Diod.
1515 1952 1518 1994 J

349 2007 409 2037 sic.
435 2008 487 2038 XI.
504 2015 570 2043 cap.
588 2008 637 2036 60.
660 2015 727 2042 sqq.
747 2008 872 2041 -Nep.
893 2006 949 2035 vit.
972 2005 1052 2034 Cim.
1064 2014 1131 2041 cap.
1147 2015 1176 2034 2.
1197 2004 1250 2040 qui
1267 2011 1367 2033 tamen
1385 2005 1462 2032 hanc
1515 2000 1517 2038 j

349 2073 479 2100 pugnam
499 2073 567 2093 cum
591 2064 754 2099 Xanthippi
771 2063 901 2092 victoria
921 2062 1092 2092 confundit.
1107 2061 1294 2091 —Frontim
1315 2061 1384 2090 Lib.
1408 2062 1462 2090 lv.
1514 2067 1517 2078 ³

353 2130 420 2157 cap.
432 2132 461 2157 7.
473 2130 599 2151 extr.—
608 2122 656 2150 De
666 2129 753 2159 pace,
766 2130 841 2156 quae
851 2121 962 2149 dicitur
977 2121 1133 2156 Cimonis,
1146 2120 1239 2149 conff.
1252 2127 1329 2155 quae
1338 2139 1349 2154 ,
1360 2125 1464 2148 contra
1514 2152 1516 2162 ,

353 2180 540 2209 Boeckhium
549 2188 579 2208 et
590 2180 776 2209 Heerenium
786 2200 796 2214 ,
806 2179 884 2207 dixit
904 2181 938 2208 C.
950 2180 992 2207 G.
1003 2180 1171 2213 Rruegerus
1183 2198 1192 2213 ,
1204 2177 1234 2205 in
1244 2176 1386 2206 Seebodii
1396 2177 1466 2204 Mu-
1514 2193 1515 2202 1

354 2236 663 2274 se00dictozArchiv
674 2238 725 2268 fiir
742 2236 911 2273 Philologie
929 2237 989 2266 und
999 2234 1218 2271 padagogik,1.
1235 2245 1261 2265 2.
1272 2243 1302 2270 p.
1321 2240 1465 2268 20508qq.
1513 2243 1515 2271 ,j
