1523 2745
356 173 1124 230 OBSERVATIONES.
1233 190 1300 226 181

187 281 417 322 assoeckhio
436 283 503 334 (ι)
515 285 714 324 affirmatur
726 313 739 333 ,
754 286 989 337 Thucydidis
1009 291 1157 330 verbis:
1172 294 1304 335 τέσσα-

186 367 236 402 ρσι
253 354 314 393 καὶ
341 354 429 403 δέκα(
451 355 513 400 ἔτη
536 356 712 403 ἐνέμειναν
735 359 774 397 αἱ
795 361 965 404 σπονδαί,
991 369 1027 398 et
1049 363 1204 412 πέμπτῳ
1239 365 1299 404 καὶ

190 423 329 472 δεκάτῳ
344 424 414 463 ἔτει
433 440 469 463 κ.
483 441 518 464 τ.
534 435 573 464 λ.
592 424 684 462 nihil
701 427 859 474 amplius
874 428 1027 468 indicari
1040 459 1053 478 ‚
1069 443 1177 479 quam
1197 444 1304 480 prae·

191 492 375 540 terlapsos
391 493 465 542 Jam
490 493 607 531 fuisse
631 497 909 542 quatuordecim
937 509 1054 538 annos
1070 529 1083 548 ,
1103 501 1304 541 decimum-

191 571 267 608 que
278 560 449 608 quintum
463 564 627 601 nondum
640 563 759 603 fuisse
780 566 926 606 finitum
941 596 954 616 ,
972 581 1122 619 magnae
1132 571 1172 609 id
1192 572 1303 611 dubi-

190 627 323 667 tationi
338 630 542 669 obnoxium
557 632 705 672 videtur
718 662 731 681 ‚
749 643 830 673 tum
852 637 902 674 ob
927 649 1107 679 consueta
1117 640 1187 679 ista
1209 642 1247 680 in
1264 655 1303 683 re

192 697 306 736 simili
329 701 428 748 apud
443 700 726 751 Thucydidem,
743 707 854 757 ὀλίγῳ
880 716 1028 756 πλεῖον,
1056 711 1115 749 vel
1142 712 1305 761 eJ‘usmo-

160 768 165 770 “
189 769 229 807 di
252 768 372 817 quid,
411 778 490 808 turn
522 773 626 818 quod
651 774 774 812 statim
807 775 876 814 1.1.
904 788 1082 827 sequatur
1111 783 1308 821 accuratis-

187 838 284 877 sima
319 841 499 888 temporis
532 842 698 881 definitio
715 872 727 891 2
756 856 777 883 e
797 845 952 885 diversis
982 848 1020 885 in
1040 849 1308 892 Graeciacom-

187 892 345 957 *nutandi
382 910 589 949 rationibus
626 913 847 954 constituta.
887 917 1019 965 Itaque
1032 919 1189 960 Euboea
1212 921 1309 960 intra

188 978 369 1027 perbreve
393 980 572 1029 temporis
589 982 749 1031 spatium
776 985 928 1024 subacta
957 997 1040 1037 est;
1069 1001 1150 1028 nam
1168 1019 1182 1038 ‚
1207 994 1309 1039 quod

187 1048 299 1086 ceteri
326 1050 442 1097 magis
466 1050 731 1099 subindicant,
759 1066 867 1101 quam
901 1057 1023 1095 dedita
1055 1070 1168 1107 opera
1204 1072 1306 1099 corn·

186 1125 425 1166 monstrant,
453 1119 490 1157 id
525 1120 662 1159 diserte
697 1131 853 1161 testatus
879 1134 936 1163 est
969 1127 1166 1166 Pausanias
1195 1130 1269 1180 (2)
1286 1160 1300 1178 ,

186 1187 340 1236 insuper
373 1189 599 1227 mentionem
633 1190 746 1229 facies
782 1194 978 1233 columnae
1009 1198 1228 1247 enjusdam,
1269 1201 1308 1238 in

185 1267 259 1304 qua
284 1256 445 1296 foederis
481 1259 723 1298 conditiones
759 1262 900 1301 fuerint
936 1265 1123 1315 scriptae3
1167 1270 1307 1318 quique

184 1325 225 1365 in
259 1337 357 1365 anno
389 1327 599 1366 definiendo
636 1330 778 1379 egregie
802 1333 998 1371 nobiscum
1027 1339 1219 1376 convenit.

237 1432 326 1472 Obs.
352 1433 475 1473 XXII.
502 1434 781 1474 Annumeratus
812 1446 870 1476 est
905 1438 977 1476 iste
1006 1440 1233 1491 Thucydides
1261 1445 1305 1483 ab

182 1501 390 1542 Aristotele
423 1503 546 1541 tribus
575 1504 648 1543 illis
684 1505 802 1552 viris,
846 1508 911 1556 qui
944 1497 1085 1558 ⁴optimi
1115 1514 1218 1552 cives
1246 1527 1309 1553 ex·

182 1573 372 1621 stiterint,
408 1573 682 1622 habuerintque
716 1581 894 1627 πατρικὴν
942 1580 1083 1622 εὔνοιαν
1127 1588 1210 1633 πρὸς
1249 1590 1310 1628 τὸν

179 1645 291 1693 δῆμον
323 1645 405 1694 (3).
469 1644 523 1682 Et
560 1644 762 1693 profecto,
820 1648 922 1693 quod
971 1661 1056 1705 cum
1088 1653 1228 1691 Pericle
1265 1657 1310 1694 de

181 1713 392 1762 principatu
402 1714 596 1752 certaverit
612 1742 625 1761 ‚
639 1714 687 1752 ob
715 1727 791 1752 eam
807 1715 1054 1771 potissimum
1073 1734 1220 1762 causam
1249 1724 1310 1763 fe-

182 1781 283 1821 cisse
334 1782 505 1831 videtur,
557 1785 661 1836 quod
708 1782 1037 1837 animadverteret,
1087 1792 1309 1841 liberrimam

179 1854 279 1892 illam
303 1851 572 1891 Democratiam
588 1881 602 1901 ‚
634 1865 654 1891 a
678 1853 815 1893 Pericle
834 1857 1087 1899 confirmatam
1103 1889 1117 1910 ‚
1148 1874 1237 1903 mox
1271 1866 1309 1905 in

1246 1945 1307 1985 ty-

177 2056 189 2062 ”
219 2055 414 2094 (o'Comm.
431 2057 470 2086 de
494 2055 665 2093 Antigona,
695 2055 813 2086 inserta
832 2043 1017 2090 Commentt.
1039 2049 1309 2097 Historico-Philo.
1360 2077 1365 2081 ·

182 2115 264 2149 logg.
289 2115 382 2144 Acad.
397 2115 475 2149 Reg.
497 2114 602 2143 nerol.
625 2122 693 2143 ann.
716 2117 802 2152 1824.
822 2124 854 2151 p.
874 2118 926 2152 46.
943 2115 994 2151 sq.
1051 2114 1054 2122 ⁴
1083 2113 1085 2117 ’

221 2170 278 2209 (2)
297 2171 365 2201 Lib.
381 2171 417 2201 V.
434 2179 502 2206 cap.
518 2178 570 2204 23·
592 2172 616 2208 §.
635 2179 669 2208 3.

196 2236 197 2239 ¹
217 2227 275 2265 ’(3)
290 2228 373 2257 ῬΙιιε.
394 2227 426 2257 in
438 2227 530 2257 Nicia
545 2226 614 2263 ‘cap-
629 2236 658 2258 2.
673 2236 704 2264 p.
715 2237 781 2264 524.
802 2229 844 2258 A.
