1523 2745
217 161 265 217 35
448 164 1124 206 COMMENTATIO

215 277 309 315 ravit
330 284 366 314 et
387 275 537 324 publice
559 276 774 324 designatus
801 275 876 325 (1)
903 287 1005 314 more
1027 276 1173 326 patrio,
1201 277 1340 317 oratio-

218 358 301 385 nem
327 345 456 384 habuit
480 344 672 385 funebrem
687 374 701 393 ,
732 347 808 394 qua
831 346 1057 395 praedicavit
1072 347 1337 394 „immortales

221 427 351 455 caesos
367 444 380 464 ‚
396 415 506 454 sicuti
519 418 621 454 Deos
636 443 649 463 ‚
666 428 763 464 quos
782 428 859 454 non
874 416 979 471 ipsos
997 416 1164 456 videmus
1178 446 1192 466 ‚
1213 419 1280 457 sed
1293 430 1340 458 ex

223 488 368 526 honore
380 515 391 534 ‚
410 497 486 534 quo
509 486 627 525 ornati
648 494 737 524 sunt
750 514 763 534 ‚
780 495 816 524 et
830 497 851 525 e
870 487 979 525 bonis
996 498 1113 536 ,quae
1138 488 1339 537 praebent,

224 557 450 595 immortales
482 568 564 595 esse
588 556 785 595 statuimus
801 557 844 595 :”
869 557 993 595 eadem
1016 561 1113 596 enim
1141 558 1214 597 dici
1227 570 1341 608 posse

227 628 273 666 de
296 627 340 665 iis
358 655 372 674 ,
388 627 452 676 qui
466 638 537 676 pro
559 627 676 675 patria
689 627 902 665 ceciderunt
916 627 1001 677 (ε).
1022 627 1248 667 Sententiam
1264 627 1345 668 for·

228 706 327 735 tasse
350 698 456 735 etiam
483 697 588 735 aliam
613 697 659 735 ad
690 698 840 736 eandem
864 697 957 735 hanc
983 698 1186 736 orationem
1208 698 1344 738 referre

231 768 318 806 licet
331 795 345 815 ‚
368 767 600 816 juventutem
615 766 759 805 scilicet
776 767 875 805 bello
899 768 1069 806 amissam
1092 768 1245 817 perinde
1255 768 1348 808 civi-

230 838 296 876 tati
321 846 479 886 ereptam
507 850 589 876 esse
605 865 617 884 ‚
645 849 689 876 ac
720 838 752 876 si
771 837 855 886 quis
874 849 940 876 ver
965 838 1248 877 annoadimeret
1259 838 1348 889 (3).’

229 909 441 947 Abeuntem
456 920 476 946 e
491 916 670 957 suggestu
690 919 818 946 ornnes
833 917 1020 946 matronae
1032 909 1230 948 laudarunt
1238 920 1350 947 coro-

232 979 366 1028 nisque
387 977 456 1028 (4)
471 986 506 1016 et
527 978 632 1017 vittis
647 987 826 1017 ornarunt
840 1006 853 1025 ‚
868 980 943 1017 una
962 979 1141 1028 Elpenice
1165 980 1321 1028 excepta
1333 1008 1349 1028 ‚

232 1060 328 1097 quae
341 1078 365 1098 ,‚
385 1060 513 1097 magna
536 1049 677 1087 scilicet
693 1077 706 1097 ‚
721 1049 871 1097 inquit,
887 1050 977 1087 haec
1001 1059 1090 1087 sunt
1113 1060 1137 1087 o
1158 1049 1318 1088 Pericles
1335 1049 1346 1087 Ξ

233 1128 270 1157 et
297 1119 448 1160 coronis
459 1119 596 1169 digna,
623 1119 692 1167 qui
718 1121 858 1157 multos
885 1127 923 1157 et
950 1119 1117 1167 egregios
1139 1118 1241 1157 cives
1267 1129 1352 1167 per-

232 1189 360 1228 didisti
380 1216 393 1236 ,
420 1200 497 1227 non
520 1189 770 1228 Phoenicibus
799 1200 897 1227 arma
919 1188 1105 1237 inferens,
1119 1200 1243 1237 neque
1262 1190 1349 1229 Per·

231 1259 307 1306 sis,
336 1259 449 1297 sicuti
474 1270 579 1298 meus
617 1260 782 1306 Cimon,
824 1259 890 1298 sed
921 1259 1050 1296 urbem
1082 1267 1247 1298 evertent
1286 1270 1353 1298 so·

232 1330 324 1366 ciam
339 1337 377 1366 et
399 1328 608 1366 communis
623 1328 778 1376 originis
796 1327 835 1365 !”
849 1328 925 1368 Cui
949 1329 1107 1367 Pericles
1137 1329 1231 1367 nihil
1251 1329 1352 1368 aliud

232 1398 454 1447 respondit,
490 1409 598 1446 quam
624 1398 724 1436 hunc
751 1397 971 1438 Archilochi
994 1409 1171 1438 versum:

430 1471 492 1510 οὐκ
517 1469 561 1510 ἄν
586 1470 722 1519 μύροισι
748 1473 862 1519 γροιῦς
889 1469 982 1510 gova-⁹
1008 1471 1155 1519 ἠλείφεο
1181 1470 1227 1520 (5
1237 1469 1273 1519 ).

1275 1541 1352 1579 uod

270 1602 323 1641 (1)
344 1603 440 1632 Thuc.
458 1602 497 1633 11.
527 1612 575 1640 34.
603 1602 690 1632 Plato
718 1602 749 1632 in
775 1604 903 1633 Menex.
921 1611 955 1640 p.
976 1612 1045 1642 234.
1066 1604 1102 1633 Β.
1133 1539 1293 1634 Βεηιοὲι.
1317 1612 1350 1640 p.

231 1660 348 1690 Coron.
365 1668 400 1696 p.
433 1669 501 1695 320.
524 1658 579 1689 fin.

269 1725 324 1763 (ο)
345 1727 426 1754 Plut.
448 1728 515 1755 Per.
538 1731 567 1756 8.
590 1727 615 1756 f.
636 1734 653 1754 e
678 1725 897 1761 Stesimbroto,
918 1724 971 1760 qui
995 1724 1116 1762 scripsit
1142 1725 1252 1755 librum
1273 1724 1357 1766 Περῑ

236 1785 515 1826 Θεμιστοκλέους
556 1788 614 1820 nai
652 1784 856 1820 Θουκυδίδου
896 1784 956 1819 aaa?
996 1784 1227 1828 Περικλέους,
1276 1798 1356 1822 teste

232 1848 390 1875 Athenaeo
412 1848 492 1876 XIII.
513 1855 545 1883 p.
569 1854 635 1884 589.
656 1848 696 1877 E.

269 1901 323 1940 (3)
343 1903 437 1932 Arist.
464 1904 559 1933 Rhet.
583 1904 636 1932 111.
662 1913 708 1933 10.

269 1959 323 1997 (4)
345 1961 413 1989 Huc
432 1961 561 1989 fortasse
578 1961 717 1996 respexit
736 1961 805 1990 Val.
821 1961 902 1989 Max.
916 1962 958 1991 ΙΙ.
978 1963 1012 1992 6.
1034 1969 1063 1995 s.
1086 1961 1224 1991 scribens
1244 1962 1356 1998 „duo-

232 2018 287 2046 bus
315 2018 382 2045 olae
400 2018 546 2047 connexis
571 2018 694 2046 ramulis
723 2020 835 2046 clarum
868 2018 1001 2047 cinctum
1029 2019 1123 2048 fuisse
1155 2019 1282 2050 Periclis
1308 2028 1358 2049 ca-

231 2073 323 2109 put.'’
363 2075 428 2110 Qun
445 2075 676 2110 opportunitate
695 2083 757 2103 non
774 2083 943 2111 memorat,
967 2077 1021 2105 sed
1042 2078 1189 2105 honorem
1204 2077 1240 2106 ab
1260 2078 1358 2106 Areo-

235 2138 311 2165 pago
338 2131 397 2167 ipsi
423 2132 577 2162 decretum
603 2140 668 2161 esse
696 2133 804 2161 referta
833 2134 916 2168 quod
941 2141 1043 2162 tamen·
1061 2133 1181 2162 aliunde
1203 2142 1264 2162 non
1285 2142 1358 2165 con-

233 2195 297 2217 stat¹
342 2191 423 2217 Idem
449 2197 552 2224 aperte
581 2198 678 2226 errat,
699 2190 752 2220 ubi
776 2193 856 2220 hunc
881 2193 1028 2220 honorem
1061 2192 1092 2221 in
1117 2192 1264 2222 Periclem
1294 2193 1358 2230 pri·

238 2255 318 2275 mum
342 2248 485 2276 collatum
505 2247 598 2276 fuisse
623 2255 729 2284 putat,
749 2248 810 2277 vid.
833 2248 951 2278 Aelian.
971 2247 1009 2278 V.
1032 2249 1074 2278 H.
1097 2249 1134 2279 V.
1157 2256 1204 2286 19.

272 2301 324 2339 (5)
350 2303 427 2334 Loci
450 2311 569 2332 sensum
591 2305 687 2340 aperit
714 2306 921 2342 Schaefferus,
944 2305 973 2334 in
992 2307 1092 2337 adnot..
