1502 2767
400 147 993 194 THEOLOGICA
1202 165 1246 205 ff

634 288 733 338 §3-

188 429 461 479 Argumentum
481 433 682 473 secundum
700 463 713 483 ,
742 447 819 484 quo
831 435 1012 485 probatur
1033 436 1194 486 Principi

210 507 249 538 et
273 499 392 540 cuivis
413 501 554 541 homini
581 504 797 544 Christiano
821 507 961 545 licitum
981 519 1063 547 esse
1089 508 1168 548 bel-

233 569 312 609 lum
354 583 500 621 gerere,
531 575 671 622 petitur
693 589 739 615 cx
765 578 960 628 officiorum
990 578 1139 627 indole,

259 653 356 691 quae
394 644 546 694 utrique
587 657 679 695 erga
723 649 928 686 societatem
970 649 1113 689 civilem

435 715 666 765 praestanda
688 717 920 757 incumbunt.

181 861 382 910 Superiore
414 864 643 913 paragrapho
678 865 948 915 probavimus,
975 865 1236 917 gravissimum

131 929 322 969 civitatum
350 932 551 971 consilium
573 933 666 972 effici
695 946 772 973 non
786 947 900 984 posse
919 965 933 985 ,
948 937 1022 975 nisi
1046 939 1139 976 alios
1164 951 1236 988 po-

129 1002 270 1049 pulos,
302 1001 470 1050 justitiae
507 1011 544 1040 et
578 1003 775 1052 aequitatis
808 1006 909 1054 leges
938 1007 1135 1055 migrantes
1170 1021 1235 1058 pa-

126 1068 291 1117 triaeque
309 1071 393 1119 J'ura
418 1071 599 1111 violantes
614 1086 751 1121 ‚quam
777 1075 967 1115 lenissima
993 1087 1105 1126 atque
1126 1079 1235 1118 inno-

129 1139 343 1179 centissima
382 1142 536 1189 quadam
580 1144 799 1197 necessitate
840 1157 973 1195 cogere
1020 1150 1150 1198 (quale
1187 1162 1233 1188 ex

128 1210 286 1249 Ethices
335 1210 569 1250 Christianae
623 1213 792 1253 doctrina
847 1216 1023 1255 habemus
1071 1218 1233 1269 bellum)

123 1280 231 1318 liceat
247 1308 261 1326 .,
289 1289 332 1319 ut
363 1283 485 1320 eadem
509 1294 724 1332 agnoscant.

173 1350 361 1389 Universe
402 1353 490 1390 haec
520 1353 704 1402 disputata
745 1355 841 1394 viam
881 1358 991 1396 nobis
1022 1367 1193 1399 sternunt
1213 1389 1227 1408 ‚

127 1420 203 1468 qua
221 1420 293 1469 jam
309 1421 424 1468 magis
450 1422 659 1471 singulatim
676 1434 711 1463 et
732 1426 903 1479 Principi
917 1438 952 1466 et
965 1430 1081 1468 cuivis
1092 1431 1230 1469 homini

119 1489 334 1529 Christiano
370 1491 508 1530 bellum
545 1504 669 1542 gerere
704 1495 844 1534 licitum
873 1509 955 1535 esse
996 1499 1228 1538 demonstre-

103 1556 222 1598 mus.

170 1629 286 1679 Quod
312 1641 388 1678 quo
416 1630 551 1671 clarius
580 1632 815 1684 evincamus,
852 1635 1009 1685 singulis
1046 1645 1141 1686 quae
1168 1638 1223 1677 in-

117 1698 323 1747 cumbunt,
385 1699 590 1741 officiorum
639 1703 783 1743 indoles
831 1706 1094 1745 consideranda
1135 1709 1221 1747 erit.

114 1769 263 1818 Quare:

134 1848 135 1852 ’
170 1839 232 1886 1.)
258 1850 304 1878 ex
325 1839 449 1879 indole
473 1841 675 1881 officiorum
693 1871 707 1890 ‚
738 1855 831 1891 quae
858 1844 1019 1893 principi
1038 1845 1222 1884 Christia-
1279 1858 1281 1860 ·

118 1918 169 1948 no
194 1910 441 1958 incumbunt,
457 1912 543 1950 huic
567 1913 708 1951 licitum
735 1926 816 1952 esse
845 1914 982 1952 bellum
1010 1926 1158 1964 gerere;
1183 1922 1221 1954 et'

175 1978 243 2030 α.)
270 1980 401 2019 deinde
422 1982 546 2019 efidem
573 1983 740 2031 ratione,
764 1996 784 2021 e
805 1984 877 2023 civi
911 1985 1125 2024 Christiano
1141 1987 1221 2023 cui-

117 2048 176 2086 vis
202 2049 462 2098 impositorum
480 2050 694 2091 ‘officiorum
720 2053 869 2102 indole,
897 2054 968 2111 ipsi
999 2055 1091 2093 idem
1131 2067 1219 2093 con·

120 2117 223 2166 cedi,
248 2120 440 2159 ostendere
462 2120 693 2160 conabimur.

605 2279 639 2315 D
667 2291 687 2314 2
1106 2282 1218 2318 Prin-
