1502 2767
380 203 968 257 THEOLoorcA.
1160 217 1228 267 125

119 321 210 368 tali,
247 332 267 359 a
300 332 376 369 quo
404 334 446 360 se
477 324 635 372 pendere
666 324 850 372 sentiant,
896 325 999 374 quod
1023 325 1118 364 idem
1148 338 1227 366 om-

118 390 274 430 niscium
313 401 349 429 et
383 391 550 432 futurum
572 395 715 442 Justuni
740 395 900 444 iudicem
928 407 1141 444 agnoscant.
1169 419 1232 429 -υ

117 459 171 498 Νἰ
208 461 279 498 tale
314 461 404 509 quid
434 463 659 511 reperiatur,
689 476 747 503 me
783 465 829 503 de
861 466 1080 516 hominum,
1119 470 1223 516 quod

116 530 162 568 ad
197 530 333 569 bellum
373 534 575 580 gerundum
615 533 772 581 attinet,
800 535 1060 575 sententiarum
1099 548 1222 576 ernen-

115 599 263 639 datione
302 602 494 651 desperare
538 602 670 642 fateor.
736 604 823 643 Una
861 616 951 643 vero
994 615 1074 654 est,
1126 618 1219 654 quae

116 670 260 708 cunctis
295 671 398 710 hisce
438 672 676 720 satisfaciat,
728 674 933 724 Religionis
981 675 1221 716 Christianae

115 739 288 779 doctrina
316 741 403 791 (1).

165 809 267 849 Haec
315 811 443 858 enim,
497 819 539 849 ut
585 806 715 851 deinde
763 814 987 853 luculentius
1009 816 1176 864 »patebit
1203 838 1219 861 ‚-

114 889 187 918 una
219 880 257 918 id
291 881 392 929 agit,
420 889 462 919 ut
497 882 632 920 talibus
675 882 844 922 homines
886 883 1099 924 imbuantur
1136 898 1221 925 sen·

55 940 59 941 ⁷
116 949 271 997 tentiis,
308 950 412 998 iique
449 951 507 996 his
556 950 659 988 ducti
701 951 785 990 talia
823 953 1075 1001 constituant,
1122 967 1218 1001 quae

111 1029 189 1056 non
223 1028 384 1068 possunt
409 1030 485 1057 non
510 1020 704 1057 hominum
738 1021 938 1060 sententias
961 1023 1005 1060 de
1027 1023 1127 1062 bello
1158 1036 1219 1074 gea

112 1088 231 1127 rundo
267 1100 374 1137 quam
409 1089 563 1128 maxime
597 1092 788 1129 emendare
813 1093 896 1141 (2).

158 1159 213 1198 Ut
240 1167 361 1197 autem
394 1168 587 1208 appareat,
625 1169 855 1210 quantopere
880 1162 1087 1212 Religionis
1116 1165 1212 1204 Chr.

108 1228 274 1268 doctrina
307 1241 350 1267 eo
377 1231 521 1278 valeat,
557 1239 641 1269 ante
669 1232 892 1281 videndum,
930 1226 997 1281 qui
1025 1236 1125 1283 apud
1151 1247 1218 1273 ve·

107 1308 203 1337 teres
239 1299 360 1338 omnia
394 1311 439 1338 eo
482 1301 695 1348 tenderent,
749 1312 791 1341 ut
822 1300 997 1343 'homines
1031 1306 1121 1344 tales
1155 1304 1218 1344 fo-

109 1377 237 1407 verent
263 1371 486 1417 sententias,
527 1371 664 1419 quibus
698 1383 776 1411 non
810 1383 980 1422 poterant
1008 1387 1085 1414 non
1119 1376 1214 1416 bella

108 1437 258 1477 excitari
292 1447 328 1477 et
354 1440 585 1478 atrocissime
613 1441 705 1490 geri.

145 1577 197 1616 (ι)
218 1580 313 1615 Legg.
339 1566 593 1618 Laetantius,
613 1581 725 1613 Βίνῑη.
746 1584 881 1618 Imm„
901 1585 984 1614 Libr.
996 1584 1051 1615 111.
1072 1586 1212 1622 sapam

110 1637 301 1674 Porteus,
329 1638 375 1666 De
392 1639 555 1675 gelukkigo
585 1640 802 1668 uitwerkselen
831 1651 890 1670 van
910 1642 962 1669 het
982 1643 1215 1678 Clzristendom,

109 1701 176 1729 pag·
196 1691 244 1729 76.
262 1696 288 1732 J.
307 1695 349 1723 A·
371 1696 410 1725 Η.
430 1695 629 1733 Tittman,
650 1699 732 1726 Over
749 1698 806 1725 den
826 1699 950 1728 inyloed
964 1699 1092 1727 van‘het
1111 1700 1216 1728 Chris·

110 1748 226 1779 tendam
259 1759 292 1788 op
325 1752 360 1780 de
395 1753 613 1790 ontm'kkeling
647 1764 706 1784 van
738 1755 790 1782 het
824 1757 1020 1790 mensctmlijk
1055 1757 1215 1794 geslacht,

108 1816 141 1843 p.
160 1815 210 1844 99.
233 1810 312 1837 Van
330 1810 521 1846 Kampen,
541 1810 572 1839 in
591 1811 712 1840 Comm.
732 1814 800 1841 So'c.
817 1813 983 1847 Tey1e1·‚
1006 1813 1220 1844 Tom.xxlva

107 1873 174 1900 pag.
201 1869 269 1900 388.
307 1866 371 1901 Ipsi
394 1867 565 1902 Religionis
594 1868 779 1897 Christianae
801 1869 966 1897 adversarii
1000 1870 1058 1897 hoc
1083 1870 1220 1904 professi

104 1930 184 1952 sunt.
223 1925 288 1953 Cfr.
309 1922 578 1961 Roussavius‚
604 1926 727 1961 EmiIe,
749 1927 838 1955 Torn.
862 1928 924 1956 111.
947 1935 1012 1962 pag.
1036 1935 1101 1960 132.

146 1981 198 2020 (2)
219 1983 284 2012 efr.
303 1991 378 2019 quae
404 1983 550 2012 habentur
571 1983 602 2011 in
628 1983 753 2013 mario:
792 1982 1105 2021 Luter'oefeningen,
1134 1988 1218 2012 meni

112 2031 152 2069 eis
182 2037 344 2071 Decembr.
371 2044 456 2076 1853-
