1477 2725
235 164 307 203 150
383 155 640 196 COMM.
692 152 1214 198 LITERARIA.

233 265 380 303 videtur
404 265 526 312 ratio,
567 276 642 313 qua
684 264 897 312 Kruegerus
934 265 1040 313 hancg
1067 267 1360 306 controversiam

236 333 405 372 dirimere
429 344 585 373 conatus
615 343 687 374 est.
728 335 889 374 Constat
915 336 1010 376 enim
1029 364 1041 384 ‚
1069 338 1226 377 docente
1250 339 1362 377 Wes-

237 404 394 451 selingio
421 405 445 455 ζ
453 405 494 454 1)
515 433 528 453 ,
563 404 772 443 Diodorum
798 406 996 454 aliquoties
1024 407 1178 446 ultimos
1205 407 1361 458 alicujus

240 473 312 512 viri
347 486 483 522 casus,
532 475 569 512 in
591 475 694 512 illum
731 487 866 513 annum
904 477 1105 526 rejecisse,
1162 488 1239 524 quo
1280 477 1361 526 ejus

241 553 341 580 mors
367 552 443 581 erat
461 545 661 592 narranda,
703 546 805 592 quod
836 555 871 582 et
897 545 937 583 in
976 546 1245 584 Themistoclis
1280 546 1361 586 his-

240 612 336 650 toria
348 613 617 652 observandum
646 624 728 652 esse
753 623 896 662 putem.
927 615 1098 663 Etenim,
1127 625 1169 654 ut
1190 616 1360 664 mittam,

239 691 334 727 quae
367 682 414 720 de
451 681 720 721 Themistoclis
749 680 914 722 extremo
937 685 1067 723 aetatis
1097 696 1193 723 anno
1220 697 1361 724 memo-

238 759 392 799 rantur3
411 761 566 790 mortem
579 754 702 801 ipsum
719 754 794 792 sibi
811 755 1041 793 conscivisse
1054 755 1217 804 ,quippe
1228 755 1363 794 intelli-

240 829 412 869 gentem,
441 824 696 862 crescentibus
717 824 946 864 Graecorum
982 825 1126 864 viribus
1154 837 1196 863 ac
1226 825 1360 864 Cimo-

234 890 293 928 nis
315 890 483 931 felicitati
506 904 588 932 sese
624 894 799 942 imparem
832 894 1001 934 futurum
1036 895 1129 947 (2),
1147 886 1193 946 (e
1221 907 1294 944 qua
1319 907 1359 934 re

234 961 367 1009 aliquis
403 964 588 1013 conjicere
621 965 775 1013 possit,
803 965 907 1003 illum
942 965 1047 1005 brevi
1082 975 1165 1004 ante
1194 976 1357 1014 pugnam

237 1031 284 1068 ad
318 1032 639 1082 Eurymedontem
680 1047 762 1072 sese
791 1035 1068 1085 interfecisse);
1098 1036 1278 1085 imprimis
1304 1046 1361 1073 ra·

232 1099 287 1138 tio
319 1100 485 1140 habenda
518 1112 574 1141 est
610 1105 845 1152 occasionis,
887 1117 959 1152 qua
997 1105 1273 1142 Themistocles
1311 1105 1357 1142 ad

230 1171 360 1209 Persas
405 1171 558 1220 fugerit.
639 1173 736 1223 Quis
778 1173 872 1211 enim
911 1175 1033 1211 credat
1062 1174 1355 1223 Themistoclem

231 1249 302 1279 tam
348 1241 412 1279 diu
460 1250 548 1289 post
597 1242 796 1279 Pausaniae
831 1253 957 1279 necem
996 1254 1016 1279 a
1051 1240 1354 1279 Lacedaemoniis

230 1311 276 1348 ad
307 1321 447 1358 poenas
483 1311 616 1349 dandas
666 1311 866 1360 repetitum
906 1310 1054 1358 fuisse,
1115 1322 1229 1358 quum
1273 1319 1355 1348 tan-

229 1391 339 1427 quam
374 1380 517 1418 Laconi
558 1382 785 1429 proditionis
822 1380 944 1419 socius
980 1389 1172 1420 accusatus
1220 1381 1351 1419 esset?

226 1449 407 1497 Superest
447 1459 568 1488 tamen
613 1451 807 1489 difficultas
840 1451 990 1500 aliqua,
1047 1462 1158 1499 quam
1201 1462 1222 1489 a
1263 1451 1346 1489 viro

227 1518 474 1567 doctissimo,
519 1521 627 1570 cujus
677 1521 894 1559 sententiam
935 1521 996 1559 hic
1036 1520 1223 1568 exhibui,
1271 1531 1349 1558 non

226 1588 317 1627 satis
357 1589 566 1636 explicitam
595 1590 736 1638 fuisse,
776 1602 893 1639 paene
939 1591 1109 1630 dixerim.
1185 1591 1349 1639 Oportet

227 1658 352 1705 enim,
389 1666 432 1696 ut
470 1660 550 1707 eJ'us
591 1660 773 1698 sententia
811 1662 930 1699 valere
956 1662 1094 1709 possit,
1149 1661 1188 1699 in
1219 1672 1340 1706 anno,

224 1739 302 1774 quo
325 1729 464 1767 Xerxes
493 1739 663 1768 mortuus
687 1731 760 1778 sit,
781 1731 992 1769 definiendo
1008 1760 1021 1779 ,
1045 1732 1166 1770 denuo
1189 1732 1235 1770 ab
1260 1743 1345 1774 auc·

224 1797 373 1836 toritate
421 1797 582 1837 Diodori
618 1800 803 1838 reflectere
831 1829 845 1849 ,
901 1802 968 1848 qui
1000 1802 1109 1840 tradit
1137 1830 1151 1850 ,
1198 1802 1341 1850 Regem

221 1878 319 1905 anno
348 1879 481 1916 quarto
508 1869 663 1918 Olymp.
692 1870 904 1913 LXXVIII.
928 1871 1022 1909 diem
1045 1872 1186 1910 obiisse
1209 1883 1340 1920 supre-

222 1949 320 1975 mum
343 1939 426 1986 (3).
453 1940 667 1988 Kruegerus
679 1942 809 1979 statuit
824 1942 1066 1989 ,Pausaniam
1091 1942 1219 1980 eodem
1239 1952 1337 1980 anno

1242 2010 1337 2049 fuis-

252 2070 305 2107 (ι)
327 2071 387 2099 Ad.
412 2072 505 2101 Diod.
521 2072 574 2102 XI.
595 2081 661 2108 cap.
689 2082 740 2111 42.
761 2075 843 2103 Idem
860 2074 969 2104 accidit
994 2083 1061 2110 cap.
1083 2083 1131 2110 70·
1152 2082 1183 2104 et
1200 2075 1334 2112 saepius.

250 2127 303 2164 (a)
323 2130 401 2159 Plut.
431 2129 461 2157 in
486 2131 592 2159 Them.
624 2139 692 2166 cap.
709 2140 756 2166 31.
783 2140 816 2166 p.
845 2139 907 2166 127.
928 2133 961 2161 F.
983 2144 1029 2156 --
1047 2132 1125 2161 Cim.
1142 2139 1208 2168 cap.
1230 2137 1278 2163 18.
1299 2141 1333 2168 p.

212 2194 280 2221 490.
299 2186 336 2214 Ε.
352 2200 388 2208 -
406 2187 500 2215 Thuc.
512 2188 538 2215 Ι.
553 2190 660 2222 138···-
673 2189 724 2218 ef.
743 2190 844 2219 schol.
869 2191 905 2218 ad
920 2189 1077 2226 Aristoph.
1094 2191 1209 2226 Equitt.
1221 2199 1268 2221 vs,
1286 2195 1339 2236 84¹

250 2241 302 2279 (3)
322 2243 414 2272 Diod.
435 2244 493 2273 Sic.
509 2245 559 2274 Xi-
580 2247 629 2282 69⁴
