1523 2745
349 159 1110 216 OBSERVATlonsss
1219 177 1292 221 ιω

179 297 290 336 quam
319 287 499 327 rationem
536 295 572 325 et
608 286 905 335 Barthelemymn
936 286 1006 334 (1)
1033 292 1202 321 secutum
1237 295 1296 321 es-

177 368 221 396 se
254 358 365 406 dicit3
405 357 635 406 posteriores
670 365 791 394 autem
828 356 932 393 illum
969 356 1075 396 νότιον
1111 353 1292 401 appellas-

176 440 242 475 se,
294 429 361 477 qui
390 440 409 466 a
444 428 592 467 Piraeeo
635 439 701 476 per
736 425 983 474 Munychiam
1020 425 1064 462 ad
1098 425 1291 461 Phalerum

177 499 407 548 pertineret3
438 509 592 546 eamque
622 497 802 535 rationem
825 497 961 534 diserte
983 494 1148 533 Platonis
1176 495 1295 531 Scho-

175 570 309 608 liasten
326 597 339 617 ,
366 568 565 606 obscurius
594 567 928 616 Harpocrationem
964 574 1114 602 secutos
1143 575 1241 601 esse.

227 639 537 677 Hemsterhusius
566 639 633 685 (2)
660 647 780 675 autem
800 665 812 684 ‚
840 645 951 684 atque
979 648 998 673 e
1024 634 1294 672 recentioribus

175 709 376 748 Goellerus
409 708 509 759 (3),
550 709 835 755 Muellerusque
877 705 945 754 (4)
984 713 1179 751 statuunt,
1219 714 1294 742 tres

175 778 297 817 fuisse
308 780 443 828 longos
466 790 620 827 muros3
650 790 810 826 quorum
839 776 971 826 opinio
995 775 1297 814 mihiverisimil-

177 850 262 887 lima
286 849 461 896 videtur,
489 850 602 896 idque
626 849 675 886 ob
701 838 828 886 causas
855 860 942 885 mox
966 846 1184 885 afferendas.
1231 846 1297 885 Ci-

178 927 300 957 temus
336 927 458 957 autern
492 919 597 967 prius
635 920 759 957 locum
796 930 815 956 e
852 917 1104 968 Thucydide,
1145 916 1211 965 qui
1237 916 1295 953 hic

178 989 374 1029 Classicus
416 989 542 1028 haberi
581 990 691 1027 debet
717 988 800 1037 (5).
854 988 910 1024 lbi
949 988 1133 1034 legimus:
1162 991 1223 1027 τοῦ
1256 1004 1298 1028 τε

177 1063 252 1110 γὰρ
281 1065 479 1110 Φαληρικοῦ
511 1063 654 1110 τείχους
681 1061 816 1100 στάδιοι
849 1058 938 1104 ἦσαν
971 1061 1078 1099 πέντε
1112 1060 1172 1098 καὶ
1200 1059 1299 1107 τρια-

177 1145 289 1170 κοντα
323 1133 407 1180 πρὸς
438 1133 498 1171 τὸν
531 1132 660 1170 κύκλον
698 1134 759 1170 τοῦ
796 1130 951 1173 ἄστεος,
994 1130 1053 1168 καὶ
1090 1132 1200 1168 αὐτοῦ
1236 1132 1298 1168 τοῦ

177 1200 310 1240 κύκλου
333 1201 373 1239 τὸ
395 1200 670 1248 φυλασσόμενον
696 1205 788 1248 τρεῖς
823 1200 881 1238 καὶ
906 1200 1193 1247 τεσσαράκοντα·
1223 1200 1298 1239 ἔστι

177 1270 215 1309 δὲ
241 1271 351 1308 αὐτοῦ
372 1266 388 1308 ὃ
414 1271 474 1308 καὶ
514 1271 729 1318 ἀφύλακτον
758 1267 819 1313 ἧν,
845 1271 885 1308 τὸ
911 1270 1052 1316 μεταξὺ
1080 1272 1141 1307 τοῦ
1164 1284 1206 1307 τε
1228 1285 1302 1317 μα·

178 1342 258 1387 κροῦ
286 1339 347 1377 καὶ
381 1342 442 1378 τοῦ
477 1341 691 1387 Φαληρικοῦ·
719 1340 768 1378 τα
798 1340 834 1378 δὲ
855 1340 979 1386 μακροὶ
1003 1339 1111 1386 τείχη
1134 1340 1217 1386 πρὸς
1239 1339 1299 1378 τὸν

177 1415 329 1458 Πειραῖα
349 1409 618 1457 τεσσαράκοντα
644 1410 815 1452 σταδίων,
841 1408 884 1448 ὧν
911 1410 950 1447 τὸ
976 1409 1099 1454 ἔξωθεν
1126 1409 1297 1456 ἐτηρεῖτο“

177 1480 237 1518 καὶ
261 1483 323 1519 τοῦ
353 1484 521 1527 Πειραιῶς
546 1480 608 1526 ξὺν
628 1480 821 1527 Μουνυχίᾳ
850 1480 1020 1524 ἑξήκοντα
1051 1480 1116 1525 μὲν
1143 1480 1295 1517 σταδίων

176 1547 316 1593 ὗὸέπας
349 1550 559 1597 περίβολος,
600 1550 640 1588 τὸ
680 1550 715 1587 δὲ
755 1550 790 1588 ἐν
832 1553 982 1596 Φυλακῇ
1014 1547 1047 1587 ἓν
1074 1548 1181 1596 ἥμισυ
1217 1549 1297 1587 τού·

176 1633 254 1658 του.
319 1616 483 1656 Leakius
515 1617 923 1666 dicit‚·Thucydidem
959 1618 999 1655 h.
1039 1619 1066 1656 l.
1110 1619 1297 1666 negligen-

179 1687 208 1725 ti
256 1695 294 1725 et
338 1686 575 1725 subobscuro
638 1687 783 1726 dicendi
845 1699 976 1736 genere
1023 1700 1130 1725 usum
1185 1700 1293 1726 esse:

179 1768 252 1806 qua
289 1758 328 1795 in
357 1768 397 1795 re
430 1769 519 1805 eos,
558 1758 623 1805 qui
662 1766 863 1796 accuratam
907 1767 1118 1805 temporum
1155 1770 1294 1795 rerum-

179 1839 252 1877 que
286 1829 542 1875 notationem‚
578 1841 650 1877 qua
685 1828 928 1877 Thucydides
967 1829 1140 1875 excellit,
1167 1828 1297 1877 cogni-

178 1906 251 1936 tam
289 1899 455 1948 habent,
494 1899 731 1938 vehementer
768 1899 1030 1937 dissentientes
1072 1901 1297 1947 experietur„

1191 1970 1295 2008 Con-

219 2038 272 2077 (1)
294 2040 407 2070 Tabula
433 2041 609 2075 Geograph.
639 2041 694 2068 IV.
722 2048 788 2075 cap.
814 2043 843 2070 6.

216 2097 269 2136 (2)
288 2099 427 2134 Aneedd.
451 2099 625 2126 Hemsterh.
656 2098 704 2127 ed.
729 2099 755 2134 J.
782 2098 880 2133 Geel,
902 2099 941 2127 L.
963 2100 995 2126 B.
1014 2102 1098 2130 1825·
1120 2105 1151 2131 Ρ.
1169 2104 1234 2131 233.
1253 2105 1298 2132 sq.

217 2157 270 2193 (3)
291 2156 324 2183 In
342 2156 502 2184 summario
521 2155 588 2183 Lib.
607 2156 643 2183 ΙΙ.
666 2156 765 2185 Thuc.
784 2156 833 2184 ed.
849 2163 919 2183 suae
942 2155 1030 2183 Tom.
1050 2155 1076 2183 1.
1099 2162 1131 2189 p.
1146 2162 1212 2190 219.
1233 2162 1299 2188 sqq.

217 2210 271 2251 (4)
290 2212 452 2242 Animadv.
476 2214 511 2242 ad
530 2211 741 2242 Germanicam
765 2211 939 2241 versionem
967 2211 1069 2248 operis
1095 2210 1237 2240 Lcakiani
1264 2204 1296 2245 ᾖ).

179 2275 248 2311 467.
276 2277 345 2306 sqq.

220 2329 273 2367 (5)
293 2329 390 2357 Thuc.
414 2329 453 2357 11.
482 2336 524 2362 13.
