1502 2767
209 203 280 231 100
429 181 1092 227 COMMENTATIO

204 294 392 348 eruitur,
421 306 529 336 caute
570 294 939 343 circumspiciendum
982 301 1064 338 est,
1103 302 1180 339 quo
1220 299 1312 328 tem·

206 382 324 419 pore,
373 369 457 405 loco
495 375 532 404 et
573 365 712 412 quibus
750 363 962 401 hominibus
999 370 1192 410 praecepta
1227 361 1310 398 data

206 441 310 484 sint:
341 447 378 475 et
394 464 406 484 .,
434 445 577 484 praeter
601 435 671 472 alia
686 461 699 481 ,
715 432 871 471 maxime
889 433 933 470 ad
954 430 1128 469 dictionis
1153 427 1310 467 formam

204 509 465 548 attendendum
505 513 589 552 est,
618 513 683 550 ut,
722 502 824 540 omni
860 499 1085 551 proverbiali
1126 498 1308 547 loquendi

204 579 345 618 ratione
371 576 508 622 missa,
538 573 650 622 quid,
678 573 750 609 hoe
777 571 972 609 involucro
1008 570 1161 617 demto,
1194 568 1308 607 verba

205 648 438 698 significent,
487 644 578 693 quid
617 643 766 690 minus,
803 640 1045 689 disquiratur.
1110 639 1235 689 Quare
1274 646 1312 678 et

204 730 297 764 nor»,
339 718 385 755 de
410 724 580 763 tempore
617 722 654 751 et
682 712 904 758 occasione,
945 721 1019 757 qua
1038 709 1150 758 Jesus
1183 710 1312 756 hunc,

205 798 347 827 summa
374 784 585 832 eloquentia
605 782 874 831 conspicuum,
890 790 1095 817 sermonem
1119 777 1313 823 habuerit,

205 870 322 908 pauca
361 855 538 906 praefati,
590 853 682 902 quid
713 851 938 892 Christianis
973 849 1096 888 omnis
1136 848 1217 887 aevi
1255 847 1315 886 his

206 914 453 967 commatibus
478 923 732 974 praecipiatur
749 949 761 969 ,
787 923 873 960 data
902 917 1017 968 opera
1040 918 1286 968 inquiremus.

259 997 436 1046 Optimus
471 1003 599 1032 noster
634 992 842 1041 Magister,
880 1002 947 1039 per
977 974 1113 1028 annum
1145 998 1183 1027 et
1216 989 1318 1038 quod

209 1067 395 1113 excurrit,
431 1063 597 1103 doctoris
631 1073 783 1099 munere
816 1060 996 1106 functus,
1033 1059 1217 1097 miraculis
1253 1071 1318 1108 pa·

209 1137 349 1175 trandis
365 1144 401 1173 et
418 1133 570 1173 sublimi
590 1142 751 1180 vereque
771 1131 899 1168 divina
926 1128 1096 1168 doctrina
1119 1129 1316 1176 tradenda,

211 1208 348 1245 multos
381 1204 453 1242 sibi
482 1202 742 1241 conciliaverat
770 1200 992 1248 discipulos.
1044 1189 1256 1249 Ex'Judaea
1278 1199 1318 1237 in

212 1275 415 1315 Galilaeam
452 1274 552 1321 (quo
581 1270 718 1317 multi,
743 1270 872 1318 Jesum
897 1269 1104 1306 Messianas
1127 1277 1322 1316 exspecta-

210 1346 331 1383 tiones
357 1344 591 1392 expleturum
622 1339 843 1389 opinantes,
870 1349 953 1376 eum
985 1337 1106 1375 visum
1129 1338 1320 1376 confluxe·

211 1415 314 1464 rant)
352 1414 466 1451 redux
483 1440 496 1459 ‚
526 1409 767 1456 Orationem,
795 1419 890 1457 quae
914 1408 1093 1446 Montana
1119 1408 1233 1456 vulgo
1266 1408 1326 1447 di-

211 1485 331 1531 citur,
358 1482 504 1521 habuit.

263 1555 414 1602 Duplex
431 1552 546 1602 jesu,
569 1552 661 1590 hanc
676 1549 890 1590 Orationem
914 1548 1065 1587 habenti
1079 1575 1093 1596 ,
1118 1547 1193 1586 nisi
1219 1559 1320 1598 egre-

215 1624 273 1673 gie
308 1623 498 1670 fallimur,
527 1621 601 1659 fuit
629 1621 844 1659 consilium.
1257 1603 1265 1606 ³

270 1706 305 1733 1.
333 1693 388 1732 Ut
411 1703 497 1731 vere
519 1691 750 1740 spiritualem
778 1689 951 1738 regnisui
969 1717 982 1736 ‚
1011 1698 1194 1738 quatenus
1219 1690 1325 1729 Con-

217 1772 405 1809 servator,
419 1762 521 1800 cruci
536 1762 701 1800 nondum
718 1760 848 1799 affixus
862 1787 874 1806 ,
891 1759 1010 1797 facere
1035 1769 1181 1808 poterat
1195 1787 1208 1808 ,
1219 1760 1326 1798 indo-

214 1835 286 1871 lem
324 1840 577 1881 proponeret;
612 1840 652 1868 ut
683 1830 736 1867 sic
778 1830 997 1877 opiniones,
1024 1841 1115 1877 quas
1139 1830 1325 1868 auditores

215 1903 260 1940 de
287 1913 400 1951 regno
428 1900 619 1939 Messiano
645 1900 808 1937 terrestri
833 1909 1104 1947 conceperant,
1131 1901 1316 1947 aboleret;

220 1972 501 2011 Pharisaeorum
534 1969 745 2014 doctrinae,
792 1979 886 2015 quae
921 1969 1023 2006 omni
1051 1980 1155 2006 verae
1194 1969 1325 2007 virtuti

216 2043 367 2080 adversa
404 2049 509 2088 erat,
551 2051 655 2077 suam
696 2040 883 2087 puriorem
922 2047 1148 2087 opponeret3
1187 2041 1325 2077 calum·

219 2114 298 2151 nias
326 2110 506 2158 denique,
535 2121 628 2157 quae
656 2109 700 2146 de
726 2120 769 2146 eo
802 2108 1096 2156 spargebantur,
1125 2106 1324 2149 refelleret.

271 2195 308 2219 2.
336 2181 393 2219 Ut
417 2191 506 2218 suos
531 2179 720 2217 auditores
754 2188 790 2215 et
815 2178 969 2215 maxime
1001 2179 1232 2225 Apostolos,
1258 2177 1326 2217 hac

215 2252 286 2302 sui,
309 2249 412 2298 regni
440 2249 562 2288 indole
587 2248 855 2298 proponenda,
881 2247 1118 2294 admoneret,
1145 2259 1218 2296 ne,
1246 2259 1331 2296 per·

1246 2328 1331 2355 ver-
