1564 2750
437 188 946 228 LITERARIA.
1201 189 1250 236 85

133 303 273 348 ¹sibus,
326 299 644 349 Megarensibus,
697 297 916 346 Aeginetis,
969 295 1251 343 Peloponnesiis

139 371 261 410 fuisse
291 368 567 408 circumventos
582 382 599 417 ,ς
632 380 729 417 quos
765 378 893 405 omnes
923 365 1032 403 simul
1066 376 1254 413 expugna-

138 444 181 478 re
220 451 297 478 non
330 448 525 488 poterant,
580 449 741 486 quorum
778 448 867 475 vero
901 435 1030 484 copias
1068 443 1252 482 separatas

132 507 315 556 deinceps
343 508 583 556 subegerunt.

104 566 109 567 ⁷
189 577 287 615 Fieri
311 578 407 615 solet
429 587 720 624 nonnunquam,
741 585 786 614 ut
806 576 1023 623 imperator,
1050 584 1132 614 ante
1158 586 1252 623 pug-

136 655 221 684 nam
240 646 475 684 commissam
492 675 506 694 ‚
533 654 569 684 et
593 646 680 683 dum
708 655 837 683 manus
858 653 1073 683 conseratur
1088 673 1101 693 ,
1127 644 1251 682 omnia

136 716 234 755 bene
259 716 447 756 instruens
463 745 476 764 ,
504 726 592 764 post
621 725 761 764 partam
789 716 979 754 victoriam
1007 715 1052 753 ab
1077 714 1138 752 illa
1161 724 1249 751 cura

135 785 327 834 remittat3
368 796 405 824 et
431 787 596 824 securior
626 785 747 824 factus
763 815 776 834 ,
805 785 979 823 hostibus
1003 795 1080 822 non
1106 792 1247 821 tantum

132 856 369 894 occasionem
397 856 568 904 praebeat
603 856 822 905 reparandae
849 856 1021 893 adversae
1049 852 1219 891 fortunae
1235 881 1248 899 ‚

134 926 200 963 sed
223 926 302 974 eJ'us
323 926 545 975 negligentia
566 926 673 964 etiam
694 926 807 964 fausti
829 924 969 973 priores
992 935 1187 961 successus
1211 924 1249 961 in

129 995 370 1034 calamitatem
386 1005 589 1035 mutentur.
618 996 691 1034 Sed
707 997 816 1043 longe
835 994 939 1032 aliter
959 994 1116 1044 Pericles
1133 1021 1146 1041 ,
1159 993 1250 1041 qui,

130 1077 250 1114 quum
265 1065 304 1102 in
319 1065 561 1103 Barbarorum
591 1065 778 1113 regionem
802 1075 924 1102 novos
950 1063 1089 1101 incolas
1121 1063 1250 1100 duxis-

129 1142 212 1181 set,
238 1133 424 1182 indehnon
450 1134 556 1183 prius
593 1133 810 1182 navigavit,
838 1145 947 1181 quam
976 1144 1063 1180 eos,
1092 1143 1198 1170 muro
1229 1143 1248 1168 a

128 1203 219 1241 mari
239 1204 284 1241 ad
305 1215 402 1241 mare
426 1204 540 1241 ducto
555 1232 568 1252 ‚
595 1213 724 1243 contra
751 1204 916 1242 hostium
943 1203 1247 1253 praedonumque

128 1269 360 1312 incursiones
396 1274 666 1312 confirmasset.
731 1275 821 1324 Quo
857 1274 981 1312 minus
1014 1272 1122 1311 fidem
1162 1274 1249 1311 Plu-

129 1343 258 1380 tarcho
300 1355 539 1391 recusamus,
578 1345 766 1391 narranti,
805 1345 975 1383 Periclem
1012 1344 1057 1381 ab
1097 1344 1245 1391 expedi·

129 1413 233 1450 tione
269 1412 306 1450 in
338 1413 580 1452 Acarnaniam
617 1414 843 1462 revertisse,
871 1415 971 1452 nulla
1008 1413 1241 1460 offensione,

128 1492 176 1521 ne
207 1481 363 1521 fortuita
397 1484 571 1532 quidem,
601 1484 782 1522 militibus
818 1484 955 1522 oblata.

176 1551 315 1589 Verum
347 1562 426 1589 non
452 1560 595 1590 tantum
621 1553 780 1590 consilio
810 1553 958 1600 valens,
986 1554 1050 1592 sed
1073 1562 1109 1590 et
1134 1564 1242 1590 manu

126 1620 265 1668 fortis,
316 1622 351 1659 -si
396 1621 633 1660 festinatione
670 1635 768 1671 opus
808 1633 939 1672 esset,
993 1632 1242 1672 opportunam

125 1691 355 1729 occasionem
390 1702 466 1730 non
502 1693 760 1740 praetermisit.
811 1693 890 1742 Ipsi
925 1704 1002 1731 non
1038 1692 1241 1731 sufficiebat

127 1761 325 1799 maritimas
371 1773 455 1799 oras
495 1760 697 1808 infestare,
748 1763 816 1800 sed
856 1763 1005 1810 longius
1036 1774 1056 1799 a
1088 1762 1175 1800 mari
1205 1762 1242 1799 in

128 1830 304 1869 interiora
340 1831 609 1880 progrediens,
646 1832 757 1870 urbes
797 1833 987 1880 tentabat,
1025 1832 1242 1880 Sicyonios·

127 1911 200 1949 que
225 1900 298 1938 sibi
332 1901 482 1939 obviam
519 1900 711 1950 profectos
745 1911 993 1949 exspectans,
1020 1903 1065 1940 de
1093 1901 1138 1940 iis
1164 1911 1240 1939 tro-

122 1981 255 2019 paeum
282 1972 479 2010 exstruxit.
531 1973 669 2011 Eadem
709 1973 899 2022 diligentia
938 1973 1126 2020 Delphis,
1155 1974 1237 2020 qui-

122 2041 195 2079 bus
220 2041 502 2080 Lacedaemon-ii
523 2042 712 2090 Apollinis
738 2042 932 2080 delubrum
969 2041 1165 2087 dederant,
1193 2042 1236 2078 il·

122 2110 188 2147 lud
227 2110 391 2160 eripuit,
433 2112 764 2159 Phocensibusque
796 2112 966 2149 reddidit.
1034 2100 1231 2158 Nusquam

121 2186 244 2217 autem
297 2181 412 2229 magis
465 2181 526 2218 illa
570 2182 735 2220 alacritas
792 2182 936 2227 eluxit,
1004 2191 1111 2227 quam
1169 2179 1235 2216 ubi

123 2259 145 2286 a
173 2255 230 2291 tot
259 2248 367 2287 simul
409 2250 581 2288 hostibus
614 2250 793 2298 ⁴metitus,
833 2258 915 2287 ante
955 2248 1095 2296 Aprilis
1133 2258 1234 2285 men·

1155 2328 1231 2355 sem

1266 245 1365 277 sectio
1377 247 1414 274 li.
1434 240 1462 281 §-
1474 255 1504 282 4.
