1538 2689
571 109 921 166 MEDICA.
1261 121 1313 149 ,ιι

207 223 267 261 vel
294 220 559 270 rumpebantur
582 220 642 257 vel
662 218 921 258 dilatabantur.
951 217 979 256 F
982 217 1081 255 ibrae
1104 217 1187 255 illae
1207 218 1316 257 siste-

201 291 292 330 bant
312 292 552 341 sanguinem,
567 291 654 328 dum
678 289 843 337 fluebat,
869 296 907 327 et
923 287 1146 328 itaformatio
1171 279 1319 337 coaguli

200 362 297 401 circa
332 361 516 400 orificium
551 360 705 399 arteriae
743 362 868 399 locum
894 359 1071 407 habebat,
1099 361 1204 408 quod
1231 372 1316 399 coa-

194 432 332 482 ·gulum
365 431 540 481 paulatim
567 430 823 478 accrescebat,
863 438 901 468 et
927 431 1071 469 tandem
1101 439 1223 469 totum
1247 431 1320 469 cir·

196 501 396 541 vcumdabat
423 501 626 540 orificium.

252 572 338 611 Hoc
360 572 556 622 coagulum
576 580 772 611 externum
787 600 800 619 ‚
827 570 992 621 positum
1012 571 1108 610 circa
1132 571 1314 611 orificium

202 651 240 682 et
263 643 302 681 in
325 642 483 691 vagina,
512 641 682 691 primaria
705 643 822 679 moles
843 650 898 679 est
921 649 1050 679 contra
1074 642 1318 691 sanguinem3

200 713 401 761 coagulum
438 712 641 750 secundum
675 710 857 749 formatur
888 711 927 749 in
962 711 1091 750 arteria
1114 721 1150 750 et
1183 712 1317 750 dicitur

201 782 394 832 coagulum
436 783 640 820 internum.
702 781 847 820 Eodem
890 790 1060 830 tempore
1101 783 1318 821 transscissa

201 863 286 901 pars
312 852 463 891 arteriae
490 852 762 900 inflammatur,
797 859 911 899 atque
931 863 1016 890 vasa
1047 863 1219 890 vasorum
1255 864 1318 891 ex-

201 922 337 960 sudant
358 922 574 970 lympham,
602 933 711 969 quam
743 921 941 969 coagulum
969 929 1161 960 externum
1185 922 1316 970 prohi-

205 992 300 1040 bet,
321 1003 370 1030 ne
401 992 647 1030 dimoveatur.
700 990 801 1029 Haec
831 991 983 1040 lympha
1025 991 1135 1029 finem
1166 992 1316 1030 arteriae

201 1061 333 1110 implet
369 1072 406 1101 et
434 1062 558 1111 posita
597 1070 655 1099 est
693 1063 788 1100 inter
817 1063 1015 1110 coagulum
1050 1070 1243 1100 externum
1280 1071 1316 1100 et

200 1131 387 1170 internum
412 1131 630 1181 sanguinis,
658 1131 933 1179 quodammodo
962 1143 1046 1170 cum
1071 1132 1137 1170 illo
1162 1141 1314 1171 externo

201 1209 259 1239 est
295 1202 435 1249 mixta,
483 1203 543 1240 vel
590 1212 674 1240 cum
715 1201 789 1239 illis
821 1201 992 1240 cohaeret
1025 1211 1061 1241 et
1095 1212 1194 1241 arcte
1226 1214 1318 1242 con·

172 1288 174 1291 ·
196 1271 327 1321 J‘uncta
356 1281 415 1310 est
446 1283 531 1310 cum
564 1272 690 1310 tunica
724 1271 851 1310 intima
882 1272 1048 1313 arteriae.
1100 1273 1314 1312 Retardatio

198 1342 495 1391 haemorrhagiae
526 1342 741 1391 praesertim
767 1342 814 1380 ab
841 1343 914 1381 hoc
948 1346 1105 1393 coagulo
1140 1345 1313 1393 lymphae

199 1414 412 1462 dependet3
461 1413 659 1451 exsudatio
706 1422 887 1462 augetur3
934 1414 1069 1452 canalis
1110 1414 1312 1453 arteriosus

201 1492 279 1520 non
316 1482 428 1520 modo
471 1481 718 1529 obliteratur,
765 1484 831 1521 sed
875 1483 981 1522 etiam
1025 1484 1110 1523 finis
1156 1485 1310 1525 confluit

200 1563 286 1590 cum
311 1551 658 1602 circumjacentibus
686 1552 872 1601 partibus.

248 1622 293 1661 In
324 1622 399 1661 fine
425 1622 591 1661 inferiori
627 1622 778 1662 arteriae
801 1622 1030 1672 perscissae,
1064 1623 1312 1664 observaban-

200 1701 262 1731 tur
289 1693 399 1730 iidem
433 1692 613 1741 effectus,
639 1694 740 1743 acin
767 1693 961 1742 superiore
979 1703 1109 1742 parte,
1136 1695 1203 1733 hac
1230 1705 1310 1734 tan-

199 1772 277 1800 tum
304 1761 537 1812 differentia,
572 1772 614 1801 ut
646 1764 766 1812 ipsius
806 1764 988 1803 orificium
1016 1765 1130 1814 magis
1160 1766 1308 1804 contra'-

197 1834 372 1882 hei-etur,
423 1836 696 1884 coagulumque
734 1844 924 1874 externum
966 1835 1137 1885 gracilius
1177 1846 1302 1885 esset,

194 1905 492 1954 quandoquidem
533 1905 724 1955 sanguinis
754 1906 916 1954 impetus
961 1906 1083 1945 minus
1127 1906 1298 1947 obstaret.

246 1976 449 2015 Videamus
476 1987 596 2016 autem
611 1977 723 2026 paulo
743 1977 950 2017 accuratius
963 1977 1009 2016 de
1022 1977 1186 2028 coagulis
1210 1990 1304 2027 quae

133 2101 136 2105 .
198 2055 413 2095 generantur
439 2047 520 2097 (1).

1246 2119 1297 2160 1⁰.

237 2196 290 2234 (1)
308 2199 445 2236 Jones,
466 2201 488 2229 1.
512 2201 533 2230 l.
560 2209 609 2236 73·
630 2208 698 2236 sqq.
