1523 2745
273 223 318 260 18
503 211 1160 258 COMMENTATIO

248 378 250 380 Ι
273 330 447 369 Cimone.
479 355 503 375 „
525 326 585 365 Sic
604 354 617 372 ‚
643 325 693 364 ait
716 324 939 363 Plutarchus
953 351 965 369 ,
986 329 1089 360 erant
1116 330 1204 360 tunc
1230 320 1381 369 quidem

273 400 463 438 dissensus
496 395 662 446 publici,
690 405 818 433 verum
849 394 1077 431 moderatum
1115 391 1241 430 odium
1268 398 1304 429 et
1329 390 1385 428 fa-

272 468 344 506 cile
386 466 636 506 revocandum
670 465 717 503 ad
741 457 895 503 salutem
922 461 1131 511 publicam:
1161 472 1277 509 quum
1301 460 1383 510 ipsa

273 537 428 575 ambitio
442 565 455 584 ,
468 535 633 574 omnium
659 532 861 574 affectuum
877 532 1200 572 vehementissima
1214 559 1227 579 ‚
1245 530 1387 580 patriae

272 607 478 646 commodis
501 605 700 645 cedebat.”
726 603 876 644 Publica
896 603 988 641 adeo
1014 602 1184 649 utilitas,
1211 596 1288 640 non
1313 600 1384 639 alia

272 678 365 716 ratio
381 676 504 715 minus
519 677 675 714 honesta
701 673 962 724 (1)Periclem
985 671 1109 722 adegit
1123 699 1138 720 ,
1163 671 1230 721 qui
1254 670 1388 709 adver-

272 748 408 787 sarium
428 758 539 785 suum
554 753 772 791 revocaret3
801 753 839 783 et
851 755 900 782 ne
911 742 1128 782 crediderim
1151 741 1302 789 quidem
1331 744 1389 777 ta-

272 819 365 856 citas
390 816 626 856 conditiones
651 816 722 867 (2)
743 814 832 853 huic
856 813 1085 853 revocationi
1106 812 1268 862 adjectas
1290 809 1386 850 fuis-

272 899 312 926 se
327 916 342 936 ,
380 898 495 935 quum
528 885 759 935 probabilior
799 885 851 924 sit
875 883 1060 924 sententia
1085 883 1156 934 (3)
1175 881 1388 921 existiman·

273 958 364 996 tium
379 985 393 1004 ‚
421 957 620 996 Cimonem
645 967 692 995 eo
715 954 876 995 consilio
902 955 940 994 in
969 955 1143 1004 Cyprum
1165 952 1391 1001 navIgasse,

274 1038 320 1066 ne
350 1026 600 1066 Athenienses
639 1025 755 1070 otiosi
791 1037 909 1067 novas
943 1037 1033 1065 mox
1064 1025 1194 1064 turbas
1229 1011 1288 1062 in*
1307 1023 1392 1072 ipsa

272 1097 438 1137 Graecia
460 1098 679 1136 excitarent.

326 1169 439 1207 Anno
462 1168 620 1217 olymp.
663 1166 843 1205 LXXXI.
872 1177 912 1215 3.
948 1164 1108 1204 Pericles
1143 1164 1194 1203 C.
1227 1162 1388 1202 navibus

275 1238 573 1286 Peloponnesum
599 1235 933 1285 circumnavigavit
947 1264 961 1283 ‚
996 1236 1131 1273 multas
1159 1235 1270 1272 urbes
1291 1234 1392 1283 cepit

277 1307 504 1353 maritimas,
544 1306 747 1354 Sicyonios
773 1305 865 1344 vicit
895 1314 933 1343 et
967 1305 1117 1343 auxiliis
1147 1312 1281 1342 auctus
1317 1304 1396 1342 Oe·

278 1378 438 1425 mades,
465 1375 692 1416 Acernaniae
731 1384 878 1425 gentem
893 1403 907 1422 ‚
935 1375 975 1414 in
1001 1374 1185 1425 oppidum
1214 1373 1391 1414 inclusit:

1323 1456 1398 1494 op·

318 1588 375 1625 (t)
392 1589 519 1625 Qualem
545 1593 692 1616 memorat
714 1587 908 1622 Athenaeus,
938 1587 1018 1616 xm.
1052 1589 1096 1622 μ’
1115 1589 1184 1624 589.
1213 1585 1250 1616 F.
1272 1582 1387 1624 μισθὶν

282 1648 392 1690 ’έλειβε
413 1649 476 1689 τῆς
503 1645 642 1683 καθόδου
669 1646 780 1682 αὐτοῦ
803 1646 819 1681 ὃ
846 1651 924 1690 Περ.
956 1647 998 1682 ’τῦ
1023 1647 1067 1690 ’τῇ
1096 1643 1283 1690 Ἐλπενικῃ
1302 1659 1392 1690 μιχ-

284 1713 384 1750 θῆναι.

322 1776 376 1813 (2)
395 1776 478 1804 Plut.
496 1774 564 1803 Per.
586 1783 619 1802 ιο
635 1774 717 1802 med.

318 1833 376 1873 (3)
396 1833 440 1862 Id.
458 1830 538 1860 cim.
559 1833 607 1861 18.
628 1832 794 1866 Propterea
820 1829 944 1859 minime
966 1829 1161 1861 conditiones
1179 1830 1247 1860 inas
1266 1830 1398 1866 adjectas

283 1889 379 1918 fuisse
402 1889 515 1921 credo,
537 1888 619 1922 quod
648 1887 757 1916 Cimon
781 1895 920 1923 tempore
955 1887 1021 1916 fere
1046 1887 1218 1922 Myronidis
1250 1887 1399 1917 victoriae

285 1953 444 1975 revocatus
454 1953 511 1974 est.
524 1945 592 1973 Vid.
600 1945 707 1979 Nepos
722 1945 799 1973 Cim.
811 1954 840 1979 3.
853 1952 885 1972 et
896 1945 1088 1980 Theopomp.
1097 1945 1178 1979 apud
1192 1945 1346 1973 Marxium
1363 1945 1397 1974 in

286 2004 418 2038 Ephore.
427 2003 533 2036 fragm.
544 2010 572 2036 p.
584 2009 652 2039 224.
666 2003 704 2029 At
714 2001 839 2029 biennio
851 2002 972 2030 demum
983 2008 1054 2036 post
1069 1999 1130 2037 (sic
1138 2000 1234 2030 Diod.
1245 2002 1295 2031 XI.
1309 2001 1400 2039 86.),

290 2066 339 2087 aut
359 2057 568 2094 quinquennio
583 2057 689 2093 potius
705 2058 786 2091 (sec.
803 2057 902 2086 Thuc.
922 2059 946 2087 l.
959 2058 1159 2096 112.)foedus
1174 2059 1399 2094 quinquennale

289 2117 370 2145 inter
392 2114 634 2150 Peloponnesios
652 2122 684 2143 et
701 2115 899 2144 Athenienses
915 2116 1028 2145 factum
1055 2123 1114 2145 est.
1155 2117 1281 2146 Certum
1298 2123 1400 2146 autem

289 2179 338 2201 est
363 2178 424 2200 tum
451 2172 573 2200 demum
594 2171 825 2208 expeditionem
852 2172 883 2200 in
909 2173 1045 2209 Cyprum
1067 2181 1241 2210 susceptum
1257 2181 1346 2211 esse,
1366 2175 1399 2203 in

291 2230 350 2262 qua
370 2227 568 2263 expeditione
593 2228 703 2259 Cimon
723 2227 823 2260 vietor
840 2229 928 2261 obiit.
954 2231 1035 2262 Plut.
1055 2231 1135 2261 Cim.
1157 2239 1204 2269 ¹9·
1223 2231 1317 2262 Diod.
1337 2232 1397 2263 Sic.

291 2285 360 2314 xlx.
380 2295 407 2321 4.
429 2286 524 2314 Thuc.
544 2287 566 2314 I.
589 2293 640 2315 ιη
661 2283 765 2323 mique
789 2287 890 2317 Schol-
