1564 2750
109 819 249 848 LXXXV.

273 1309 341 1342 436·

349 146 391 192 38
572 140 1228 182 COMMENTATIO

348 251 460 297 igitur
494 258 530 288 et
567 250 717 298 triginta
752 260 872 287 annos
908 247 947 287 in
979 260 1058 287 eam
1097 250 1310 298 regionem,
1361 260 1455 297 quae

350 321 488 358 inculta
534 319 701 368 Jacebat,
760 319 978 367 navigarunt
1023 320 1146 357 decem
1195 319 1292 358 mille
1341 318 1459 358 Athe-

351 389 534 426 niensium
562 389 687 426 coloni
710 400 745 426 a.
773 389 823 426 A.
852 390 903 427 C.
929 391 1043 436 465.:
1079 390 1144 427 sed
1161 399 1207 426 ne
1231 389 1289 426 his
1312 388 1462 435 quidem

352 460 549 506 tranquille
572 460 637 497 has
662 467 773 496 terras
795 458 958 496 habitare
984 459 1168 508 contigit,
1196 459 1334 507 quippe
1365 469 1463 507 quos

353 530 516 578 aggressi
547 528 710 567 Thraces
731 530 776 566 ad
797 529 1023 568 Drabescum
1058 531 1327 578 profligarunt,
1351 537 1465 577 atque

355 598 401 636 ad
436 609 550 635 unum
588 609 715 636 omnes
753 598 969 637 occiderunt
1007 598 1091 648 (1).
1144 600 1266 650 Quam
1302 599 1353 637 ob
1385 610 1462 637 rem

357 668 606 706 Athenienses
633 668 736 706 hisce
766 669 1000 717 temporibus
1023 669 1141 707 otium
1168 670 1296 718 nacti,
1322 670 1462 708 cladem

359 750 468 787 quarn
498 746 582 775 ante
607 739 855 787 undetriginta
886 750 1003 776 annos
1028 748 1269 787 acceperant,
1295 750 1463 787 reparare

357 807 606 855 studuerunt,
623 817 658 845 et
671 835 682 854 ,
697 808 888 846 Archonte
907 808 1145 857 Euthymene
1156 837 1169 856 ,
1186 793 1380 858 Agnonem
1393 809 1464 848 Ni·

357 877 435 915 ciae
460 876 575 915 filiurn
590 905 605 923 ,
632 877 670 914 in
700 877 896 916 Thraciam
918 879 1126 926 miserunt3
1155 879 1220 927 qui
1245 879 1373 917 eodem
1397 878 1462 917 illo

357 948 469 994 loco,
494 958 570 994 quo
602 947 746 995 priores
772 948 932 986 advenae
964 948 1146 997 perierant
1161 977 1176 996 ,
1203 948 1344 996 quique
1366 950 1463 990 ἐννέα

357 1019 426 1057 ὁδοί
448 1017 723 1064 appellabatur,
751 1018 878 1055 urbem
915 1019 1104 1066 condidit,
1127 1019 1372 1067 Amphipolin
1395 1029 1464 1056 vo-

358 1096 499 1133 catam,
534 1086 673 1135 quippe
704 1087 750 1123 ab
783 1088 885 1124 omni
920 1096 1023 1136 parte
1059 1088 1208 1126 duobus
1244 1087 1463 1126 fluminibus

357 1156 621 1195 circumfluam.
674 1156 779 1205 Quae
813 1156 901 1194 urbs
927 1165 1057 1205 postea
1079 1168 1203 1205 pugna
1227 1156 1324 1195 inter
1350 1157 1465 1196 Cleo-

358 1235 440 1262 nem
478 1234 514 1262 et
544 1226 728 1263 Brasidam
761 1225 955 1264 nobilitata
987 1225 1060 1263 fuit
1086 1226 1170 1274 (2).

413 1295 542 1333 Multo
585 1306 676 1332 vero
717 1295 890 1344 majorem
928 1294 1080 1342 gloriam
1122 1295 1282 1333 Athenis
1329 1295 1468 1335 addidit

355 1365 517 1404 Pericles
551 1365 679 1402 eodem
707 1364 823 1402 hocce
841 1364 1035 1402 Archonte
1057 1365 1319 1415 Euthymene3
1347 1378 1462 1415 quum

355 1435 484 1474 Phidia
510 1446 554 1472 ex
583 1434 714 1481 Elide,
764 1443 805 1472 ut
830 1435 1002 1482 videtur,
1042 1445 1219 1481 rever-w,
1258 1436 1462 1484 Propylaea

356 1505 546 1543 aedificare
584 1503 722 1552 incepit
748 1504 832 1552 (3).
872 1505 931 1542 De
958 1505 1065 1552 quus
1089 1504 1241 1542 aedificii
1265 1505 1464 1552 splendore

355 1585 396 1612 ac
423 1572 690 1621 magnificentia
726 1582 795 1609 una
817 1580 960 1609 tantum
985 1572 1150 1611 omnium
1171 1581 1208 1610 et
1227 1559 1463 1612 consentiens

1384 1654 1460 1683 VOX

393 1759 446 1796 (ι)
467 1759 580 1788 Herod.
598 1758 650 1786 IX.
671 1764 736 1792 cap.
759 1763 807 1791 75.
833 1771 875 1781 -
902 1756 1000 1786 Thuc.
1040 1755 1064 1787 Ι.
1088 1765 1156 1793 cap.
1177 1764 1242 1787 100.
1266 1758 1320 1789 IV.
1342 1764 1408 1787 102.
1427 1771 1462 1781 -

358 1816 449 1845 Diod.
469 1818 493 1846 1.
512 1824 541 1844 c.
559 1816 650 1845 Conf.
669 1813 725 1843 lib.
743 1813 796 1842 Xl.
817 1822 882 1849 cap.
900 1820 952 1846 70-
969 1827 1007 1836 -
1026 1816 1112 1844 Paus.
1129 1815 1152 1842 1.
1173 1822 1242 1850 cap.
1259 1823 1308 1851 29.
1327 1814 1356 1850 §.
1369 1824 1400 1852 4.
1421 1830 1464 1838 —

358 1874 403 1902 De
421 1873 574 1901 Drabesco
594 1873 688 1902 strab.
703 1873 775 1901 ·v11.
793 1879 862 1907 pag.
882 1875 950 1907 481.
968 1884 1007 1892 —
1026 1872 1132 1906 steph.
1152 1873 1222 1905 Byz.
1240 1871 1272 1900 in
1296 1879 1388 1901 voce.

396 1929 448 1967 (ι’)
469 1930 564 1958 Thuc.
579 1930 630 1958 IV.
648 1937 716 1963 cap.
734 1937 799 1957 ³02.
818 1944 863 1951 -—
883 1927 980 1956 Diod.
1000 1927 1063 1957 Sic.
1077 1929 1143 1957 ΧΠ.
1160 1936 1226 1963 cap.
1238 1937 1286 1963 32.
1303 1941 1343 1951 —
1361 1930 1461 1959 schol.

358 1986 501 2016 Aeschin.
517 1994 551 2022 p.
571 1995 637 2021 755·
662 1986 703 2014 R.
721 1999 760 2006 —
779 1983 920 2019 stephani
942 1985 1017 2017 Byz.
1037 1983 1223 2019 Epitomator
1240 1985 1385 2020 quaedam
1402 1992 1464 2014 tur-

358 2043 451 2072 bavit.
472 2043 566 2072 Conf.
579 2043 610 2070 in
627 2050 705 2071 voce
728 2034 955 2079 Ἀμφίπολις.

391 2099 444 2135 (5)
466 2101 547 2129 Plut.
570 2099 601 2127 in
621 2100 688 2128 Per.
708 2107 773 2134 cap.
797 2107 841 2134 13·
858 2107 889 2134 p.
910 2099 976 2128 160.
997 2099 1031 2126 B.
1053 2112 1090 2119 —
1110 2097 1203 2127 Diod.
1221 2098 1286 2128 Sic.
1301 2099 1374 2129 ΧΠ.
1395 2107 1462 2134 cap.

354 2166 402 2192 40·
430 2170 466 2177 -—
495 2157 640 2191 Harpocr.
667 2155 696 2184 in
721 2164 819 2190 voce,
859 2155 971 2191 quique
995 2163 1046 2183 sua
1072 2155 1105 2183 ab
1132 2163 1170 2184 eo
1195 2162 1364 2191 mutuatur,
1400 2155 1464 2184 Sui-

354 2214 414 2241 das·
