1502 2767
415 182 1019 223 THEOLOGICA.
1170 185 1270 232 ‘163

162 300 338 343 petantur
367 301 403 332 et
427 293 734 333 condemnantur.
765 316 816 326 —
854 294 943 344 Quo
967 293 1083 342 magis
1108 292 1276 341 Religio-

159 363 218 402 nis
240 362 477 402 Christianae
497 364 702 403 doctrinam
732 365 903 403 homines
937 363 1096 412 amplexi
1121 375 1274 411 eamque

158 433 289 472 ducem
310 434 429 472 secuti
449 442 565 481 sunt,
594 446 671 483 quo
701 435 831 483 purior
846 434 973 472 eadem
991 435 1085 472 inter
1108 435 1272 482 populos

158 512 304 553 recepta
318 513 459 552 est,eo
483 505 597 554 magis
617 516 771 553 quoque
784 505 845 542 illa
866 503 1072 542 emendatio
1094 503 1271 541 cernitur.

208 573 303 612 Non
331 574 405 613 hoc
438 582 579 613 tantum
606 576 651 613 de
676 575 829 624 populis
854 575 1025 612 universe
1051 574 1275 622 dicendum,

157 655 288 683 verum
320 645 511 693 speciatim
546 656 701 693 quoqne
733 646 780 683 de
812 645 888 692 iis,
913 656 933 682 a
959 644 1096 692 quibus
1132 643 1272 682 bellum

159 714 287 762 exire,
314 715 487 763 idemque
514 715 594 763 geri
615 717 839 764 consuevit,
876 715 1136 764 principibus,
1172 714 1276 753 duci·

156 783 254 831 bus,
283 784 484 824 militibus.

159 864 161 866 ’
209 854 254 892 In
283 854 462 897 omnibus
495 854 572 894 fere
600 855 844 903 regionibus,
871 854 937 893 ubi
963 854 1177 893 Christiana
1201 854 1276 892 Re-

157 925 250 973 ligio
282 934 428 974 recepta
461 934 541 974 cst,
582 926 802 964 exstiterunt
834 925 1045 973 principes,
1083 923 1171 971 qui,
1210 924 1278 961 im·

157 995 262 1044 'perio
292 995 332 1032 in
361 995 508 1044 Justitia
542 1003 579 1032 et
607 1006 732 1032 amore
773 993 962 1040 fundato,
1008 1005 1092 1031 cum
1132 994 1251 1042 gentis
1270 1023 1282 1043 ‚

157 1064 221 1103 cui
257 1063 396 1112 singuli
429 1071 623 1112 praerant‚
669 1071 749 1100 tum
776 1063 941 1100 omnium
973 1064 1195 1111 reliquarum
1222 1075 1280 1102 san

155 1135 273 1173 lutem
310 1141 544 1182 spectarent;
587 1133 652 1181 qui
679 1135 849 1182 exemplo
886 1146 956 1171 suo
983 1146 1087 1172 suam
1114 1134 1280 1183 aliasque

156 1200 288 1252 gentes
314 1204 535 1250 edocerent,
563 1203 796 1251 singulorum
826 1203 1056 1252 populorum
1082 1205 1165 1254 jura
1197 1205 1281 1242 vin-

156 1273 338 1321 dicanda,
381 1273 633 1321 foederaque,
673 1274 802 1320 aequis
836 1283 876 1311 et*
903 1274 1016 1324 J‘ustis
1054 1274 1279 1313 conditionis·
1317 1263 1319 1265 ¹

157 1344 232 1382 bus
254 1344 371 1390 inita,
388 1345 565 1383 servanda
589 1355 686 1385 esse.
713 1367 766 1375 ψ-
792 1344 1006 1393 Unicuique
1028 1342 1205 1382 historiae
1218 1354 1282 1393 pe·-

159 1414 234 1454 rito
250 1414 359 1453 multi
383 1415 474 1452 tales
500 1413 536 1450 in
565 1413 776 1452 memoriam
801 1414 1106 1462 revocabuntur,
1136 1416 1200 1462 qui
1213 1417 1281 1464 (ex

160 1496 229 1522 sua
263 1483 428 1532 singuli,
457 1493 530 1531 qua
551 1483 746 1533 viverent,
774 1493 890 1526 aetate
919 1485 1130 1534 J'udicandi)
1159 1472 1281 1522 hon-o-

162 1553 306 1591 rificum
335 1554 431 1590 inter
452 1553 640 1602 principes
663 1555 786 1592 locum
829 1554 1026 1603 obtinent,
1063 1555 1281 1604 quibusque

161 1623 374 1662 ,Christiani
408 1634 547 1661 nomen
580 1624 752 1672 denegari
787 1636 944 1671 prorsus
975 1626 1120 1673 nequit.
1184 1626 1283 1665 Noti

99 1738 102 1740 ,
163 1701 252 1732 sunt
298 1693 449 1730 Leones
502 1693 680 1740 Isaurici,
733 1695 860 1732 Caroli
905 1695 1063 1744 Magni,
1109 1693 1281 1733 Othones

163 1762 326 1811 Magni,
370 1763 543 1811 Alfredi,
582 1764 822 1803 Constantini
859 1766 1091 1815 Palaeologi,
1128 1766 1284 1804 Henrici

165 1833 311 1881 quinti,
338 1833 526 1871 Ludovici
550 1834 627 1881 Pii,
664 1835 794 1872 Caroli
826 1836 1062 1882 duodecimi,
1099 1835 1306 1876 Fredetici·

162 1903 376 1951 sapientes,
416 1903 645 1951 Leopoldii,
681 1905 864 1943 Frederici
898 1906 1078 1953 secundi,
1121 1906 1285 1944 Gustavi

166 1973 332 2021 Wasae,
355 1973 719 2023 GustaviAdolphi,
749 1975 953 2013 Christiani
975 1976 1119 2023 quinti,
1143 1977 1286 2014 Eduar-

168 2044 206 2081 di
231 2043 511 2091 Confessores,
538 2045 727 2083 Pedrones
755 2046 799 2083 de
827 2046 1041 2094 Braganza,
1071 2046 1285 2093 Sobieskfi,

170 2114 369 2161 Stanislai,
403 2115 558 2164 Jose-phi
590 2116 770 2162 secundi,
798 2116 985 2154 Ludovici
1009 2116 1139 2153 decimi
1167 2117 1286 2163 sexti,

172 2185 394 2233 Guilielmi,
417 2185 587 2234 inprimis
609 2185 745 2233 primi,
775 2187 873 2223 tertii
907 2195 943 2224 et
976 2187 1125 2233 quarti,
1158 2196 1217 2233 et,
1243 2198 1288 2224 ne

176 2255 221 2292 de
248 2255 352 2301 aliis,
386 2254 452 2302 qui
487 2254 600 2293 hodie
621 2255 732 2293 variis
757 2256 1042 2303 regnissssdecori
1069 2265 1157 2294 sunt
1179 2266 1291 2304 atque

695 2325 729 2361 L
756 2338 778 2363 2
1224 2328 1291 2364 ho·
