1502 2767
218 143 289 179 104
437 124 1105 188 COMMENTATIO

217 257 272 286 τις
307 241 406 289 εἴπῃ·
443 238 493 276 ait
514 237 756 288 Johannes
783 235 882 286 (1),
908 236 961 278 ἔτι
993 239 1130 285 ἀγαπῶ
1163 237 1225 277 τὸν
1255 237 1330 279 ,θεὸν

219 310 280 349 καὶ
299 304 364 350 τὸιῖ
378 309 537 357 ἀδελφὸν
551 309 660 348 αὑτοῦ
677 313 788 355 μισῇ,
818 308 979 356 ψεύστης
1001 308 1112 347 ἐστίν.
1135 325 1190 336 —-
1208 306 1333 344 Deum

220 377 415 424 venerari,
456 386 519 423 et,
562 375 746 424 quidquid
775 387 953 425 agamus,
978 377 1015 414 in
1042 378 1122 426 ejus
1154 376 1336 415 honorem

221 447 315 486 illud
347 458 453 495 agere
486 446 661 495 iubemur
688 445 784 496 (2),
821 446 978 493 ideoque
1014 446 1134 493 bella,
1185 447 1231 485 ab
1261 447 1334 485 hoc

222 517 382 556 consilio
419 516 536 554 aliena
555 542 568 562 ‚
592 527 715 564 gerere
749 526 826 553 non
862 516 961 554 licet.
989 538 1042 546 —
1066 517 1148 555 Deo
1185 516 1336 555 demissi

222 598 305 626 esse
318 587 363 625 ab
391 597 512 634 eoque
534 586 676 624 veniam
701 594 827 633 petere
849 585 1050 638 debemus,
1079 597 1186 634 quam
1207 595 1334 635 petere

223 667 302 694 non
324 656 411 694 licet
428 656 474 693 iis
489 683 503 703 ,
528 655 593 703 qui
617 655 706 694 odio
731 664 768 693 et
790 655 955 694 vindicta
974 667 1059 705 erga
1081 656 1250 694 homines
1265 684 1279 703 ‚
1295 655 1334 694 in

223 737 305 765 sese
319 725 618 773 committentes,
636 725 931 773 inflammentur,
958 725 1080 773 iisque
1095 736 1172 763 non
1193 727 1336 764 condo-

222 795 408 846 nent(3).
437 817 492 826 —-
515 795 560 834 In
584 796 666 834 Deo
690 795 825 834 fiducia
848 796 1065 834 collocanda
1087 805 1144 834 est
1160 824 1174 844 ,
1201 808 1330 834 verum

223 877 300 904 non
323 865 395 904 illis
411 895 424 913 ‚
450 866 515 914 qui
537 866 617 916 ejus
638 866 801 904 mandata
828 868 874 905 de
895 878 1020 905 amore
1042 866 1253 915 repudiant,
1279 888 1335 897 -

222 935 306 974 Nec
344 935 466 973 minus
496 947 625 983 amor,
654 936 881 984 reverentia,
909 936 1043 975 fiducia
1070 936 1165 986 (4),
1196 930 1335 984 quibus

223 1016 309 1053 erga
344 1015 516 1043 nostrum
564 1006 784 1054 dominum,
832 1005 960 1055 Jesum
995 1007 1221 1054 Christum,
1269 1006 1339 1044 ob-

225 1075 446 1123 stringimur
463 1103 476 1123 ,
531 1075 722 1113 hominum
768 1076 910 1114 animos
957 1076 1002 1114 ad
1045 1076 1124 1123 ejus
1171 1076 1338 1115 mandata

225 1145 457 1184 observanda
492 1145 654 1192 excitat,
691 1145 927 1195 declinatque
952 1156 1015 1183 eos
1051 1145 1097 1183 ab
1134 1145 1237 1183 omni
1272 1157 1340 1184 cu·

225 1215 380 1263 piditate
397 1244 411 1262 ,
435 1215 537 1254 hisce
564 1216 750 1254 contraria
780 1214 864 1263 (5).

274 1286 439 1324 Nostrae
469 1285 662 1335 religionis
695 1285 863 1323 doctrina
891 1284 1049 1323 maxime
1073 1294 1158 1333 apta
1181 1295 1238 1325 est
1264 1287 1338 1326 ho·

225 1354 359 1392 minem
397 1356 612 1402 movendo,
665 1364 709 1392 ut
752 1355 953 1403 semetipse
988 1354 1057 1392 rite
1089 1356 1256 1395 aestimet
1297 1366 1336 1397 et

222 1434 331 1463 amet.
388 1427 443 1463 Ea
479 1426 656 1463 docemur
681 1426 726 1464 de
759 1434 910 1464 naturae
945 1433 1095 1463 nostrae
1129 1426 1332 1476 dignitate,

223 1495 267 1532 de
304 1494 440 1532 virium
476 1504 513 1533 et
547 1495 762 1533 facultatum
800 1489 970 1533 nostrum
1007 1498 1250 1546 praestantia,
1288 1501 1334 1539 de

220 1563 386 1611 finibus,
415 1564 554 1612 quibus
583 1565 755 1603 destinati
793 1577 951 1617 sumus,
976 1569 1026 1609 ita
1053 1579 1095 1608 ut
1129 1570 1332 1621 συμμόρφοι

220 1635 285 1679 τῆς
310 1635 435 1678 εἰκόνος
460 1638 523 1674 τοῦ
550 1637 623 1677 υἱοῦ
648 1640 710 1676 τοῦ
744 1637 818 1676 θεοῦ
853 1637 1008 1687 ersque
1039 1643 1215 1691 ἀδελφοὶ,
1261 1641 1331 1680 im-

220 1715 282 1741 mo
323 1707 384 1745 υιόὶ
410 1709 472 1746 τοῦ
507 1707 582 1746 θεοῦ
604 1716 644 1744 ac
666 1707 760 1752 θείοις
790 1711 935 1750 κοινωνοὶ
963 1711 1106 1760 Φύσεως
1123 1738 1136 1759 ,
1176 1713 1330 1751 evadere

298 1773 301 1774 ⁷
1243 1792 1334 1830 pos·

257 1862 308 1900 (1)
330 1864 366 1892 In
394 1873 404 1893 ι
425 1864 524 1900 Epist.
550 1865 603 1894 1v.
634 1875 680 1894 20.

255 1920 311 1956 (2)
336 1930 346 1950 1
365 1920 437 1949 Cor.
454 1921 490 1950 X.
510 1928 556 1954 31.
572 1923 673 1957 Apoc.
688 1923 767 1952 xlv.
786 1932 817 1959 7.

256 1976 309 2013 (3)
332 1977 440 2005 Matth.
461 1977 512 2006 VI.
538 1986 590 2013 12,
614 1987 667 2016 14,
689 1986 737 2012 15.

256 2032 308 2070 (4)
327 2035 435 2063 Matth.
459 2035 496 2064 X.
522 2043 571 2071 37.
599 2036 667 2072 Joh.
693 2038 732 2067 V.
758 2047 808 2074 23.
835 2038 915 2068 XIV.
947 2047 974 2069 1.
1017 2049 1029 2069 1
1067 2040 1142 2070 Cor.
1164 2041 1248 2071 XVI.
1278 2050 1328 2073 22.

219 2088 297 2118 Phil.
317 2090 358 2118 ΙΙ.
382 2098 416 2120 10
431 2110 440 2126 ,
460 2100 509 2121 11.

257 2147 309 2184 (5)
329 2147 439 2178 Mateh.
460 2149 523 2178 vn.
544 2157 593 2179 21.
616 2151 694 2182 Luc.
710 2153 762 2182 VI.
781 2155 831 2190 46.
853 2153 923 2190 Joh.
942 2151 1023 2184 xlv.
1042 2160 1090 2189 23.
1113 2154 1324 2192 2cor.v.1s.

221 2203 290 2232 co).
312 2203 374 2232 111.
397 2213 425 2239 7.
