1507 2876
270 229 316 273 53
478 213 1174 267 COMMENTArxo

267 343 326 372 est
350 334 491 383 μαλλόν
513 328 610 379 (1),
637 336 673 366 et
697 326 915 382 conjunctio
941 327 1046 367 ἀλλὰ
1075 322 1307 373 praecedenti
1330 326 1384 374 μὶ,

266 405 375 453 plane
399 400 614 450 oppositum
642 407 698 436 est
724 398 809 445 (2).
849 396 925 433 Res
950 395 1031 444 ipsa
1059 395 1104 433 ad
1130 394 1241 433 vitam
1260 393 1387 443 priva·

266 483 340 512 tam
358 499 371 519 ‚
399 472 445 508 ad
484 471 669 507 hominem
697 467 883 514 privatum
910 465 1099 514 pertinet,
1127 464 1230 512 quod
1255 463 1385 513 impri-

266 543 338 581 mis
364 541 553 589 colligitur
585 549 629 576 ex
663 535 843 584 exemplis
862 563 874 582 ,
912 543 1007 573 sect.
1030 546 1212 583 40--42‚
1248 533 1385 574 allatis.

265 613 407 652 Sensus
429 610 542 659 igitur
567 608 640 646 huc
667 605 776 644 redit.
807 633 831 653 „
846 605 907 643 Ne
925 616 990 654 par
1014 605 1094 653 pari
1116 603 1281 652 referas3
1309 603 1386 643 imo

264 683 394 731 potius
408 681 522 718 illatas
548 676 699 728 injurias
716 676 896 724 patienter
919 671 1081 722 referas,
1109 686 1217 722 quam
1240 674 1385 723 cogites

265 753 410 802 privata
435 752 481 789 de
504 749 684 787 vindicta.
697 747 722 763 '⁹
768 748 885 786 Porro
922 745 1100 794 praecipit
1126 745 1306 783 Christus
1341 746 1388 783 de

265 823 410 873 injuriis
425 849 438 868 ‚
461 830 557 869 quae
579 819 621 856 in
633 818 709 856 vita
733 817 921 855 communi
943 815 1021 854 fieri
1045 815 1183 853 solent.
1221 813 1384 853 Primum

263 901 524 945 praeceptum:
551 890 611 931 καὶ
633 890 853 940 τῷ-ἱμοιτὶον
869 886 1026 925 maxime
1050 883 1228 923 convenit
1253 883 1386 932 primis

266 963 569 1005 Christianorum
583 958 840 1008 temporibus,
863 956 1117 1006 quorumjura
1133 954 1278 1005 judices
1300 963 1390 1003 gen-

266 1035 388 1074 tilium
411 1033 479 1082 (3)
516 1031 634 1070 rarius
655 1028 916 1074 defenderent,
942 1027 1030 1065 dum
1054 1025 1170 1073 magis
1195 1023 1388 1073 religionis

265 1118 355 1145 suae
379 1103 492 1142 sociis
505 1130 517 1147 ‚
535 1113 644 1149 quam
659 1097 909 1144 Christianis,
925 1095 1105 1136 faverent.
1132 1094 1234 1132 Haec
1248 1095 1395 1143 patien-

267 1176 318 1214 tia
334 1186 375 1213 ac
401 1172 670 1217 mansuetudo,
699 1180 793 1217 quae
805 1166 951 1205 verbis:
967 1169 1028 1207 καὶ
1053 1165 1237 1212 ὅστις-δύο
1257 1165 1327 1215 (4)
1352 1173 1389 1202 et

268 1249 328 1288 κοιὶ
355 1249 451 1287 τὸν-
467 1246 705 1291 ἀποστραφῇς
744 1237 1051 1284 commendatur,
1080 1237 1232 1274 omnino
1269 1234 1387 1284 magis

268 1317 516 1368 prodessent,
545 1322 656 1359 quarn
693 1308 801 1347 ultio.
855 1305 1048 1346 Moniturn
1077 1315 1224 1344 autem:
1254 1308 1304 1356 τῷ
1330 1308 1389 1346 021-

268 1388 388 1430 wvws}
428 1401 469 1425 σε
509 1385 600 1425 δὶδου
652 1390 728 1417 non
782 1389 864 1416 esse
911 1376 1116 1424 urgendum
1131 1403 1146 1423 ,
1197 1373 1391 1424 colligitur

270 1467 351 1495 turn
376 1467 421 1493 ex
439 1452 646 1492 rationibus
669 1449 811 1495 allatis,
840 1458 925 1485 cum
948 1458 993 1484 ex
1013 1445 1095 1485 aliis
1119 1445 1211 1483 locis
1225 1472 1239 1492 ,
1266 1444 1330 1482 ubi
1352 1456 1386 1482 e.

271 1539 310 1577 g.
339 1526 392 1565 rei
427 1522 615 1564 familiaris
648 1531 771 1558 curam
807 1519 982 1566 agendam
1010 1527 1095 1555 esse
1119 1516 1274 1554 docetur
1300 1516 1387 1565 (5).

1297 1586 1390 1624 His-

311 1682 362 1718 (1)
383 1679 442 1707 eff.
466 1673 637 1711 Glassii‘
665 1673 750 1703 Phil.
778 1673 868 1700 Sacr.
891 1678 922 1705 p.
945 1673 1020 1705 418,
1042 1676 1074 1698 et
1094 1668 1245 1704 Winer,
1278 1669 1390 1697 Gram-

274 1738 387 1768 matik.
408 1737 458 1764 das
482 1735 528 1764 N.
550 1734 586 1760 T.
609 1730 868 1770 Spruch-Idioms
891 1737 931 1762 32.
951 1728 1001 1756 ed.
1021 1734 1054 1762 p.
1077 1733 1144 1763 ¹97-

313 1796 370 1832 (α)
392 1793 464 1822 Vid.
488 1791 640 1825 Winer,
665 1790 800 1816 Gramm.
817 1795 849 1822 p.
874 1794 926 1821 73¹
950 1784 981 1812 in
1000 1792 1086 1813 nota.

313 1854 368 1891 (3)
387 1851 523 1881 Verbum
547 1857 567 1878 κ
582 1856 595 1886 ρ
613 1845 653 1876 ἱν
669 1854 686 1875 ε
701 1854 722 1875 ο·
737 1841 750 1874 θ
766 1853 788 1874 ει
803 1853 813 1873 ι
841 1844 988 1880 significat
1008 1845 1189 1874 contendere
1200 1865 1210 1881 ‚
1232 1842 1387 1882 litigare,

276 1912 308 1939 fn
325 1907 378 1941 jus
399 1911 521 1934 vocare.
545 1899 635 1928 Vidd.
657 1896 998 1932 Bretschneider‚
1019 1898 1052 1924 in
1089 1897 1166 1926 Les.
1188 1904 1219 1925 et
1239 1898 1290 1927 el.
1319 1898 1388 1926 He-

277 1967 411 2000 tinga,
432 1961 470 1989 ua'
490 1959 521 1987 h.
545 1960 570 1987 l.

314 2024 369 2061 (4)
391 2019 512 2049 Dietiffi
535 2011 631 2050 ὅστις
657 2009 693 2042 δε
713 2006 920 2051 &asyma-a
934 2030 945 2046 a
965 2015 1082 2045 spectat
1100 2010 1137 2038 ad
1157 2012 1311 2039 Persarum
1325 2017 1390 2038 mo-

278 2090 325 2112 res
338 2101 348 2115 ‚
388 2076 441 2114 qui
472 2085 489 2104 a
516 2073 596 2108 regis
630 2070 803 2100 cursoribus
843 2070 880 2097 ad
927 2068 1106 2098 currendum
1136 2068 1188 2094 vel
1232 2066 1392 2094 ferendum

279 2139 353 2177 quid
382 2135 452 2169 cogi
478 2131 627 2161 solebant.
656 2128 706 2158 Cf.
727 2126 852 2155 omnino
874 2125 1076 2159 wolfius,
1095 2123 1126 2151 in
1151 2123 1244 2150 Curis
1260 2124 1297 2151 ad
1313 2123 1344 2152 h.
1365 2124 1389 2152 l.

276 2199 382 2232 Itaque
393 2194 523 2222 dictum:
546 2185 604 2218 καὶ
632 2179 868 2221 ὅστις-δύο
893 2180 1102 2212 tantummodo
1137 2179 1272 2214 exempli
1298 2179 1392 2209 insm·

280 2250 532 2284 considerandum
559 2253 619 2275 est.

318 2311 375 2347 (5)
397 2319 408 2340 1
428 2302 510 2336 Tim.
532 2306 572 2334 V.
593 2305 622 2335 8.
642 2316 679 2324 —
695 2301 741 2331 Ad
750 2307 843 2331 totam
855 2297 944 2333 hujus
953 2293 1098 2329 Matthaei
1107 2293 1213 2331 capitis
1221 2291 1390 2330 pericopen

1341 2351 1390 2381 eff.
