1523 2745
239 198 286 233 (28
446 189 1114 232 COMMENTATIO

243 315 359 354 guare
392 304 439 341 sit
471 311 692 350 correptus,
730 310 792 338 aut
826 300 906 348 ipse
939 299 1165 347 tyrannidem
1193 308 1354 346 occupa·

244 375 337 411 verit
353 402 366 418 .,
394 373 520 410 multis
555 383 698 418 semper
717 370 831 418 premi
856 368 1133 407 difficultatibus
1150 396 1162 413 ‚
1191 369 1356 405 intellec·

245 451 285 479 tu
321 441 427 478 facilc
460 450 530 477 est.
601 440 699 476 Hinc
731 438 966 486 colligerem,
1007 436 1179 475 Periclem
1218 447 1355 474 munus

244 511 396 558 aliquod
429 509 590 558 gessisse
612 519 748 556 ἔξαινες
779 519 872 555 quae
899 507 1027 554 opinio
1051 506 1138 545 satis
1163 506 1357 544 confirma-

246 590 308 618 tur
345 579 606 617 historicorum
637 577 799 616 indiciis.
863 577 1024 615 Primum
1053 576 1192 624 igitur,
1229 575 1356 613 nescio

247 659 341 698 quot
361 649 477 696 locis,
505 649 638 686 dicitur
662 648 724 685 ille
751 646 868 684 fuisse
900 649 1128 696 στρατηγὸςς
1155 646 1256 692 quod
1280 656 1359 682 mu-

248 730 320 757 nus
346 731 443 756 mere
464 718 748 756 democraticum
773 716 842 767 (1)
873 726 949 753 erat
965 744 978 762 .‚
1008 724 1044 753 et,
1073 714 1249 763 optimam
1273 725 1360 762 sug-

249 788 398 836 gerebat
421 788 650 826 occasionem
672 786 898 824 immiscendi
925 798 963 823 se
989 785 1100 822 rebus
1133 793 1213 822 tum
1240 792 1359 822 exter-

249 858 307 896 nis
324 887 337 904 .,
377 867 455 895 tum
490 857 644 895 internis
672 856 756 904 (2).
813 857 943 904 Populi
971 854 1161 904 suffragiis
1187 865 1270 894 cum
1297 865 1362 891 an-

249 914 306 965 tes.
336 928 488 976 saepius
512 926 581 975 (3)
607 937 753 974 praetor
782 926 843 964 ille
870 935 1014 963 creatus
1048 933 1130 971 est,
1157 933 1236 962 tum
1269 935 1358 962 vero

251 996 474 1044 Thucydide
505 997 623 1045 eJ'ecto
656 996 701 1033 ad
736 996 864 1033 ultima
905 993 983 1033 fere
1007 1003 1174 1043 tempora
1205 1006 1250 1032 eo
1279 1006 1361 1031 mu·

249 1078 335 1105 nere
371 1066 522 1104 functus
543 1065 638 1115 <4):
668 1077 857 1112 quumque
881 1065 1175 1102 Athenenienses
1192 1063 1247 1101 iril
1271 1064 1361 1101 duc-

252 1136 279 1173 ti
315 1148 397 1173 eum
432 1126 713 1180 destituissent,
742 1134 937 1171 restitutus
975 1146 1061 1171 mox
1094 1133 1270 1182 singulari
1305 1133 1361 1170 in-

252 1214 417 1243 structus
440 1214 495 1242 est
534 1198 749 1252 potestat&
775 1206 852 1251 qua
876 1203 1023 1241 videtur
1042 1203 1165 1240 omnia
1198 1215 1267 1251 pro
1304 1214 1362 1240 ar-

252 1274 366 1312 bitrio
398 1273 551 1322 collegis
571 1274 650 1311 suis
684 1273 852 1310 mandare
875 1273 1046 1321 potuisse
1067 1273 1137 1321 (5)
1158 1301 1171 1320 ,
1198 1283 1275 1310 non
1306 1283 1364 1310 se·

253 1356 323 1382 cus
354 1351 466 1392 atque
490 1343 577 1380 olim
611 1341 884 1380 Themistocles
910 1342 977 1390 (6)
999 1350 1035 1390 et
1059 1341 1242 1380 Aristides
1264 1342 1360 1392 (7)÷

254 1415 505 1464 αὐτοκρατόρες
532 1412 571 1450 in
593 1413 700 1451 bellis
725 1420 855 1450 contra
875 1413 1002 1450 Persas
1027 1411 1173 1450 fuerant
1199 1411 1286 1461 (8).

1287 1473 1366 1521 Μῖ-

297 1617 350 1657 (1)
372 1618 422 1648 Cf.
439 1619 553 1647 Herod.
572 1626 603 1646 v.
621 1621 667 1652 33.

297 1672 348 1713 (ε)
371 1675 429 1704 vid
458 1676 625 1704 Schiimann
644 1673 681 1701 de
705 1673 795 1700 Com.
816 1672 927 1700 Athen.
946 1679 980 1705 p.
1005 1678 1070 1707 3¹4·

297 1732 351 1770 (3)
371 1733 451 1761 Plut.
469 1735 589 1764 18—23.
612 1731 710 1758 Thuc.
731 1729 755 1757 Ι.
781 1734 830 1758 111
844 1749 854 1763 ,
877 1732 929 1760 114
943 1748 952 1763 ‚
978 1729 1042 1757 116.
1062 1725 1192 1761 saepius.

297 1788 349 1826 (4)
371 1790 415 1817 ld.
437 1790 460 1817 1.
483 1797 510 1818 c.
532 1790 580 1817 16.
602 1788 638 1814 ad
659 1794 749 1820 quem
769 1787 871 1814 lmum
892 1784 1045 1820 respicere
1071 1783 1193 1812 videtur
1213 1784 1260 1812 Cl.
1284 1784 1367 1811 Hee-

260 1854 314 1874 ren
329 1866 338 1881 ‚
359 1847 450 1875 ldeen
467 1848 490 1874 Ι.
508 1853 525 1874 c
555 1853 584 1879 p.
606 1853 673 1881 400.

302 1903 353 1938 (ὁ)
375 1904 471 1931 Thuc.
491 1904 525 1930 1¹·
543 1905 593 1933 6⁵·
618 1903 813 1945 στρατηγὸν
836 1899 968 1935 εἵλοντο
984 1902 1042 1934 καῖ
1057 1900 1175 1947 πάντα
1196 1900 1244 1933 ‘rh
1258 1911 1370 1942 προεγ-

263 1967 364 2006 [adv-u
387 1963 588 2004 ἐπέτρεψαν.

299 2029 347 2060 (6]
369 2026 446 2055 Plut.
470 2025 561 2055 Arist.
579 2029 608 2054 8.

298 2081 353 2117 (7)
374 2082 450 2110 lbid.
479 2091 526 2112 11.

302 2136 356 2172 (8)
377 2138 512 2165 Fortasse
542 2136 720 2171 jampridem
750 2137 779 2164 in
805 2135 871 2168 ejus
893 2141 1042 2170 potestate
1074 2135 1132 2164 fuit
1157 2155 1166 2170 ‚
1195 2143 1284 2170 quem
1306 2136 1372 2164 vel-

266 2199 308 2224 let
347 2197 455 2223 ‹luc-em
491 2193 684 2228 expeditioni
720 2192 809 2221 alicui
846 2192 1038 2227 adjungere,
1086 2192 1129 2220 uti
1165 2200 1248 2221 certe
1275 2200 1372 2221 narrat

266 2256 340 2283 Plut.
380 2241 457 2280 Per(
494 2261 541 2288 ετ).
583 2252 620 2279 de
659 2249 899 2279 Lacedaemonio
918 2268 928 2284 ,
971 2248 1108 2278 Cimonis
1145 2247 1209 2278 filio
1225 2269 1235 2284 ,
1283 2256 1373 2283 quem

1306 2312 1374 2332 cum
