1477 2725
285 146 1094 202 ⁴OBSERVATioNEs.
1209 155 1275 191 ιμ

162 276 367 325 moreretur
388 265 578 312 Pericle53
607 263 692 301 inde
725 259 896 299 nonnulli
919 258 1176 304 collegerunt,
1204 268 1276 302 μοι·

159 341 237 390 κρὸν
265 339 364 376 hunc
397 345 540 373 murum
559 361 573 381 ‚
621 342 698 370 non
734 330 862 368 eodem
901 336 1067 374 tempore
1106 333 1182 371 quo
1218 324 1278 362 τὸν

163 411 286 459 ἔξωθεν
327 416 363 445 et
402 404 595 454 Φοιληρικόν
635 401 755 439 fuisse
791 407 1051 442 exstructuln3
1103 392 1276 441 quoniam

164 480 364 524 Socrates‚
408 486 481 522 qua
521 481 598 511 erat
637 483 681 509 eo
715 480 907 518 tempore,
940 464 1073 514 puerili
1103 463 1277 500 tredecim

162 559 345 589 annorum
394 553 512 583 aetate
533 572 547 592 ,
605 542 780 581 Periclem
827 539 952 577 audire
1004 537 1068 574 vix
1112 533 1275 582 potuit;

165 618 297 668 quod,
339 615 510 664 quamvis
543 625 609 663 per
650 624 689 650 se
728 621 806 649 non
839 610 999 646 multum
1047 605 1168 642 valere
1210 601 1281 639 mi-

163 689 203 728 hi
225 688 423 733 videatur,
452 685 592 734 opthne
627 692 749 721 tamen
786 677 965 718 convenit
995 688 1080 714 cum
1106 675 1153 712 iis
1186 682 1282 721 quae

165 771 278 810 supra
299 759 396 797 dicta
421 764 527 794 sunt.

216 869 304 909 Obs.
332 868 438 908 XVI.
469 866 688 906 Doclwellus
715 862 784 912 (ι)
811 863 848 899 in
875 861 943 898 hac
963 857 1198 907 expeditione
1221 837 1284 892 So-

159 941 323 994 phoclem
340 939 427 978 facit
447 938 604 976 Periclis
631 938 672 974 in
687 935 881 972 Praetura
895 931 1070 979 collegam
1084 942 1100 977 ;
1116 925 1286 964 testimo-

167 1009 232 1050 nio
255 1011 366 1050 nixus
385 1008 526 1059 Justini
541 1007 635 1056 (2):
659 1016 742 1043 nam
756 1002 831 1041 loci
853 1012 953 1049 quos
970 996 1198 1037 ePlutarcho
1214 993 1283 1043 (3)

164 1092 278 1130 atque
290 1083 492 1129 Anonymo
522 1077 753 1125 Sophocleae
785 1073 882 1110 vitae
907 1080 1059 1109 auctore
1072 1066 1140 1115 (4)
1165 1066 1283 1110 citat,

166 1161 314 1201 tempus
338 1161 416 1189 non
444 1148 620 1186 indicant.
674 1145 822 1193 Sequor
852 1149 973 1178 autem
1001 1135 1194 1176 Strabonis
1211 1132 1285 1183 (5)

163 1223 421 1262 auctoritatem
447 1246 461 1266 ‚
513 1216 578 1265 qui
612 1214 704 1252 illud
743 1211 920 1249 accidisse
956 1207 1070 1246 refert
1109 1206 1148 1243 in
1186 1205 1285 1242 bello

166 1293 344 1330 adversus
369 1287 541 1327 Samios:
573 1292 830 1333 quapropter,
857 1281 922 1318 ubi
949 1280 994 1317 de
1018 1279 1091 1315 isto
1108 1276 1206 1313 bello
1231 1275 1288 1313 die

167 1372 322 1408 cemus,
361 1360 407 1397 de
445 1358 512 1395 hac
549 1354 767 1404 quaestione
802 1350 953 1389 uberius
987 1356 1130 1397 agetur.
1183 1346 1288 1385 Dod-

166 1433 299 1471 wellus
321 1429 476 1478 putabat
501 1425 716 1475 opinionem
733 1434 837 1461 suam
860 1419 1072 1458 confirmari
1099 1418 1143 1455 iis
1162 1446 1172 1463 ‚
1191 1427 1284 1464 quae

167 1503 268 1552 apud
291 1501 528 1544 Diodorum,
554 1496 645 1534 Lib.
661 1494 728 1533 XI.
745 1505 828 1541 cap.
860 1495 924 1539 85.
949 1488 1192 1527 inveniuntur
1207 1507 1288 1534 ,—

169 1572 347 1622 Περικλέα
370 1572 428 1610 τὸν
467 1569 665 1610 Ξανθίππου
690 1569 757 1605 τῶν
785 1564 929 1608 ἀγαθῶν
965 1562 1092 1608 ἀνδρῶν
1132 1572 1288 1606 στρατη-

169 1645 235 1691 γὸν
270 1642 512 1684 κκτέστησοιν.
552 1637 718 1683 Ἀγαθῶν
756 1632 908 1670 nomine
953 1627 1156 1674 intelligit,
1204 1628 1286 1671 τοὺς

168 1714 299 1756 καλοὺς
336 1710 542 1757 κάγαθούς,
570 1708 666 1755 δήμῳ
694 1702 925 1751 oppositos,
953 1709 1086 1746 nempe
1118 1697 1287 1745 εὐπατρί-

169 1786 262 1830 δαςς
293 1789 334 1819 ut
358 1791 398 1817 ea
426 1779 568 1816 ratione
606 1775 816 1822 Sophocles
837 1771 946 1807 inter
968 1770 1054 1806 illos
1089 1766 1282 1806 habendus

171 1853 247 1901 sit3
277 1862 427 1896 verum,
452 1848 508 1886 uti
537 1844 815 1891 VVesselingius
838 1842 993 1887 docuit,
1020 1836 1181 1876 Pericles
1216 1835 1287 1873 So·
1311 1850 1313 1852 ·

1189 1907 1284 1955 pho·

207 1991 259 2028 (ς)
281 1990 403 2019 Annall.
427 1987 526 2015 Thuc.
546 1994 578 2020 p.
599 1994 648 2018 50·
674 1985 709 2012 Β.

205 2050 258 2087 (2)
280 2047 362 2076 Hist.
385 2044 514 2080 Philipp.
530 2043 572 2072 11.
591 2044 620 2072 6.
637 2041 691 2069 fin.

203 2106 258 2142 (τι)
276 2105 310 2133 In
326 2103 443 2132 Pericle
457 2109 526 2137 cnp.
544 2105 575 2131 8.
590 2108 622 2135 p.
648 2099 714 2133 156·
737 2098 778 2125 D.

203 2163 259 2200 (4)
279 2159 432 2197 Anonymi
452 2158 514 2187 vita
545 2154 704 2192 Sophoclis
734 2152 867 2190 praefixa
895 2160 925 2186 p.
949 2161 976 2182 ι.
1009 2151 1143 2179 Tauchn.
1174 2157 1279 2179 verum

169 2219 254 2250 conf.
274 2217 411 2251 ejusdem
432 2216 514 2249 vita,
538 2223 571 2249 p.
594 2223 623 2244 2.

183 2319 185 2321 Ι
206 2275 261 2316 (s)
283 2258 396 2319 ceoflgr.
412 2272 477 2302 Lib.
492 2272 572 2302 XIV.
590 2279 622 2306 p.
645 2273 715 2304 638.
739 2263 928 2312 Tragoediis.
