1502 2767
234 165 306 204 160
453 161 1117 203 COMMENTATIO

281 272 336 310 Ita
365 271 507 313 Graeci
542 273 691 321 Trojam
730 273 779 310 ob
814 282 955 322 captam
987 273 1240 310 Helenam
1277 271 1342 310 ad·

230 352 440 390 venerunt,
481 355 548 381 nec
589 345 659 381 nisi
705 343 879 387 Priami
919 354 1034 393 regno
1076 344 1196 382 deleto
1235 342 1340 380 inco-

229 413 350 461 lisque
406 414 541 452 occisis
597 414 849 462 dispersisve,
917 413 1120 452 redierunt.
1197 411 1340 452 Coloni

229 483 458 522 Graecorum
506 494 618 532 saepe
664 495 748 521 cum
801 483 988 522 veteribus
1032 483 1166 521 incolis
1193 481 1343 520 dimica·

227 562 340 600 runt,
382 562 421 592 ut
463 555 588 591 nullus
635 553 768 591 horum
812 553 924 591 fuerit
969 562 1184 602 superstes,
1222 564 1262 592 v.
1300 564 1339 591 c.

222 623 356 661 Ionum
415 623 585 660 coloniae
628 634 695 671 per
740 623 856 661 Asiae
909 625 1064 662 minoris
1109 635 1209 661 oram
1249 633 1342 661 con-

225 693 321 730 ditae
348 693 436 743 (ι).
493 693 763 732 Tristissimam
798 694 962 733 omnium
1001 695 1185 732 bellorum
1228 693 1340 732 finem

228 764 359 801 habuit
396 762 539 802 Bellum
578 764 784 811 Phocense‚
812 777 961 803 sacrum
999 776 1153 812 quoque
1181 764 1338 803 dictum.

223 832 362 871 Phili
376 845 471 882 ppo
490 833 761 880 ,Macedoniae
776 835 903 883 Rege,
932 835 1026 872 intra
1050 833 1227 874 Graeciae
1248 833 1341 872 fines

224 912 402 952 recepto,
445 904 668 941 debellatum
708 915 763 942 est
787 917 872 942 cum
898 905 1150 942 internecione
1175 915 1215 942 ac
1246 904 1344 942 Pho-

222 986 307 1011 ceac
335 983 370 1011 et
407 974 592 1012 Graeciae
629 975 823 1013 servitute.
877 976 1082 1013 Perlustres
1121 986 1178 1012 res
1218 982 1341 1022 gestas

223 1043 507 1090 Romanorum,
562 1056 720 1091 quorum
764 1044 959 1092 prudentia
996 1053 1035 1082 et
1071 1043 1220 1082 solertia
1269 1044 1341 1092 (α)

215 1114 363 1157 ‚laudari
401 1115 526 1150 solent
570 1114 605 1150 in
654 1123 819 1162 tempore
856 1115 958 1162 pacis
1006 1113 1207 1152 faelendae.
1262 1111 1344 1151 Ple-

224 1194 383 1230 rumque
409 1182 453 1220 ab
481 1184 546 1220 hac
582 1191 690 1232 gente
727 1185 903 1221 consulto
936 1192 972 1221 et
1004 1184 1237 1221 considerato
1266 1182 1345 1220 bel-

223 1254 300 1289 lum
341 1263 557 1301 susceptum
599 1262 681 1299 est,
715 1253 812 1290 etin
840 1262 922 1291 toto
960 1254 1058 1291 bello
1093 1253 1211 1301 illud,
1239 1253 1342 1301 quod

224 1332 480 1369 sectarentur,
509 1323 691 1361 continuo
723 1323 770 1360 ob
807 1324 939 1361 oculos
974 1323 1211 1361 habuerunt:
1242 1322 1343 1360 scili-

223 1402 281 1429 cet
297 1404 439 1440 pacem.
468 1393 623 1442 Qualem
642 1403 730 1430 vero
747 1393 765 1431 ⁸?
792 1393 1020 1430 Brittannus
1030 1421 1043 1440 ,
1059 1393 1093 1432 C
1106 1394 1149 1430 al
1163 1404 1186 1441 g
1197 1405 1216 1430 a
1229 1393 1242 1429 1
1256 1404 1280 1430 ιι
1293 1404 1311 1430 s
1325 1420 1339 1439 ,

224 1462 420 1501 Tacito
461 1463 528 1512 (3)
567 1471 687 1510 teste,
740 1463 784 1500 de
821 1463 1000 1500 Romanis
1046 1471 1205 1500 testatus
1254 1471 1335 1500 est:

227 1532 442 1581 „auferre‚
493 1531 706 1580 trucidare,
763 1545 916 1580 rapere⁷
970 1532 1074 1570 falsis
1123 1532 1339 1570 nominibus
1390 1518 1394 1520 ,

227 1631 250 1649 „
275 1605 498 1654 impertiunt,
536 1611 675 1650 atque,
710 1591 775 1640 ubi
811 1603 1050 1641 solitudinem
1077 1601 1246 1650 faciunt,
1267 1613 1341 1654 pa·

228 1700 251 1719 ,‚
276 1686 350 1710 cem
395 1673 582 1721 appellant
606 1672 631 1689 ’⁹
669 1673 755 1722 (4).
832 1673 883 1711 Et
921 1683 1046 1711 revera
1079 1674 1233 1712 simulac
1260 1674 1341 1711 Ro-

1269 1756 1343 1782 ma-

265 1852 316 1891 (ι)
338 1855 387 1883 Cf.
410 1855 688 1891 Barthelemy,
712 1858 778 1886 1.1.
802 1858 826 1886 1.
850 1866 882 1892 p.
907 1861 955 1891 58.
980 1866 1046 1890 1:31.

263 1911 314 1950 (α)
336 1912 385 1940 Cf.
408 1913 564 1947 Heyne,
585 1912 632 1948 (in
654 1914 764 1949 Opust.
788 1914 972 1951 Aeadfflh)
991 1915 1026 1943 de
1045 1917 1250 1944 Romanarum
1261 1922 1340 1952 prn-

225 1972 331 1999 ,sentia
358 1972 390 1997 iu
411 1969 560 2004 finiendis
589 1972 693 1999 hellis.
1004 1972 1006 1975 ’

264 2028 314 2067 (3)
337 2029 372 2056 In
394 2029 463 2057 vita
481 2028 670 2064 Agricolae,
692 2036 717 2056 c.
740 2036 790 2063 30-
810 2039 850 2049 -
870 2031 917 2058 cf·
942 2029 1112 2066 Caesar,
1141 2031 1175 2060 de
1196 2031 1236 2058 B.
1257 2032 1294 2059 G.
1315 2031 1339 2060 1.

225 2094 253 2115 c.
278 2090 306 2116 8.

264 2143 317 2181 (4)
340 2142 458 2171 Idcirco
491 2142 623 2169 Romani
649 2141 767 2176 saepius
794 2141 958 2170 obediendi
982 2142 1215 2179 necessitatem,
1244 2144 1342 2179 gentl-

226 2202 282 2229 bus
309 2201 500 2237 impositam,
520 2199 708 2233 appellabant
737 2199 883 2227 blandiori
909 2207 985 2227 voce
1012 2201 1216 2234 Societatem,
1237 2199 1341 2228 devic-

228 2266 274 2285 ms
302 2259 413 2291 societ,
437 2263 468 2284 et
483 2254 606 2290 copias,
624 2263 697 2290 quas
714 2257 743 2283 hi
763 2256 882 2284 mittere
909 2255 982 2288 jussi
1002 2265 1090 2293 sunt,
1116 2259 1256 2286 auxilia.
1299 2258 1340 2284 lta

1190 2328 1192 2330 ·
1250 2315 1341 2342 Grae-
