1502 2767
401 144 1003 188 THEOL'OGICA.
1188 162 1254 197 171

630 303 666 350 S.
711 315 769 341 11.

567 468 657 506 Pax
683 474 853 505 aeterna.

199 612 327 651 Pacem
353 621 476 653 amant
495 622 709 663 perpetuam
737 614 815 655 fere
840 626 972 655 omnes
998 616 1167 655 homines
1186 618 1264 655 cui·

148 682 262 722 tiores
277 711 292 731 ,
319 692 362 723 ut
386 684 550 734 primum
567 714 580 734 ‚
600 687 788 735 susceptis
810 687 920 725 armis
936 715 949 734 ‚
980 686 1106 736 fugam
1131 686 1236 725 illius
1253 716 1264 733 ,

146 753 282 792 artium
314 763 428 803 atque
453 756 690 795 scientiarum
727 769 927 805 rerumque
955 758 1122 795 omnium
1154 757 1269 795 bona-

149 835 232 862 rum
257 825 372 863 almae
397 826 525 865 matris
551 837 592 864 ac
611 826 750 865 altricis
775 827 918 876 experti
940 838 1055 877 suntg,
1080 829 1166 866 licet
1191 828 1268 865 ani-

150 893 202 932 mi
241 903 367 934 motus
408 896 595 944 quoddam
627 898 804 946 temporis
838 897 998 946 spatium
1037 899 1269 946 impediant,

152 964 357 1012 quominus
398 965 512 1004 homo
553 965 741 1005 existimet
770 979 897 1015 pacem
912 997 924 1015 ‚
977 968 1065 1006 licet
1113 968 1270 1015 efficiat,

151 1042 195 1072 ut
231 1035 315 1083 paci
352 1036 527 1075 succedat
553 1037 718 1086 bellum3
748 1049 876 1076 verum
903 1037 1092 1077 enimvero
1115 1039 1270 1077 simulac

151 1104 253 1143 beno
294 1107 416 1144 omnis
451 1108 549 1157 jacet
582 1109 681 1146 salus
722 1119 764 1147 ac
808 1109 962 1157 sordet,
1000 1109 1162 1157 quisque
1198 1122 1268 1148 usu

151 1176 310 1216 edoctus
337 1177 555 1216 tristissimo
572 1206 585 1226 ,
613 1190 689 1217 eam
726 1179 884 1228 requirit
907 1180 992 1229 (1).
1046 1180 1150 1218 Pacis
1193 1189 1271 1217 stu·

120 1245 123 1246 ⁷
151 1246 254 1285 dium
269 1276 283 1295 ,
298 1248 488 1288 humanae
514 1259 667 1288 naturae
691 1250 847 1288 inditum
864 1280 876 1298 ‚
892 1250 1068 1288 omnibus
1088 1251 1242 1299 populis
1257 1279 1270 1298 ‚

155 1319 345 1358 societatis
370 1321 522 1358 vinculo
550 1319 789 1369 conjunctis,
804 1319 902 1358 haud
913 1318 1033 1358 abfuit
1048 1349 1061 1367 ‚
1079 1329 1114 1358 et
1138 1320 1212 1369 ipsi
1233 1320 1273 1358 in

153 1388 371 1429 foederibus
397 1390 600 1439 pangendis
616 1402 741 1439 pacem
755 1390 912 1428 summis
932 1390 1144 1428 extulerunt
1159 1390 1275 1429 laudi-

157 1459 248 1498 bus.
276 1460 356 1498 Imo
377 1461 539 1510 populi,
556 1461 645 1499 belli
657 1460 920 1509 amantissimi,
937 1461 1098 1498 Romani
1111 1460 1274 1508 scilicet,

157 1530 197 1569 in
221 1530 438 1571 foederibus
464 1531 575 1571 verba
596 1559 627 1580 ‚,
641 1541 684 1570 ut
709 1533 797 1581 pax'
805 1532 866 1581 pia
879 1539 1057 1580 perpetua
1075 1531 1125 1569 sit
1135 1531 1161 1548 ’⁹
1172 1531 1275 1569 adhi-

156 1601 244 1639 bere
269 1601 374 1639 soliti
402 1590 556 1641 fuerunt
583 1602 668 1651 (2).
695 1601 813 1651 Impie
835 1611 957 1640 autem
985 1602 1203 1650 saepissime
1229 1601 1274 1640 ab

156 1670 208 1711 iis'
230 1680 372 1721 pactam
386 1671 531 1722 fuisse,
539 1673 624 1722 jure
645 1684 848 1722 possumus
876 1672 996 1711 dicere
1009 1673 1077 1723 (3)
1093 1700 1105 1719 ‚
1134 1673 1273 1721 quippe

157 1753 254 1790 quae
294 1743 452 1782 subdola
488 1742 577 1782 fuit?
594 1742 827 1791 devictisque
872 1743 1048 1792 gentibus
1085 1742 1273 1781 interitum

158 1822 323 1853 struens.
351 1814 562 1853 Hominum
574 1813 674 1852 bona
688 1813 834 1851 indoles
859 1813 913 1851 sic
926 1815 1027 1852 recta
1042 1812 1102 1850 vizi
1117 1811 1275 1851 declina—

1238 1896 1275 1921 re

197 2021 250 2060 (r)
273 2024 326 2054 cf.
349 2023 550 2057 schmalz,
570 2023 635 2051 1-1.
651 2029 684 2056 p.
705 2021 774 2050 260.

195 2082 250 2122 (ιι)
271 2082 319 2111 Cf.
335 2079 602 2116 Brissonius,
622 2079 657 2107 aa
669 2078 817 2117 formulis
841 2077 955 2112 Populi
976 2074 1126 2111 Romani,
1148 2073 1201 2103 lib.
1223 2074 1276 2102 lv.

155 2151 222 2181 ΦΨ·
237 2151 287 2181 49·

193 2201 247 2240 (3)
267 2201 324 2229 Vd.
345 2200 375 2236 ς.
396 2197 536 2235 praeced.
