1502 2767
409 172 1007 213 THEOLO-Gch.
1223 181 1272 221 ‘73

157 283 296 333 ingenii
328 282 561 333 cogitatum,
589 282 649 321 cui
677 283 799 320 accedi
831 291 987 331 posset,
1015 281 1117 330 quod
1150 271 1271 319 tamen

156 364 345 403 nunquam
387 352 545 402 attingi3
582 373 638 382 —
674 361 710 390 et
737 351 1066 398 Tzschirner,
1094 351 1197 389 omni
1222 362 1278 390 ra-

144 423 284 471 tione,
301 435 375 471 qua
402 434 473 472 pax
492 423 553 461 illa
568 451 581 471 ,
608 422 782 461 omnibus
807 433 893 460 sane
917 421 1151 459 desideranda
1166 448 1179 467 ,
1208 431 1276 459 uu-

156 504 266 542 quam
294 493 383 532 oriri
409 487 567 543 posset,
595 501 824 542 perscrutata
851 493 944 541 (ι),
971 491 1158 530 concludit
1181 492 1274 539 (2):

153 564 263 603 nullo
300 564 413 602 modo
450 563 529 602 fieri
579 573 695 611 posse
723 590 736 609 ‚
789 572 832 600 ut
878 561 1013 600 bellum
1038 589 1051 610 ‚
1107 562 1277 599 dummo-

155 633 207 672 do
249 633 419 672 homines
458 633 497 671 in
529 633 597 672 hac
633 645 753 671 rerum
795 633 1010 671 conditione
1054 641 1273 679 versentur,

154 703 266 752 plane
312 714 332 741 e
378 704 556 750 societate
601 703 757 741 humana
802 704 969 742 tollatur.
1033 703 1122 752 Quo
1154 703 1275 748 duce,

154 773 194 812 in
229 773 349 812 varias
392 773 473 811 illas
501 773 661 812 rationes
694 772 855 811 breviter
891 773 1077 822 inquirere
1110 772 1202 812 mihi
1233 773 1276 810 li·

159 851 255 883 ceat-

211 919 268 953 1⁰.
298 914 456 963 Duplici
483 920 625 951 tantum
650 906 806 949 'ratione
827 912 1022 949 commoda
1043 911 1272 950 diversarum

157 984 320 1033 gentium
337 984 433 1022 inter
445 995 487 1022 se
511 984 685 1022 collidere
705 992 893 1031 possunt;
923 982 1004 1021 unci
1024 981 1164 1021 scilicet
1178 1011 1191 1029 ‚
1207 983 1278 1021 itn-

155 1054 262 1104 perio
288 1064 364 1092 uno
385 1066 405 1092 e
443 1053 555 1093 variis
581 1053 796 1091 civitatibus
829 1053 1118 1100 constituendo,
1146 1054 1276 1092 altera

148 1129 275 1170 vero,
315 1122 476 1161 vinculis
507 1123 604 1160 inter
640 1122 749 1160 hasce
789 1123 1021 1170 rumpendis.
1085 1123 1198 1172 Quod
1229 1124 1274 1161 ad

153 1192 308 1241 primam
331 1193 466 1231 attinet
482 1221 495 1240 ,
523 1203 713 1241 nunquam
736 1193 867 1241 populi
893 1204 1021 1231 omnes
1045 1203 1179 1242 sponte
1203 1195 1273 1232 sud

155 1262 380 1301 convenient
394 1266 431 1301 in
445 1274 560 1302 unum
574 1262 784 1311 imperium.
800 1263 957 1302 Diversa
971 1276 1098 1301 eorum
1110 1265 1253 1303 indoles
1267 1294 1281 1312 ‚

154 1343 308 1379 mores,
344 1333 488 1371 diversa
515 1332 713 1378 instituta,
742 1342 809 1370 nec
844 1332 966 1371 minus
1004 1333 1182 1381 libertas,
1210 1335 1271 1372 cui

156 1401 294 1451 singuli
315 1403 493 1450 student,
519 1413 706 1450 quamque
731 1403 836 1440 nullo
859 1402 979 1451 pretio
1001 1403 1168 1441 amittere
1196 1404 1274 1441 vel-

153 1473 260 1519 lent,
291 1471 470 1520 praebent
503 1478 560 1509 tot
584 1471 868 1521 impedimenta,
898 1473 1099 1520 quominus
1134 1483 1272 1522 suopte

156 1551 285 1580 omnes
317 1552 338 1579 e
365 1541 611 1579 dissitissimis
655 1542 872 1590 regionibus
911 1543 975 1581 nni
1008 1544 1149 1582 civitati
1186 1556 1270 1584 sese

155 1609 395 1659 subjicerent.
426 1610 574 1660 Quodsi
595 1611 711 1659 igitur
735 1611 843 1650 armis
871 1612 944 1650 hoc
967 1613 1158 1662 imperium
1177 1627 1269 1654 con-

157 1680 386 1718 stituendum
420 1689 529 1729 putes
546 1708 559 1728 ‚
587 1692 683 1728 opus
713 1690 770 1719 est
793 1681 1002 1721 fortissimo
1034 1684 1120 1722 belli
1146 1687 1238 1724 duce
1256 1717 1269 1736 ,

158 1749 221 1788 cui
235 1751 356 1789 omnia
371 1761 548 1799 prospere
560 1751 758 1790 succedant
772 1780 785 1799 ,
800 1761 842 1789 ut
857 1761 975 1792 totum
988 1763 1103 1793 terrae
1113 1757 1238 1796 orbem
1253 1788 1266 1807 ‚

156 1821 271 1859 immo
293 1820 557 1859 remotissimas
571 1821 741 1870 regiones
761 1832 909 1870 superet
924 1836 1071 1864 omnes.
1092 1826 1188 1865 Huic
1202 1828 1268 1866 im-

160 1890 256 1928 mani
279 1890 383 1936 operi
398 1891 645 1938 perficiendo,
661 1878 790 1930 invitis
804 1895 977 1942 populis,
997 1897 1061 1944 qui
1074 1909 1113 1935 ea
1125 1909 1201 1936 non
1213 1899 1268 1938 fa-

156 1961 226 2000 cile
239 1961 422 2010 sinerent,
435 1961 575 2011 ingenti
585 1974 680 2012 opus
691 1972 877 2012 potestate
901 1974 1000 2003 esset
1014 1995 1026 2014 ,
1039 1978 1106 2005 nec
1120 1979 1195 2006 non
1210 1981 1267 2007 sa,

1211 2038 1267 2087 pi·

197 2141 251 2178 (ι)
271 2140 339 2170 Vid.
363 2140 416 2170 ille
443 2143 466 2171 1.
494 2143 517 2171 1.
549 2142 601 2171 ubi
623 2143 674 2178 (p.
700 2144 846 2183 61—72.)
864 2146 995 2181 primam
1027 2147 1194 2183 rationem,
1217 2148 1266 2186 (p.

161 2198 310 2235 72—88.)
330 2201 460 2227 alteram
483 2207 514 2228 et
532 2199 580 2236 (p.
599 2200 750 2237 88—91.)
772 2204 902 2230 tertiam
924 2203 1116 2235 examinavit.

198 2257 250 2293 (ε)
271 2254 349 2285 lbid.
369 2263 399 2292 p.
422 2260 470 2293 93.
