1523 2745
311 182 1070 229 OBSERVATIONES.
1185 181 1256 226 185

149 301 244 339 doro
269 298 340 349 (1)
368 298 405 337 in
436 296 714 345 Hecatompedo
750 294 960 343 posuisset,
988 292 1132 331 Elidem
1169 303 1253 341 pto·

149 367 289 408 fectum
326 379 432 415 esse,
479 367 606 414 ibique
645 364 752 415 Jovis
795 363 962 412 Olympii
1009 362 1162 401 finxisse
1209 361 1259 400 si·

151 439 380 485 mulacrum3
422 436 552 474 deinde
587 446 632 473 ex
660 423 724 472 hac
750 433 842 471 urbe
876 434 1071 480 reducem,
1102 432 1257 481 Olymp.

151 507 349 547 LXXXV.
372 520 409 555 4.
442 507 632 545 Archonte
659 504 918 552 Euthymene‚
947 504 1147 551 Propylaea
1167 502 1264 540 aedi·

151 576 262 615 ficare
297 575 494 624 coepisse‚
548 586 668 622 eoque
698 582 865 621 tempore
900 573 938 610 in
965 572 1143 611 offensam
1171 572 1265 609 inci-

157 645 285 692 disse,
334 657 443 694 quam
477 644 636 683 Pericles
677 639 869 689 maximis,
922 653 1018 690 quos
1059 641 1267 689 erogabat,

156 715 376 762 sumtibus,
417 715 456 752 in
484 725 524 751 se
558 713 752 751 excitabat.
805 713 1044 764 Quapropter
1080 711 1173 749 infra
1197 712 1265 750 hac

157 786 204 826 de
230 797 271 824 re
299 784 429 834 agendi
457 785 564 822 loeus
598 783 684 821 erit.

222 927 310 966 obs.
357 927 498 969 XXIV.
548 928 591 965 F.
635 927 872 966 Christianus
914 928 960 965 ad
1002 923 1264 976 Aristophanis

158 996 393 1035 Scholiasten
419 997 490 1045 (2)
529 1005 662 1046 putat,
703 997 801 1035 hunc
839 997 1146 1036 Psammetichum
1182 1009 1271 1035 eun-

161 1067 244 1105 dem
291 1066 435 1113 fuisse,
496 1066 542 1103 de
591 1076 666 1112 quo
713 1065 927 1103 Herodotus
967 1066 1037 1114 (3)
1080 1067 1266 1114 loquitur:

160 1134 335 1183 additque
371 1135 462 1172 hanc
491 1134 719 1182 largitionem
753 1133 884 1171 factam
913 1145 993 1172 esse
1021 1146 1065 1172 eo
1092 1135 1181 1173 belli
1205 1136 1274 1174 Pe-

163 1203 378 1252 loponnesii
420 1212 612 1251 ternpore,
660 1214 737 1249 quo
790 1203 1036 1242 Athenienses
1085 1207 1154 1242 ista
1191 1217 1276 1254 pes-

162 1281 201 1311 te
237 1269 513 1321 afflige'bantur,
542 1271 628 1319 quia
662 1274 764 1320 λιμός
798 1280 834 1309 et
872 1275 991 1322 λοιμός
1036 1285 1143 1322 saepe
1182 1285 1270 1314 sunt

166 1343 230 1383 σύν
250 1358 292 1382 τε
311 1343 363 1382 δύ’
390 1342 580 1391 ἐρχομένω.
619 1341 702 1391 Qua
729 1340 768 1378 in
795 1353 833 1378 re
858 1354 878 1379 a
901 1343 1069 1381 Doctiss.
1097 1345 1277 1393 interpre-

163 1418 202 1447 te
234 1409 429 1448 dissentire
476 1409 598 1448 liceat.
652 1409 811 1448 Primum
860 1411 955 1448 enim
1004 1413 1273 1453 Psammeticho

164 1477 221 1516 illi
248 1488 409 1527 quatuor
428 1478 601 1527 deinceps
630 1490 733 1527 reges
761 1491 1051 1530 successerunt,
1078 1493 1274 1532 antequam

165 1548 372 1597 Cambyses
411 1548 625 1597 Aegyptum
671 1536 960 1598 aggressusest
1004 1553 1095 1602 (4);
1149 1555 1198 1593 ita
1234 1565 1277 1594 ut

166 1617 240 1656 iste
273 1617 565 1658 Psammetichus
602 1617 664 1656 vix
694 1628 796 1667 pater
848 1631 928 1658 esse
962 1624 1125 1669 potuerit
1167 1624 1277 1665 istius

167 1687 292 1745 1nari,
317 1689 363 1726 de
384 1699 460 1735 quo
486 1687 627 1737 egimus
647 1689 693 1726 ad
717 1699 852 1728 annum
880 1691 929 1728 A.
960 1676 1010 1730 C.
1039 1694 1127 1739 460.
1151 1694 1278 1733 Psam-

171 1757 356 1796 metichus
404 1765 554 1804 autem,
605 1759 713 1807 cujus
752 1757 796 1796 fit
835 1761 972 1798 mentio
1016 1764 1114 1810 apud
1163 1764 1281 1803 Scho-

169 1826 334 1876 liasten,
370 1825 531 1866 fortasse
565 1827 664 1866 filius
691 1827 764 1866 fuit
805 1830 916 1879 hujus
945 1831 1066 1881 Inari,
1108 1834 1157 1872 ita
1188 1844 1228 1873 ut
1261 1848 1281 1875 a
1318 1868 1319 1871 ,

1193 1917 1281 1953 pro·

210 2019 263 2058 (ι)
284 2019 334 2048 Sic
356 2021 437 2049 enim
462 2021 654 2051 scribendum
671 2023 701 2051 in
719 2024 899 2054 Philochoro
918 2027 995 2062 apud
1011 2028 1111 2059 schol.
1130 2029 1286 2068 Aristoph.

172 2077 241 2105 Pac.
267 2084 314 2106 vs.
336 2080 405 2115 604.

214 2132 269 2169 (α)
290 2134 339 2162 Ad
359 2135 473 2171 Vespp.
500 2143 547 2165 vs.
567 2139 632 2169 716.

211 2192 266 2227 (3)
287 2190 355 2220 Lib.
379 2193 419 2221 11.
445 2198 508 2226 ¹⁵7·

219 2247 274 2285 (4)
296 2246 412 2278 Herod.
439 2250 479 2278 11.
499 2252 565 2283 158.
581 2258 626 2285 sq·
646 2253 712 2280 161.
735 2258 781 2286 sq.
799 2252 851 2280 ΠΙ.
872 2261 898 2282 ι.
