1502 2767
438 168 1031 212 THEOLOGICA.
1225 181 1292 209 201

189 287 248 324 los
279 291 408 322 nostra
441 282 613 321 memoria
645 281 876 330 Napoleonti
914 291 994 318 sese
1030 288 1294 333 opponentes,

190 355 255 402 qui
292 353 600 392 vero'libertatis
637 353 762 390 studio
805 351 944 389 incensi
979 350 1154 389 laudabili
1192 349 1300 388 forti-

188 424 316 463 tudine
350 422 634 462 excelluerunt?
685 421 787 472 Quid
819 422 976 459 Batavos
1013 429 1142 458 contra
1180 419 1299 459 foedi-

189 492 479 543 fragos'sselgas
520 504 617 530 arma
657 500 802 540 promte
835 500 871 529 et
907 490 1071 529 alacriter
1107 490 1302 539 accingen-

186 563 278 602 tes?
320 563 502 611 Cujusvis
536 562 687 608 aetatis,
714 561 787 599 loci
815 571 851 598 et
880 560 1022 598 ordinis
1056 560 1184 606 cives,
1214 573 1303 608 qua-

187 633 258 670 lem
305 631 495 679 religionis
548 631 782 670 Christianae
827 630 995 669 doctrina
1050 631 1196 669 civibus
1241 643 1304 679 pa-

188 701 278 740 triae
309 713 467 740 amorem
502 701 680 747 instillet,
734 701 924 739 luculento
965 701 1182 739 testimonio
1216 712 1304 748 pro-

187 773 323 810 barunt
350 772 432 820 (1).
460 790 512 799 -
538 773 648 810 Dicta
665 773 787 810 valent
811 782 964 819 quoque
985 772 1029 808 de
1050 770 1207 818 singulis
1227 770 1302 807 bel-

185 844 262 880 lum
303 842 534 890 gerentibus.
589 843 788 883 Astrorum
825 841 939 879 instar
971 841 1066 878 inter
1105 840 1302 878 Helvetios

186 913 311 950 lucent
356 911 583 949 Guilielmus
633 911 739 957 Tell,
794 911 986 948 Arnoldus
1038 908 1302 955 Winkelried‚

187 981 253 1028 qui
283 992 380 1019 anno
410 983 519 1028 1386.
549 981 594 1017 ad
617 980 797 1026 Sempach
826 990 908 1017 sese
937 980 1145 1017 Austriacis
1183 992 1305 1028 oppo-

185 1061 276 1092 nens
311 1049 615 1087 suisvictoriam
654 1048 909 1096 comparavit3
952 1049 1077 1085 lucent
1116 1049 1215 1086 mille
1250 1050 1302 1087 illi

184 1129 222 1158 et
257 1118 406 1158 ducenti
440 1120 600 1164 heroes,
642 1118 706 1165 qui
739 1129 836 1155 anno
876 1129 987 1166 1445.
1017 1118 1190 1157 omnibus
1223 1120 1305 1157 Lu·

183 1190 308 1229 dovici
341 1190 409 1228 XI.
438 1189 559 1236 copiis
596 1190 861 1235 adversantes,
902 1197 1020 1225 morte
1054 1190 1123 1226 suit
1152 1189 1302 1228 heroica

182 1259 375 1299 Ludovici
409 1259 571 1296 animum
613 1258 662 1295 ita
705 1266 930 1305 moverunt,
984 1267 1025 1296 ut
1058 1270 1182 1305 pacem
1216 1271 1301 1296 cum

184 1330 373 1369 Helvetiis
405 1337 612 1377 pangeret3
643 1329 738 1367 inter
771 1328 905 1367 Gallos
945 1329 1134 1366 Eustache
1167 1329 1212 1366 de
1243 1330 1301 1367 St.

181 1400 331 1447 Pieri-e,
385 1400 449 1447 qui
486 1410 570 1436 cum
613 1398 694 1436 aliis
730 1399 907 1438 Eduardo
946 1399 1056 1436 tertio
1094 1410 1178 1437 sese
1213 1399 1304 1437 offe-

181 1483 297 1518 rens,
324 1470 574 1519 complurium
603 1470 737 1516 vitam,
766 1467 890 1516 regina
927 1468 1146 1518 adjuvante,
1177 1469 1306 1516 depre-

182 1551 289 1580 catus
323 1551 379 1579 cst
407 1540 503 1590 (2);
548 1540 677 1586 Eques
713 1539 854 1586 d'Ayas
886 1537 951 1585 qui
981 1538 1084 1574 solus
1118 1538 1302 1587 ingentem

184 1612 320 1651 Gallici
351 1610 537 1650 exercitus
574 1608 718 1657 copiam
759 1608 896 1646 salvam
933 1616 967 1644 et
1011 1608 1189 1656 sospitem
1224 1611 1305 1647 red-

1251 1682 1304 1718 di·

223 1804 276 1840 (ι)
305 1805 369 1832 cfr.
405 1805 449 1832 M.
487 1805 524 1832 C.
564 1811 637 1831 van
676 1803 785 1835 Hall,
825 1802 1037 1838 Redevoering
1071 1810 1120 1830 ten
1157 1806 1277 1840 betooge
1291 1825 1301 1840 ,

182 1863 237 1892 dat
259 1863 292 1890 de
315 1868 399 1899 geest
418 1871 476 1890 van
501 1861 572 1888 omle
594 1861 674 1888 moed
694 1870 728 1887 en
757 1860 991 1896 zelfopoffcring
1011 1870 1046 1887 en
1065 1861 1176 1890 anderu
1204 1850 1304 1890 volktss

185 1920 339 1956 derrgden,
359 1919 407 1946 die
425 1918 458 1945 de
480 1919 680 1954 ingezetenen
698 1926 756 1946 van
777 1917 846 1944 Oua
863 1917 1046 1944 Nederlund
1065 1918 1153 1945 thans
1173 1927 1224 1946 zao
1247 1919 1306 1955 lof-

176 1978 277 2015 felt'jk
303 1975 555 2009 onderschefflen,
576 1984 636 2002 aun
663 1984 742 2004 ware
765 1974 991 2010 gadsdiemtige
1010 1983 1046 2001 en
1063 1975 1216 2015 gudeliy'ke
1233 1985 1302 2004 ver-

183 2035 319 2071 lichting
339 2043 374 2060 en
395 2032 580 2068 beschavt‘ng
599 2032 821 2066 voornamelijk
847 2033 915 2066 zijn
932 2031 1014 2058 dank
1031 2038 1059 2058 te
1077 2039 1193 2067 weten,
1217 2035 1302 2068 1831.

183 2092 260 2120 Item
296 2092 408 2119 Vener.
438 2091 475 2117 D.
507 2090 545 2118 T.
572 2090 695 2124 Huiit,
724 2090 805 2117 Ovcr
832 2089 887 2116 den
913 2088 1037 2117 invloed
1070 2089 1124 2116 der
1157 2091 1299 2120 Volkshe-

186 2149 331 2183 schaving
354 2154 389 2183 op
410 2148 445 2174 de
471 2153 540 2174 rust
563 2147 618 2174 cler
642 2148 762 2176 naticn.

226 2201 277 2240 (ε)
298 2203 362 2233 Cfr.
383 2204 553 2238 Belloy,
573 2202 604 2230 in
629 2203 755 2238 praefat.
784 2203 891 2232 histor.
906 2224 916 2239 ,
946 2203 1129 2238 Tragoediae
1151 2205 1192 2232 Le
1216 2206 1301 2241 Singa

189 2260 222 2288 de
249 2261 352 2288 Calais
372 2260 546 2295 praemissa.
