1523 2745
296 218 372 265 236
451 215 704 254 COMM.
757 213 1264 253 LITERARIA.

292 335 339 364 na
358 322 578 374 praestantia
596 333 749 371 prorsus
763 323 1028 369 desciscerent3
1056 323 1162 372 qu'us
1185 323 1264 361 vitii
1279 323 1394 363 Cleo·

292 397 455 445 phantus
489 393 785 438 Themistoclis,
824 392 1071 440 Lysimachus
1117 391 1318 438 Aristidis,
1358 399 1396 430 et

251 501 254 503 .
293 465 461 502 Milesias
483 474 518 501 et
554 463 761 510 Stephanus
810 471 964 509 uterque
996 461 1233 511 Thucydidis
1267 460 1391 508 filius,

290 526 444 572 ma'xime
475 533 667 572 accusandi
694 531 845 569 fuerunt
874 529 957 579 (1).
1011 532 1069 570 De
1093 530 1257 568 Periclis·
1277 537 1397 568 tamen

289 602 377 641 filiis
424 613 500 641 non
536 602 688 639 omnino
735 603 949 648 desperasse
980 600 1152 638 videnmr
1196 600 1400 638 Athenien·

290 684 349 710 ses
387 672 479 721 (α),
523 672 664 719 quippe
693 671 758 717 qui
784 671 900 708 adhuc
933 671 1088 718 juvenes
1126 678 1276 718 essent3
1305 681 1398 717 quae

289 750 410 778 tamen
455 752 539 787 spes
581 751 804 787 praematura
854 750 978 776 eorum
1026 748 1144 776 morte
1186 740 1223 776 in
1257 750 1393 777 vanum

288 809 406 857 abiit3
435 809 467 847 si
495 808 640 857 ciuidem
668 809 713 846 ad
735 820 799 845 eos
824 819 899 845 non
925 808 1085 856 pertinet
1108 807 1268 845 Socratis
1289 818 1396 845 accu-

290 878 386 917 satio
403 879 441 916 in
468 877 624 926 Gorgia.
651 877 719 927 (3)
745 878 813 915 Illo
840 877 936 914 enim
961 886 1155 925 tempore,
1184 888 1260 924 quo
1291 877 1393 914 hicce

289 949 471 996 Dialogus
503 947 650 985 habitus
685 958 766 984 esse
801 946 981 994 fingitur,
1021 945 1158 983 dudum
1186 953 1292 992 peste
1329 944 1396 982 ab·

290 1017 404 1056 sumti
444 1017 614 1054 fuerant:
656 1016 721 1054 sed
755 1027 800 1054 eo
837 1017 921 1053 loco
960 1015 1217 1063 intelliguntur
1246 1013 1396 1053 Periclis

292 1081 576 1128 consanguinei,
618 1080 682 1126 qui
724 1089 760 1117 et
800 1089 888 1127 post
931 1080 1010 1128 ejus
1045 1089 1200 1116 mortem
1229 1089 1393 1126 magnam

292 1149 331 1187 in
372 1149 518 1187 civitate
563 1149 815 1186 auctoritatem
850 1149 1083 1194 habuerunt,
1113 1159 1153 1185 ut
1203 1160 1246 1186 ex
1295 1148 1399 1185 Alci-

293 1219 410 1256 biadis
452 1218 765 1266 Hippocratisque
801 1218 871 1266 (4)
908 1220 1080 1265 exemplo
1110 1228 1274 1265 apparet.
1337 1218 1395 1255 De
1449 1220 1456 1227 ‘

292 1289 418 1326 Paralo
452 1287 545 1324 nihil
577 1287 710 1323 diserte
748 1295 984 1324 memoratum
1018 1287 1257 1333 invenimus,
1297 1287 1394 1324 unde

291 1357 430 1405 aliquid
477 1365 604 1394 contra
647 1367 729 1392 eum
761 1355 910 1403 probari
949 1356 1099 1403 possit:
1156 1356 1393 1404 Xanthippus

291 1437 382 1464 vero
412 1437 431 1462 a
453 1424 650 1463 Plutarcho
680 1424 789 1461 nobis
827 1424 1037 1472 depingitur
1063 1425 1240 1473 prodigus
1266 1425 1398 1473 patris-

293 1507 366 1542 que
395 1506 515 1532 coram
556 1494 635 1531 aliis
666 1494 819 1541 irrisor3
861 1495 909 1531 ita
956 1503 995 1531 ut
1032 1503 1068 1531 et
1104 1495 1256 1540 uxoris,
1287 1506 1393 1542 quarn

289 1565 429 1602 Isandri
456 1564 565 1601 filiam
589 1565 768 1610 duxerat,
806 1565 964 1602 laederet
992 1564 1121 1602 famam
1138 1593 1151 1611 ‚
1177 1565 1314 1602 multos
1352 1566 1396 1602 de

291 1634 561 1672 necessitudine
605 1645 698 1681 quae
734 1645 809 1671 eam
858 1633 952 1671 inter
996 1635 1246 1682 Pericleinque
1285 1634 1398 1672 exsti-

292 1705 407 1752 terit,
445 1715 609 1742 rumores
658 1703 695 1740 in
734 1704 868 1751 vulgus
906 1715 1104 1752 spargens3
1135 1712 1170 1740 et
1209 1705 1253 1741 ad
1297 1715 1396 1740 mor-

291 1784 365 1812 tem
391 1786 508 1822 usque
546 1773 640 1821 patri
671 1773 841 1811 inimicus
878 1781 1102 1821 permaneret
1121 1774 1202 1821 (5).
1254 1773 1393 1812 Utrum

1335 1843 1405 1881 Pe·

332 1949 385 1989 (1)
406 1948 534 1976 Aristot.
570 1945 673 1974 Rhett.
707 1945 743 1973 11.
773 1952 818 1977 ις.
853 1953 883 1979 p.
917 1946 981 1979 566.
1004 1945 1043 1974 C.
1084 1963 1125 1971 -.
1165 1944 1334 1981 Himerius,
1365 1953 1401 1980 p·

295 2018 362 2042 250.

328 2064 382 2102 (η)
398 2065 471 2092 Plat.
490 2061 521 2089 in
539 2061 619 2088 Prot.
635 2067 701 2094 cap.
720 2061 767 2089 16.
790 2067 820 2094 p.
847 2061 915 2092 228.
937 2059 976 2088 D.

328 2122 381 2157 (3)
400 2123 473 2155 cap.
498 2127 540 2154 ¹7·
560 2127 590 2154 p.
616 2125 682 2152 472.
714 2115 751 2144 13.

330 2178 380 2215 (4)
402 2176 494 2206 Conf.
522 2177 595 2204 Ohs.
618 2176 675 2205 IV.

330 2235 381 2271 (5)
402 2235 482 2263 Plut.
499 2232 530 2260 in
547 2234 611 2260 Per.
629 2240 695 2267 cap.
719 2233 765 2264 36.
785 2239 816 2265 p.
840 2238 902 2265 ¹71·
926 2229 1017 2258 conf.
1039 2236 1104 2263 cap.
1137 2236 1181 2262 13·
1211 2235 1244 2263 p.
1273 2232 1337 2259 160.
1355 2229 1391 2258 Ε.

298 2299 366 2328 (πρ.
387 2295 435 2322 16·
456 2298 485 2325 p.
512 2290 575 2319 162.
596 2290 633 2317 A.
