1502 2767
256 152 306 200 96
475 149 1138 209 COMMENTATio

258 254 565 309 humani'generis
579 259 737 307 dicitur,
755 268 795 297 ut
815 261 1005 299 victoriam
1023 288 1035 308 ‚
1051 272 1071 298 a
1085 260 1122 298 V
1135 271 1154 298 e
1166 271 1184 298 s
1195 272 1221 309 p
1235 273 1254 300 a
1266 272 1285 300 s
1297 261 1310 299 i
1321 274 1362 301 a·

255 341 280 366 n
297 341 319 367 o
350 331 395 367 de
425 330 683 379 Hierosolme’s
701 338 921 379 reportatam
937 359 950 378 ,
971 331 1103 369 merito
1136 331 1360 380 celebraret,

256 407 312 436 ter
354 400 466 437 millia
506 399 744 448 Judaeorum
788 399 877 439 feris
925 401 962 438 in
1002 402 1221 449 spectaculis
1257 402 1362 451 obie-

253 468 306 507 cit
333 471 417 519 (1).
448 498 472 518 „
502 469 628 507 Homo
646 498 659 517 ‚
687 481 787 508 sacra
810 482 894 517 res,
920 471 1043 519 inquit
1069 471 1238 510 Seneca
1259 471 1354 522 (α),

254 567 280 587 „
306 540 418 578 homo
445 540 517 589 jam
544 551 608 588 per
641 541 763 578 lusum
791 551 832 578 ac
851 540 974 589 jocum
1001 540 1196 580 occiditur.
1212 541 1238 558 ”
1285 541 1360 579 Po·

252 611 409 658 pulum,
434 611 540 658 qu'us
565 618 643 647 tota
669 609 812 648 indoles
837 610 894 647 his
918 618 954 647 et
974 610 1054 648 aliis
1079 610 1190 649 rebus
1212 610 1260 649 ad
1279 622 1360 649 cae-

250 681 331 734 dem
355 680 563 728 composita
586 679 722 727 fuerit,
769 692 877 728 quam
911 681 1066 718 maxime
1096 693 1180 720 eum
1205 682 1252 720 ad
1278 681 1359 720 bel-

251 749 399 787 landum
422 749 701 788 inflammaverit
724 750 845 788 caedis
874 749 1079 798 cupiditas!
1184 750 1188 753 ’

449 915 608 943 BELLI
647 915 787 943 AMOR
830 915 897 943 ET
940 915 1156 944 GLOR1A-

297 1042 411 1084 Inter*
432 1044 693 1084 omnes—animi
720 1053 844 1082 motus
858 1072 870 1091 ,
899 1043 938 1082 hi
961 1052 1060 1083 certe
1082 1043 1180 1081 haud
1203 1042 1355 1082 minime

247 1126 376 1166 gentes
414 1118 459 1155 ad
497 1116 702 1154 bellandum
741 1115 956 1154 incitarunt.
1018 1114 1193 1153 Pluribus
1233 1107 1354 1163 placet

250 1187 394 1225 easdem
414 1186 487 1224 sibi
510 1198 634 1234 parare
657 1186 783 1224 laudes
799 1214 812 1233 ‚
827 1185 965 1233 quibus
990 1184 1145 1224 summis
1161 1185 1244 1222 elati
1267 1192 1357 1222 sunt

244 1257 289 1295 ab
316 1256 480 1304 antiquis
518 1257 660 1311 Heroes
678 1284 690 1304 ‚
718 1256 774 1293 uti
814 1241 1008 1303 Ninus,
1047 1256 1352 1305 Sesostris,

244 1327 541 1376 Cambyses,
600 1327 820 1372 Xerxes,
879 1325 1195 1373 Alexander,
1240 1327 1356 1365 Cae-

240 1409 344 1445 sar,
372 1397 544 1436 Attila
568 1398 665 1447 (3>;
694 1396 796 1444 quod
811 1407 897 1434 sane
923 1396 1043 1435 minus
1063 1394 1153 1433 feris
1175 1395 1350 1444 gentibus

240 1467 434 1518 proprium
461 1479 542 1505 esse
565 1468 687 1514 solet,
709 1478 801 1514 quas
825 1466 988 1504 vindicta
1002 1474 1038 1503 et
1059 1466 1210 1514 sanguis
1235 1466 1350 1515 inpri-

250 1539 319 1576 mis
349 1538 601 1576 exstimulant.
636 1537 796 1575 Simulac
812 1546 932 1574 autem
959 1545 1088 1585 gentes
1111 1536 1208 1574 ferae
1231 1547 1354 1576 acces·
1386 1528 1389 1529 ⁷

245 1610 359 1648 serint
386 1609 618 1657 aliquatenus
649 1607 694 1645 ad
718 1606 954 1652 societatem,
989 1607 1141 1644 bellicae
1167 1607 1286 1644 laudis
1311 1607 1350 1645 in

239 1680 285 1718 iis
311 1680 476 1717 cernitur
501 1679 638 1726 cupido
654 1705 668 1725 ,
695 1686 731 1715 et
755 1677 852 1715 haud
879 1676 1030 1714 minime
1044 1677 1143 1724 apud
1156 1677 1319 1726 populos
1336 1707 1350 1727 ‚

242 1751 345 1788 cuitu
362 1776 376 1797 ‚
415 1749 480 1797 qui
522 1748 687 1795 dicitur,
714 1747 927 1796 expolitos,
956 1747 1124 1796 quamvis
1150 1748 1195 1785 ab
1221 1749 1352 1788 huma-

1294 1830 1353 1858 m-

277 1947 332 1986 (ι)
354 1948 403 1977 Cf.
429 1949 535 1976 Flav.
557 1948 738 1985 Joseph.,
766 1947 802 1975 de
828 1947 916 1975 Bello
932 1947 1034 1985 Jud.‚
1055 1949 1122 1978 VH.
1143 1958 1188 1978 12.
1210 1949 1347 1983 Traia·

237 2014 284 2034 nu
296 2015 308 2034 s
321 2026 330 2041 ‚
349 2014 415 2033 cum
436 2005 616 2039 triumphurn
628 2024 638 2040 ‚
656 2003 759 2032 Dacia
780 2003 911 2040 domita,
928 2004 1057 2040 egisset.
1080 2006 1183 2033 decem
1203 2007 1348 2041 gladiato·

236 2071 302 2090 rum
329 2062 422 2090 millia
447 2062 478 2089 in
499 2069 618 2090 arenam
644 2060 782 2090 deduxit.
826 2060 899 2089 Dio
922 2062 1028 2090 Cass.
1051 2062 1187 2092 XLVIII.
1213 2071 1259 2097 15.

278 2119 330 2156 (ι)
350 2118 382 2146 In
408 2118 514 2154 Epist.
540 2125 589 2153 95.

227 2193 230 2195 >
274 2176 328 2211 (3)
350 2175 410 2204 eff.
434 2174 667 2211 Reinhard,
703 2175 839 2210 Prome,
865 2182 896 2210 p.
922 2176 988 2205 206.
1021 2182 1052 2204 et
1076 2177 1345 2213 M611er,1.1.

236 2242 267 2269 p.
296 2243 359 2268 3²¹2·
