1502 2767
260 168 331 214 164
478 161 1141 203 COMMENTATIO

256 285 382 323 parare
399 275 592 312 commoda
607 273 831 320 studebant,
852 282 888 326 et
908 273 976 312 Ox
984 256 1039 323 eii
1051 272 1235 310 stierna
1248 300 1263 320 ,
1282 273 1369 321 licei

256 344 360 383 Gus
375 353 513 382 tavus
548 343 684 380 bellum
710 343 756 380 ad
781 342 986 381 libertatem
1010 341 1262 380 vindicandam
1289 353 1373 394 ges-

258 415 398 462 sisset,
413 415 616 459 damnum,
643 414 797 451 Succiac
821 423 935 460 regno
959 414 1131 458 allatum,
1155 412 1259 460 justo
1281 412 1369 460 plus

255 494 499 532 compensare
511 483 675 521 volebat.
712 483 774 520 Ob
789 484 937 521 eandem
950 495 1027 520 rem
1042 483 1101 532 (a.
1123 480 1263 530 1673.)
1290 481 1372 531 Any

253 556 356 605 gliae
375 566 439 591 rex
461 565 546 592 cum
561 553 760 599 vordinibus
788 537 1016 591 Hollandiae
1038 553 1133 591 inire
1164 564 1290 601 pacem
1316 564 1374 590 re·

256 624 429 669 cusavit,
469 624 637 672 quamvis
678 622 723 661 ab
755 623 813 660 his
853 623 920 661 hac
951 623 997 660 de
1028 634 1067 660 re
1098 622 1290 670 monitus,
1330 631 1373 661 ut

257 694 428 743 sanguini
454 702 664 742 parceretur
695 694 856 731 humano
885 693 968 741 (1).
1020 690 1123 742 Quid
1152 700 1291 730 morata
1318 700 1375 731 est

257 774 330 811 pax
361 764 653 816 Ultrajcctina?
680 762 785 800 Num
821 762 932 811 legati
957 762 1144 802 Bataviae,
1167 770 1204 800 et
1220 762 1377 801 maxime

259 833 444 872 Austriac
478 833 615 871 idcirco
638 833 774 883 Anglis
801 832 1059 880 obstiterunt,
1086 832 1189 880 quod
1211 831 1283 870 sibi
1302 844 1379 870 ma·

254 904 337 953 jora
369 904 543 951 colligere
575 903 770 941 commoda
799 910 995 950 sperarunt
1022 899 1125 950 (εγ.)
1172 901 1379 940 Enimvero

256 973 417 1021 populi,
467 972 534 1020 qui
571 972 761 1023 puriorem
800 971 959 1019 amplexi
1002 980 1091 1010 sunt
1129 971 1377 1021 religionem,

257 1053 368 1089 raro,
396 1053 443 1079 ne
469 1042 587 1080 dicam
618 1053 834 1090 nunquam,
871 1042 1010 1080 tamdiu
1034 1042 1129 1080 bella
1154 1053 1377 1091 gesserunt,

258 1111 377 1150 donee
412 1112 472 1150 hic
511 1111 654 1150 aliusve
690 1112 858 1159 populus
883 1111 921 1149 in
951 1111 1170 1150 servitutem
1195 1112 1378 1153 deductus

258 1191 323 1220 aut
357 1182 500 1220 deletus
540 1183 608 1219 sit.
671 1181 747 1219 Ista
785 1183 844 1219 vel
891 1181 1047 1219 maxime
1093 1190 1197 1230 gesta
1239 1190 1329 1220 sunt
1357 1194 1379 1220 a

259 1251 465 1300 gentibus,
493 1263 589 1299 quae
623 1253 661 1288 in
700 1262 842 1289 errores
877 1251 1047 1299 delapsae
1078 1260 1180 1289 erant
1207 1252 1377 1301 majores.

244 1306 335 1360 lsta
372 1321 533 1371 Equites
567 1322 756 1359 Teutonici
780 1329 935 1369 egerunt
965 1320 1004 1358 in
1039 1319 1252 1368 Borussios‚
1291 1321 1378 1360 His-

255 1393 352 1443 pani
380 1391 416 1428 in
447 1392 708 1429 Americanos.

310 1460 414 1498 Haec
448 1460 544 1498 dicta
573 1459 772 1499 sufficiant.
834 1459 970 1499 Cuivis
1002 1471 1128 1498 secum
1159 1462 1376 1510 reputanti,

261 1541 356 1576 quae
379 1529 446 1566 hac
471 1530 701 1577 paragrapho
738 1529 924 1576 diximus,
960 1530 1052 1582 satis
1088 1530 1261 1579 patebit,
1288 1529 1394 1579 gen-v

262 1606 342 1643 tes,
372 1609 440 1636 nec
472 1609 548 1635 non
579 1598 797 1648 principes,
839 1599 885 1635 de
912 1598 1002 1636 belli
1027 1599 1180 1638 finiendi
1209 1607 1376 1650 tempore

263 1668 479 1706 melioribus
512 1679 592 1706 esse
615 1668 781 1707 imbutos
814 1669 1007 1707 sententiis
1035 1669 1119 1718 (3).

301 1840 354 1875 (ι)
374 1841 424 1869 Cf.
447 1842 614 1876 Brandt,
634 1842 657 1869 1.
681 1843 701 1870 1.
724 1850 755 1876 p.
779 1843 832 1875 85¹

297 1896 351 1934 (α)
371 1899 422 1926 Cf.
444 1899 618 1932 Becker,
639 1899 766 1933 XIV.1›.
787 1905 858 1932 150,
883 1905 956 1931 153,
979 1900 1053 1931 153,
1079 1904 1144 1933 ¹⁵9-

299 1955 352 1991 (3)
374 1955 426 1984 ef.
449 1955 701 1989 Robertson‚
720 1956 756 1984 11.
776 1963 808 1990 p.
834 1955 967 1989 1‚176‚
991 1958 1055 1989 178·
