1538 2689
234 122 280 149 10
454 112 1119 156 COMMENTATIO

727 240 841 291 §.3-

291 381 544 433 Symptomata
564 391 646 433 post
673 385 858 422 arteriam
880 385 994 437 plane
1017 388 1273 426 transcissam.

278 512 405 562 Quum
437 514 626 562 expositae
663 513 865 552 sententiae
903 521 1051 553 naturae
1085 523 1332 563 processum,

229 583 273 620 de
313 592 391 631 quo
429 583 597 633 agimus,
646 584 860 632 imperfecte
896 592 1039 622 tantum
1073 583 1330 626 illustrarent,

225 653 473 701 experimenta
506 654 668 692 instituit
700 655 748 693 cl.
781 656 975 705 Joncs,
1032 662 1075 693 ut
1123 651 1333 702 principia,

227 723 365 771 quibus
377 723 438 761 ille
452 736 654 773 processus
666 724 836 764 innititur
849 750 863 771 ‚
877 734 978 763 extra
990 724 1143 764 dubium
1157 730 1328 773 poneret.

224 793 443 832 Denudabat
462 822 476 842 ‚
535 796 774 844 protrahebat
829 804 866 834 et
915 796 1188 835 transcindebat
1235 803 1330 834 arte-

224 863 342 911 riam,
380 872 493 911 atque
515 866 678 914 vulnus,
712 866 797 904 inde
826 874 949 905 ortum
966 894 980 915 ,
1005 867 1149 906 suturis
1173 867 1332 917 conjun-

223 933 346 980 gebat.
415 934 558 973 Fluxus
597 936 788 985 sanguinis
825 937 976 975 subitus
1025 947 1061 975 et
1102 938 1333 984 vehemens,

223 1003 393 1041 retractio
418 1005 568 1042 arteriae
592 1005 630 1042 in
656 1005 822 1054 vaginam
841 1014 878 1044 et
904 1018 1016 1056 parva
1040 1006 1244 1045 contractio
1270 1006 1330 1055 ip·

223 1072 302 1110 sius
332 1072 415 1111 finis
449 1082 538 1112 sunt
569 1076 761 1122 actiones,
789 1087 883 1124 quae
914 1077 1044 1114 eodem
1075 1085 1242 1125 tempore
1270 1077 1326 1114 lo·

219 1152 305 1180 cum
336 1143 519 1182 habebant
542 1144 628 1193 (1).
679 1146 822 1184 Fluxus
840 1146 1030 1194 sanguinis
1053 1147 1230 1185 naturalis
1256 1147 1324 1185 im·

221 1212 392 1261 pediebat
427 1214 700 1263 quodammodo
733 1215 991 1253 retractionem
1036 1224 1072 1253 et
1107 1216 1331 1255 contractio-

218 1292 302 1320 nem
335 1283 501 1322 arteriae.
554 1284 616 1322 Sic
650 1284 761 1322 initio
795 1285 1070 1334 haemorrhagia
1104 1286 1333 1325 obliteratio-

220 1362 303 1390 nem
329 1352 479 1400 quidem
508 1335 754 1402 imminebat,
782 1366 868 1393 mox
902 1367 991 1394 vero
1020 1356 1143 1395 fluxus
1175 1357 1231 1395 vis
1263 1357 1331 1396 im·

221 1421 454 1461 minuebatur
480 1423 529 1461 ob
552 1423 729 1462 orientem
755 1425 981 1463 debilitatem
1007 1427 1219 1474 systematis
1246 1438 1331 1465 san-

219 1490 370 1538 guiferi.
423 1493 662 1531 Fundebatur
685 1495 835 1543 sanguis
868 1495 961 1533 inter
993 1495 1160 1534 arteriam
1195 1505 1231 1534 et
1266 1508 1329 1536 va·

222 1560 342 1608 ginam
369 1561 408 1600 in
434 1563 677 1602 substantiam
713 1565 925 1603 cellulosam
941 1593 955 1610 ‚
983 1574 1019 1603 et
1042 1567 1257 1614 penetrabat
1289 1566 1328 1604 in

218 1632 377 1670 canalem
393 1632 594 1682 vaginalem
610 1661 623 1680 ‚
653 1635 717 1681 qui
736 1634 774 1671 in
802 1643 955 1673 retracta
973 1635 1104 1675 arteria
1126 1636 1295 1675 manebat
1311 1665 1325 1685 ,

219 1701 257 1739 in
304 1710 442 1750 partem
481 1704 703 1741 exteriorem
747 1704 894 1751 abibat,
932 1706 992 1743 vel
1032 1706 1329 1745 extravasabatur

219 1771 259 1809 in
284 1772 356 1810 tela
392 1772 643 1811 circumdante
677 1775 870 1814 cellulosa.
926 1776 1150 1824 Superficies
1185 1777 1328 1815 interna

221 1842 400 1891 vaginae,
424 1843 644 1882 retractione
668 1844 987 1893 arteriae‚aspera
1011 1845 1122 1884 fiebat
1138 1873 1151 1893 ‚
1180 1847 1267 1894 quia
1285 1846 1328 1884 il-

220 1913 276 1950 lae
308 1912 421 1951 fibrae
449 1914 672 1960 circulares,
728 1926 821 1963 quae
855 1923 1032 1963 utrasque
1063 1917 1328 1966 conjungunt,

1274 1987 1333 2024 vel

256 2090 307 2129 (1)
325 2093 354 2130 J,
375 2092 408 2121 F.
432 2093 470 2122 D.
489 2093 606 2128 Jones
618 2112 628 2127 ‚
649 2093 855 2130 Abhandlung
872 2095 946 2122 iiber
958 2094 1014 2122 den
1034 2095 1180 2131 Proeess,
1200 2095 1255 2123 den
1273 2094 1325 2123 die

219 2149 328 2178 Nmr
344 2150 532 2187 einscbldgt,
541 2151 719 2187 Blutungen
737 2159 779 2178 zu
802 2152 908 2180 stillcn
930 2160 949 2179 v
959 2160 976 2180 o
987 2160 1004 2180 n
1027 2149 1070 2187 Sp
1081 2161 1095 2181 a
1107 2159 1124 2180 n
1135 2160 1152 2187 g
1163 2159 1180 2181 e
1191 2160 1210 2181 n
1221 2153 1238 2181 b
1248 2160 1263 2181 e
1276 2161 1290 2182 r
1299 2161 1329 2188 g.

223 2208 360 2237 Hannov.
383 2212 470 2243 1813.
491 2216 523 2243 p.
547 2215 594 2244 ⁵3·
616 2216 683 2244 sqq.
703 2216 734 2238 et
755 2212 803 2246 64.
