1502 2767
461 170 1116 212 COMMENTATIO

239 187 262 225 (ἐι

266 189 286 214 n

374 295 546 345 Principe·
573 292 785 343 Christiano
811 293 894 330 licet
920 292 1050 330 bellum
1070 303 1215 342 gerere.

292 418 417 466 Quum
437 416 538 453 nulla
562 415 718 451 societas
743 413 822 450 sine
843 412 1029 461 principe,
1057 410 1135 448 sive
1149 419 1224 446 uno
1241 408 1345 455 ,sive

242 485 412 533 pluribus
428 512 440 531 ,
462 484 666 522 consistere
685 491 795 530 queat
811 511 824 530 ,
851 491 886 520 et
915 481 1070 520 historia
1099 480 1255 524 doceat,
1281 476 1347 515 ubi

243 555 473 603 principatus
495 552 620 599 absit,
648 563 715 590 nec
739 561 858 601 aptam
884 550 1172 600 rempublicam,
1196 558 1264 586 nec
1291 546 1347 584 vi—

243 632 314 661 tam
347 634 511 661 securam
550 633 632 661 esse
667 633 808 670 posse,
844 621 1011 658 homines
1054 620 1099 658 ab
1133 615 1349 665 antiquissi-

244 693 311 730 mis
346 694 429 730 inde
452 692 709 741 temporibus,
737 691 802 729 ubi
826 690 1018 728 societates
1051 689 1177 727 civiles
1210 686 1350 734 iniere,

243 763 334 800 alios
374 764 485 799 duces
523 761 630 809 sequi
665 770 700 799 et
738 759 983 798 obedientiam
1010 759 1053 797 iis
1077 765 1259 806 praestare
1283 766 1348 804 par

248 844 329 870 esse
356 832 540 870 viderunt.
730 882 731 885 Ἴ

295 903 382 950 Ipse
416 906 520 941 Deus
552 913 629 939 non
663 909 804 939 tantum
843 900 1014 949 1egibus,
1069 908 1160 945 quas
1200 904 1349 934 naturae

247 972 446 1019 imposuit,
476 983 519 1008 ex
557 971 693 1019 quibus
720 971 781 1008 alii
812 969 921 1007 animi
947 967 1193 1017 corporisque
1210 965 1352 1004 viribus

247 1043 456 1090 praevalent
475 1070 486 1088 ‚
527 1041 585 1078 alii
635 1041 680 1077 ad
730 1039 975 1077 obediendum
1023 1037 1098 1074 nati
1154 1036 1348 1081 videntur,

252 1122 378 1148 verum
415 1110 525 1148 etiam
552 1110 739 1159 religionis
772 1108 1006 1148 Christianae
1030 1105 1199 1145 doctrina
1223 1133 1235 1152 ,
1275 1103 1351 1142 sin·

248 1183 330 1218 cerri
369 1181 524 1218 Divinae
571 1180 783 1218 voluntatis
824 1179 1050 1226 interprete,
1102 1176 1350 1225 principatum

249 1249 393 1287 civilem
437 1249 709 1297 sapientissime
743 1248 914 1297 probavit
959 1249 1040 1294 (1).
1083 1247 1124 1294 (1
1156 1245 1258 1284 Tim.
1301 1245 1353 1283 ΙΙ.

1245 1326 1348 1352 1-0.

990 1354 993 1355 ν
1312 1342 1332 1363 ο

288 1381 341 1418 (ι)
363 1382 512 1410 Sumimus
540 1383 589 1410 hic
606 1381 774 1410 Christiano
804 1381 919 1410 homini
945 1380 1038 1410 licere
1062 1379 1248 1415 magistratus
1272 1387 1356 1414 gere-

250 1446 282 1466 re
293 1457 302 1472 ,
315 1440 397 1473 quod
418 1438 613 1466 Mennonitae
625 1438 811 1473 antiquiores
820 1458 829 1473 ‚
839 1437 949 1472 aliique
963 1445 1118 1474 ‚negantes
1130 1457 1138 1472 ‚
1147 1436 1277 1472 principi
1292 1436 1355 1464 bel-

247 1496 310 1522 lum
341 1502 446 1528 gerere
477 1494 615 1522 illicitum
650 1503 716 1523 esse
749 1495 901 1523 dixerunt.
948 1495 1027 1522 Hinc
1061 1494 1231 1523 Grotius
1271 1493 1351 1521 libro

248 1552 328 1579 laud.
359 1558 427 1579 anre
453 1551 620 1586 probavit,
648 1559 686 1579 ex
714 1552 832 1580 Ethices
860 1552 931 1580 Chr.
975 1551 1111 1580 doctrina
1147 1551 1239 1579 licere
1268 1549 1359 1586 magi-

248 1616 354 1636 stratus
374 1616 499 1643 gerere,
529 1617 616 1643 quam
630 1608 692 1636 civi
719 1607 888 1637 Christiano
918 1609 1030 1636 benum
1057 1615 1161 1642 gerere
1186 1607 1354 1636 evinceret·
1380 1601 1383 1603 ’

248 1666 479 1694 Cerhardus
510 1667 542 1692 in
569 1667 658 1693 Locis
686 1667 890 1701 Them'ogx'cis,
920 1667 1007 1695 Toni.
1032 1665 1113 1694 xm.
1137 1674 1167 1701 p.
1199 1669 1265 1696 260.
1287 1675 1356 1702 sqq.

247 1720 369 1753 ubivis,
413 1728 442 1749 et
480 1723 734 1759 demonstrando,
769 1729 799 1750 et
834 1723 991 1750 refutando
1033 1723 1218 1758 magistratus
1251 1716 1356 1753 inune-

247 1786 279 1804 re
303 1778 408 1812 fungi,
435 1780 574 1813 adeoque
603 1779 730 1813 principi
759 1779 871 1806 bellum
898 1787 1002 1813 gerere
1032 1780 1146 1814 licere,
1171 1780 1259 1808 simul
1283 1789 1357 1816 pro-

248 1835 342 1864 bivit.
393 1838 506 1865 Notum
540 1844 605 1868 est..
641 1844 673 1863 ut
701 1837 771 1864 hoc=
797 1837 897 1864 obiter
921 1836 1074 1872 dicamus,
1121 1838 1171 1866 has
1193 1838 1356 1866 Mennoni-

248 1900 341 1920 mrum
369 1892 530 1927 opiniones
557 1893 666 1921 exinde
694 1900 773 1921 ortas
803 1901 889 1928 esse,
919 1895 1001 1927 quod
1024 1895 1109 1928 loca,
1151 1895 1256 1924 Matth.
1284 1882 1373 1924 XX.v

249 1958 297 1983 25.
329 1950 400 1976 coll.
430 1949 506 1976 Luc.
537 1949 628 1976 XXH.
662 1953 789 1986 24-26.
820 1950 914 1977 Marc.
945 1950 994 1978 lx.
1017 1953 1063 1985 36.
1085 1958 1130 1985 37.
1159 1961 1208 1989 42.
1244 1952 1350 1982 Matth.

247 2007 330 2034 xm.
357 2015 400 2034 ιο.
431 2013 574 2040 perverse
601 2005 818 2040 intelligerent.
863 2007 980 2035 Utinam
1009 2008 1223 2043 attendissent,
1245 2017 1352 2044 aequa-

246 2061 361 2088 litatem
382 2060 518 2089 doctrina
548 2059 715 2088 Christiana
732 2070 791 2090 non
814 2065 901 2091 talem
927 2063 1066 2098 edoceri,
1085 2071 1117 2092 ut
1139 2063 1301 2092 inferiores
1319 2072 1352 2093 se

249 2124 351 2145 contra
378 2115 549 2151 superiores
578 2116 724 2152 efferant,
746 2119 826 2153 quod
844 2127 964 2154 omnem
989 2119 1018 2147 in
1040 2120 1128 2148 rebus
1154 2120 1287 2148 humanis
1306 2128 1355 2148 or-

248 2174 347 2200 dTnem
376 2174 574 2203 subvertere..
591 2174 653 2208 ipsa
683 2175 727 2202 rei
750 2177 826 2203 razio
844 2184 873 2203 et
904 2176 995 2204 tristis
1020 2177 1123 2205 docuit
1146 2177 1352 2213 experientia,

249 2230 300 2257 sed
313 2237 342 2257 ut
366 2230 395 2257 hi
413 2231 447 2256 τιεί
466 2230 534 2258 ilios
558 2232 755 2260 disctndant:
781 2232 849 2260 Non
867 2233 1013 2268 docetur,
1030 2233 1147 2262 infimus
1165 2233 1203 2262 sit
1222 2241 1255 2262 ut
1278 2234 1355 2262 sum·

1290 2300 1357 2321 mus
