1538 2689
312 163 356 188 10
531 150 1200 195 COMMENTATIO

303 259 460 307 repletas
486 260 715 308 ostendens,
755 273 813 299 me
839 262 995 301 invitare
1017 263 1237 314 videbatur,
1266 274 1308 305 ut
1337 267 1417 317 ejus

299 328 452 376 vestigia
474 340 673 377 sequerer:
688 331 754 368 sed
781 333 951 379 quamvis
969 334 1049 383 eJ'us
1071 337 1240 385 exemplo
1264 348 1420 387 magno.

296 410 383 446 pere
403 398 566 437 allicerer
581 429 593 448 ,
608 400 799 439 aridiorem
816 402 909 441 hanc
922 412 1042 441 tamen
1056 406 1234 453 praetuli,
1254 406 1293 444 in
1306 419 1417 456 quam
1447 410 1449 412 ’

295 468 463 507 videbam
494 471 734 509 Plutarchum
760 471 882 520 ipsum
913 485 933 511 e
961 475 1197 514 deverticulis
1241 487 1416 516 nonnun-

296 550 405 586 quam
428 539 570 578 reduci.
610 541 749 578 Verum
777 551 897 580 cesset
918 545 1146 593 metaphora.
1185 545 1314 597 Quum
1345 548 1415 597 igi·

294 617 356 645 tur
381 609 656 650 Nobilissimus
681 610 785 650 Ordo
809 612 899 650 mihi
929 614 1116 653 videretur
1150 616 1223 654 hoc
1262 618 1416 666 potissi·

294 691 395 717 mum
426 680 465 718 in
501 681 735 731 Quaestione
767 692 985 732 spectasse,
1012 693 1055 723 ut
1077 684 1175 724 vitae
1202 687 1415 735 expositio-

293 749 332 786 ni
355 758 476 787 cetera
513 760 889 801 superstruerentur;
925 752 1111 802 optimum
1142 756 1306 805 putavi,
1332 768 1410 797 earn

292 818 562 869 chronologico
577 821 708 860 ordine
730 833 895 861 enarrare
907 851 920 871 ,
944 835 986 863 ac
998 853 1013 873 ,
1030 835 1210 873 quantum
1232 838 1381 875 possem
1395 856 1411 875 ,

291 889 567 938 simplicissime
588 903 647 929 res
671 896 793 942 gestas
819 905 1030 943 exponere,
1044 906 1136 943 nec,
1160 896 1234 935 nisi
1256 905 1412 946 urgente

292 961 510 999 necessitate
524 988 538 1009 ,
562 963 601 999 in
622 963 781 1010 aliquam
797 964 1064 1012 digressionem
1079 966 1192 1005 abire.
1221 967 1310 1017 Quo
1336 967 1413 1006 fac-

293 1039 370 1068 tum
394 1039 450 1068 est
465 1059 478 1079 ,
495 1040 538 1069 ut
569 1033 692 1070 oratio
717 1034 778 1070 hic
809 1034 885 1072 illic
909 1035 1046 1072 aridior
1065 1037 1303 1085 steriliorque
1326 1049 1412 1075 eva-

293 1101 409 1148 serit,
437 1103 627 1150 nullisque
647 1103 855 1144 luminibus
887 1105 1089 1155 distincta3
1117 1118 1245 1145 verum
1283 1108 1407 1146 eadem

293 1171 434 1209 ratione
472 1183 530 1209 me
553 1182 764 1212 assecutum
793 1186 876 1213 esse
904 1175 1102 1225 existimo,
1141 1185 1184 1216 ut
1207 1177 1410 1216 narrationi

292 1251 393 1278 meae
414 1243 529 1290 major
561 1242 654 1282 fides
677 1243 804 1281 haberi
832 1245 955 1292 possit
971 1274 984 1292 ‚
1012 1257 1148 1293 quam,
1176 1247 1208 1284 si
1232 1247 1410 1286 historiae

293 1311 379 1349 alias
406 1313 582 1358 quasdam
617 1324 676 1351 res
701 1313 856 1352 minoris
884 1316 1025 1362 vulgo,
1054 1317 1201 1364 saepius
1229 1316 1408 1356 levissimi

293 1382 500 1429 momenti,
526 1381 855 1432 inter-posuissem.
894 1385 957 1423 Ne
978 1396 1099 1425 autem
1126 1387 1266 1426 diutius
1292 1389 1410 1426 lecto-

292 1460 410 1489 torem
432 1452 613 1492 detineam
632 1482 645 1502 ‚
673 1455 801 1494 statim
830 1456 869 1493 in
892 1467 967 1495 rem
985 1456 1103 1505 ipsam
1134 1457 1342 1496 veniamus.

41 1578 164 1612 Olymp.
186 1540 278 1607 teng}
737 1591 940 1607 φ

68 1647 159 1675 Lxx.

111 1694 135 1714 ¹·
215 1695 279 1721 ⁵⁰0'
343 1704 502 1744 Pericles
540 1707 808 1755 Atheniensis,
838 1719 858 1745 e
889 1707 991 1745 tribu
1015 1707 1256 1747 Acamantide
1279 1716 1315 1745 et
1341 1707 1404 1745 de-

292 1785 353 1811 mo
379 1775 569 1825 Cholargo
590 1778 610 1824 s
616 1778 679 1825 1),
707 1787 814 1816 natus
846 1788 929 1825 est,
952 1779 985 1816 si
1010 1778 1240 1827 probabilem
1274 1789 1407 1826 sequa-

56 1856 171 1885 Lxxn.
292 1856 375 1882 mur
407 1848 685 1896 conjecturam,
723 1849 819 1886 intra
852 1848 1009 1897 Olymp.
1045 1849 1167 1887 LXX.
1202 1858 1339 1886 annum
1367 1861 1404 1887 1.

88 1904 118 1930 ⁴·
205 1899 276 1932 ⁴⁸⁹·
293 1925 330 1954 et
365 1916 526 1955 LXXII.
549 1927 684 1955 annum
705 1930 746 1965 4.
766 1917 877 1965 (Vid.
905 1917 992 1955 obs.
1011 1917 1086 1966 L).
1115 1916 1247 1956 Nobili
1272 1928 1404 1965 genere

292 1996 401 2025 natus
416 1995 555 2036 patrem
572 1987 700 2025 habuit
718 1987 974 2035 Xanthippum
987 2014 999 2033 ,
1014 1986 1051 2023 in
1073 1997 1197 2034 pugna
1219 1985 1338 2024 navali
1357 1985 1403 2023 ad

292 2060 470 2108 Mycalen
491 2058 669 2097 victorem
685 2058 755 2108 (2)
772 2085 786 2105 ,
810 2056 951 2105 quique
975 2056 1056 2094 aliis
1081 2055 1192 2094 rebus
1206 2056 1300 2094 bene
1321 2066 1404 2104 ges-

1355 2137 1402 2166 tis

327 2192 380 2229 (ι)
399 2193 478 2220 Plut.
501 2191 532 2221 in
553 2191 615 2220 Vir.
640 2198 706 2228 cap.
730 2200 759 2227 3.
783 2191 847 2221 init.
869 2200 937 2227 pag.
964 2201 1030 2227 153.
1053 2192 1090 2219 C.

328 2250 381 2289 (α)
401 2250 478 2280 ibid.
