1502 2767
380 180 966 222 THE'OLOGICA.
1177 186 1225 231 65

126 301 202 330 non
235 301 275 329 ea
306 300 481 329 concessa
518 302 600 330 esse
630 303 650 329 a
683 300 813 330 natura
847 300 967 339 arma,
1018 289 1156 339 quibus
1186 303 1227 330 se

124 372 265 409 suaque
289 361 334 398 ab
358 361 575 399 animalibus
590 389 603 408 ,
625 361 703 399 sive
716 360 836 399 brutis
853 388 866 405 ‚
889 361 967 398 sive
985 359 1225 398 rationalibus

123 439 296 479 tueatur,
324 431 389 468 sed
427 430 560 476 simul,
602 439 641 467 ut
674 431 839 469 Gaienus
876 431 1044 477 monuit,
1081 430 1226 469 ratione
1267 446 1268 451 ¹

125 500 355 549 praeditum,
383 498 458 547 quai
478 500 646 537 manibus
670 501 831 549 (quibus
854 500 960 538 etiam
977 509 1112 548 sponte
1126 506 1192 539 sua
1208 528 1221 547 ‚

122 580 190 607 nec
222 569 369 614 aliunde
392 569 429 607 id
451 570 604 607 edoctos
622 597 634 616 ‚
684 569 842 607 infantes
872 570 927 607 uti
964 570 1133 618 constat)
1170 582 1227 608 ar-

124 651 184 678 ma
214 647 317 687 patet
350 650 466 687 eaque
501 647 629 677 tractet
657 639 750 688 (1);
780 639 906 686 unde,
936 640 1136 678 secundum
1174 642 1225 681 τὰ

121 714 245 759 πρῶτος
275 711 536 758 τῆςφύσεως,
582 717 624 746 ut
659 709 775 747 Stoici
806 709 911 756 loqui
944 718 1092 756 amant,
1129 709 1224 748 idem

122 779 167 818 de
200 777 414 817 hominibus
441 779 547 825 sequi
573 779 612 815 in
639 787 766 826 aperto
799 787 879 825 est,
906 787 942 815 et
967 778 1129 827 quisque
1150 778 1227 818 Ci-

121 847 297 885 ceroni
323 847 492 886 accedere
514 849 689 896 cogitur,
718 847 782 885 ubi
815 848 864 886 ait
891 850 983 896 (2):
1014 877 1045 896 „
1065 858 1118 888 est
1137 850 1226 889 haec

122 917 391 967 nonuscripta,
415 915 480 954 sed
508 926 602 954 nata
632 917 719 963 lex,
746 929 858 967 quam
898 930 969 955 non
1001 917 1226 965 didicimus,

120 988 346 1037 aes-cepimus,
382 986 534 1035 legimus
548 1012 562 1034 ,
600 997 727 1024 ‘verum
763 998 809 1024 ex
841 995 985 1025 natura
1015 990 1096 1038 ipsa
1122 991 1228 1027 arri·

114 1059 293 1108 pm‘mus,
340 1055 554 1102 hausimus,
605 1057 873 1105 expressimus,
925 1056 979 1095 ad
1012 1070 1124 1108 quam
1156 1071 1226 1097 non

120 1125 239 1173 docti,
266 1124 326 1162 sed
347 1124 478 1173 facti,
517 1137 588 1163 non
613 1126 802 1172 instituti,
823 1125 888 1163 sed
914 1127 1048 1165 imbuti
1075 1141 1227 1179 sumus,-

121 1204 164 1235 ut
196 1197 229 1234 si
256 1196 496 1234 vita-nostra
521 1196 562 1232 i'n
597 1196 748 1246 aliquas
780 1195 960 1242 insidias,
988 1199 1022 1235 si
1051 1199 1092 1235 in
1126 1200 1226 1246 vim,

112 1269 162 1304 ‘in
194 1266 271 1304 tela
315 1273 384 1303 aut
415 1266 602 1303 latronum
639 1275 708 1304 aut
743 1269 976 1305 inimicorum
1013 1268 1196 1308 incidisset
1212 1296 1227 1318 ‚

122 1337 235 1373 omnis
265 1335 413 1373 honesta
441 1337 541 1375 ratio
565 1343 653 1372 esset
679 1335 923 1386 expediendae
949 1338 1096 1377 salutis.
1113 1338 1138 1355 ”

171 1403 273 1452 His,
310 1415 405 1452 quae
428 1413 556 1442 natura
595 1413 804 1452 monstrat,
855 1407 1021 1456 vestigiis
1057 1407 1231 1447 insisten-

121 1483 202 1522 tes,
229 1474 425 1521 homines,
463 1474 587 1513 ubivis
626 1483 833 1523 terrarum,
871 1476 973 1515 omni
1008 1486 1123 1516 aetate
1151 1479 1231 1528 jus-

123 1553 203 1583 tum
237 1553 274 1583 et
307 1555 464 1591 aequum
503 1555 583 1583 esse
620 1553 842 1583 censuerunt
884 1545 957 1584 vim
996 1547 1035 1585 vi
1080 1550 1233 1597 repelle-

123 1625 163 1652 re
187 1613 288 1664 (3),
315 1613 538 1662 legibusque
572 1614 836 1653 confirmarunt
863 1616 961 1666 (4);
990 1628 1057 1655 nec
1082 1619 1231 1657 memini

1172 1698 1231 1728 me

161 1783 216 1823 (1)
239 1785 319 1814 Hinc
340 1786 416 1815 scite
435 1786 512 1816 dixit
532 1788 677 1818 Aristo
690 1790 813 1825 teies,
831 1797 948 1818 manum
967 1798 1032 1820 esse
1059 1800 1115 1826 pro
1133 1793 1234 1827 hasta,

125 1851 182 1879 pro
205 1852 277 1874 ense
303 1851 333 1872 et
357 1852 414 1879 pro
439 1845 526 1873 armis
551 1845 759 1882 quibuslibet,
786 1846 854 1882 quia
872 1847 973 1876 omnia
990 1854 1092 1883 potest
1115 1855 1234 1878 sumere
1287 1852 1289 1854 ’

125 1910 160 1931 ne
173 1909 291 1932 tenere.
311 1902 377 1932 cfr.
401 1901 587 1936 Grotius,
609 1903 619 1930 1
647 1903 672 1931 1.

155 1957 209 1995 (2)
229 1960 262 1987 In
282 1958 426 1988 Oratione
443 1966 499 1994 pro
516 1960 657 1993 Milone,
678 1959 753 1993 cap.
775 1959 828 1987 IV.

164 2013 220 2049 (3)
239 2015 304 2044 Cfr.
325 2014 404 2043 idem
424 2014 660 2046 Grotius,1.
683 2023 712 2043 c.

156 2069 215 2108 :(4)
234 2072 298 2107 Jam
320 2071 535 2107 antiquissimis
557 2071 744 2107 temporibus
772 2072 909 2101 homines
932 2075 992 2101 hoc
1013 2073 1162 2108 sensisse,
1185 2082 1236 2110 pa-

127 2138 172 2162 tet
198 2142 237 2163 ex
271 2134 358 2163 caini
384 2134 466 2164 dicto
495 2127 712 2179 2321312'8352
732 2123 776 2177 ¹⁷?
796 2137 876 2179 ,πῃ-,η
918 2138 959 2164 Ee
996 2139 1060 2164 em
1089 2145 1143 2172 ue,
1167 2141 1236 2175 qm·-

128 2205 241 2233 eunque
267 2206 309 2226 me
333 2198 497 2233 inveniat,
535 2207 578 2226 me
614 2200 844 2235 interfecturus
877 2201 932 2227 εἰν.
963 2199 1036 2228 vid.
1066 2206 1096 2227 et
1122 2202 1233 2230 Genes-

129 2252 250 2281 XXVH.
277 2261 401 2290 24—45.
431 2254 531 2284 Exod.
562 2256 599 2284 11.
626 2262 672 2285 11.
703 2255 799 2286 Etiam
817 2256 868 2285 ubi
895 2253 1028 2286 nondum
1044 2258 1127 2292 leges
1141 2258 1236 2293 scrip·

172 2309 255 2358 JUN
264 2336 275 2349 0
657 2312 690 2350 E
1189 2321 1235 2343 tae
