1523 2745
258 189 306 235 64
480 186 1138 228 COMMENTATIO

252 307 331 333 rum
357 297 447 344 (1);
477 304 554 333 tum
591 307 680 333 vero
718 297 912 344 Sophistas
939 299 1011 346 jam
1051 298 1230 336 Demetrii
1260 299 1355 338 Pha·

250 365 337 401 lerei
368 373 482 402 aetate
499 366 668 412 coepisse
688 364 793 401 fictas
826 367 870 402 ad
897 366 1136 404 imitationem
1165 365 1239 404 fori
1263 379 1355 406 con-

234 435 479 482 siliorumque
507 435 671 472 materias
710 445 933 482 componere
969 434 1064 484 (2),
1104 435 1241 482 quibus
1277 436 1354 474 for-

237 513 334 541 tasse
357 503 520 542 fraudem
541 504 613 541 sibi
634 503 712 540 fieri
737 516 868 551 passus
898 504 946 542 sit
972 504 1136 543 Tullius.
1165 527 1220 535 —
1243 506 1352 544 Plura

234 582 353 611 tamen
387 573 520 611 indicia
551 574 752 621 habemus,
810 575 906 611 unde
956 575 1135 613 orationis
1168 576 1349 614 Pericleae

235 643 388 681 formam
423 643 592 691 effingere
615 644 738 681 liceat„
768 644 922 681 Faciunt
943 643 1015 680 huc
1032 671 1045 690 ,
1071 648 1214 692 praeter
1235 645 1350 683 diSer-

238 721 273 750 ta
296 723 458 750 veterum
479 713 715 759 testimonia,
754 713 849 751 dicta
877 713 1050 760 quaedam
1085 713 1219 761 passim
1247 715 1347 762 apud

233 783 467 820 Plutarchum
496 783 811 830 Aristotelemque
843 792 1014 831 servatag.
1044 783 1131 821 facit
1161 783 1344 832 imprimis

233 853 389 901 diligens
425 854 535 890 lectio
579 864 697 890 earum
735 853 976 900 orationum,
1033 864 1125 901 quas
1168 853 1342 892 historiae

233 935 320 962 suae
351 923 507 961 intexuit
541 923 810 970 Thucydides,
838 923 904 969 qui
932 935 975 961 ex
1002 923 1123 960 eadem
1146 924 1343 971 Anaxago·

230 1075 312 1101 nem
344 1063 601 1112 composuisse
633 1063 799 1110 videtur,
827 1071 869 1099 ut
902 1063 982 1110 ejus
1007 1062 1240 1108 eloquentiae
1262 1061 1341 1100 for-

227 1146 319 1172 mam
354 1134 584 1181 effigiemque
605 1144 671 1180 per
706 1140 827 1169 toturn
862 1131 1037 1169 historiae
1068 1143 1164 1179 opus
1190 1142 1339 1179 expres-

225 1216 300 1242 sam
324 1203 531 1252 posteritati
555 1211 715 1240 servaret
733 1202 818 1249 (3).
856 1201 1096 1249 Thucydides
1121 1200 1234 1249 igitur
1256 1212 1336 1239 ora·

225 1273 345 1310 tiones
373 1273 452 1309 illas
478 1283 554 1309 non
579 1271 702 1309 iisdem
723 1271 847 1309 verbis
882 1270 1008 1307 retulit
1031 1270 1100 1319 (4)
1116 1297 1128 1316 ,
1156 1270 1221 1308 sed
1244 1281 1334 1308 eun-

219 1344 300 1380 dem
325 1342 477 1380 retinuit
503 1340 771 1388 cogitationum
803 1339 965 1377 ordinem
983 1367 996 1386 ,
1024 1340 1174 1378 eosdem
1198 1351 1331 1378 sensus

220 1412 402 1450 reddidit:
453 1413 555 1458 quod
603 1411 709 1448 etiam
753 1409 1002 1447 verosimilius
1049 1408 1118 1446 erit
1156 1417 1332 1457 reputan-

217 1484 317 1521 tibus
364 1481 623 1530 Thucydidem
671 1482 792 1527 ipsum
842 1478 949 1516 facile
989 1478 1233 1524 concionibus
1267 1478 1327 1516 in-

216 1563 355 1592 teresse
398 1553 595 1602 potuisse‚
641 1562 708 1588 nec
744 1550 900 1587 oblitum
937 1548 986 1586 ita
1025 1547 1165 1595 pridem
1205 1545 1323 1585 fuisse

213 1625 410 1663 verborum
427 1652 440 1669 ‚
469 1634 561 1670 quae
597 1620 761 1658 omnium
783 1619 925 1657 animos
954 1626 1159 1656 moverant.

263 1695 351 1732 Erat
378 1695 457 1741 eJus
487 1690 631 1728 dicendi
655 1701 769 1737 genus
793 1697 970 1735 acutum,
1011 1687 1144 1734 breve,
1171 1695 1320 1726 senten-

210 1765 271 1802 tiis
295 1765 407 1812 magis
423 1790 435 1809 ‚
460 1773 568 1809 quam
592 1760 715 1798 verbis
730 1759 942 1797 abundans:
971 1768 1047 1795 non
1066 1756 1210 1795 carebat
1232 1768 1319 1795 sua-

210 1835 324 1872 vitate
364 1843 398 1870 et
437 1834 587 1879 lepore,
626 1830 709 1868 licet
743 1829 957 1866 hilaritatem
992 1835 1028 1864 et
1059 1826 1234 1864 comicam
1265 1827 1318 1864 le-

210 1905 357 1942 vitatem
390 1915 408 1940 a
430 1901 575 1939 nemine
609 1899 758 1948 longius
790 1897 908 1937 fuisse
945 1906 1120 1935 remotam
1153 1905 1313 1936 statuere

1253 1967 1317 2004 de·

244 2096 296 2131 (ι)
320 2097 393 2124 Plat.
418 2095 574 2128 Phaedro,
592 2101 623 2127 p.
647 2100 711 2128 ¹:57.
731 2093 771 2120 D.
792 2091 834 2121 cf·
847 2091 912 2120 Cic.
927 2091 1009 2119 Brut.
1031 2099 1080 2127 24.

243 2156 295 2187 (α)
318 2152 439 2188 Quinct.
461 2153 483 2180 1.
507 2154 542 2179 O.
566 2151 604 2179 11.
635 2159 664 2188 4.
686 2159 734 2187 4¹·

244 2212 294 2243 rg‘)
317 2210 411 2238 Verba
431 2208 611 2242 Wyttenb.,
634 2207 730 2242 praef.
755 2207 788 2235 ad
816 2207 875 2234 sel.
900 2204 978 2234 Hist.
995 2212 1026 2239 p.
1047 2210 1092 2236 13.

243 2266 295 2303 (4)
316 2266 414 2293 Thuc.
438 2266 460 2293 1.
479 2273 525 2293 αα.
