1502 2767
212 192 287 227 204
434 177 1098 219 COMMENTATIO

216 299 285 335 re,
313 280 388 336 quo
420 290 614 335 viverent,
653 288 858 337 iudicandi.
923 288 1015 327 Non
1041 287 1212 327 solebant
1237 289 1326 327 adeo

214 367 359 396 veteres
387 357 568 395 sactorum
597 358 802 406 prIncipia,
828 370 895 396 nec
932 358 1161 405 sententias,
1188 358 1328 405 quibus
1356 404 1359 405 ⁷

219 428 350 465 heroes
380 427 609 466 ducebantur
626 456 638 475 ‚
666 428 875 476 respicere3
907 428 1017 467 unice
1037 436 1220 466 externam
1247 426 1329 472 ,fac-

213 506 337 535 torum
366 497 525 545 speciem
559 497 849 535 admirabantur.
912 499 996 546 Ipsa
1029 499 1080 536 rei
1123 498 1216 535 ratio
1262 498 1331 534 do-

213 577 272 604 cet
306 576 472 605 veterum
499 568 632 605 heroes
670 568 761 605 tales
799 577 877 605 non
920 579 1001 606 esse
1030 579 1171 616 posse,
1201 567 1328 615 quales

215 636 422 686 Religionis
469 637 704 676 Christianae
759 636 926 674 doctrina
982 637 1171 675 informat.
1249 636 1329 686 Qui

216 707 312 745 enim
356 708 432 745 veri
471 707 635 745 nominis
684 709 814 745 heroes
860 719 941 746 esse
979 715 1158 757 possent,
1212 718 1328 754 quum

215 789 392 826 perverso
413 778 581 816 Deorum
616 777 736 815 cultui
761 777 923 825 addicti,
949 778 1047 815 haud
1075 788 1157 814 raro
1183 775 1332 824 religio·

214 846 252 883 ni
275 845 470 885 illuderent
489 874 502 893 ‚
530 856 565 884 et
594 856 666 884 tam
694 847 882 894 perversas
915 848 960 885 de
991 847 1129 885 virtute
1153 846 1330 884 haberent

215 917 408 956 notiones!
452 917 530 966 Qui
568 926 725 966 possent
757 929 854 965 puro
893 917 1030 965 patriae
1063 927 1188 955 amore
1214 915 1329 962 duci,

215 997 330 1034 quum
384 987 578 1025 civitatum
627 987 830 1026 consilium
878 987 1167 1035 gravissimum,
1221 987 1329 1034 quale

213 1057 391 1095 Christus
428 1068 509 1095 esse
549 1057 701 1104 voluit,
739 1069 785 1096 ne
831 1058 1109 1106 suspicarentur
1152 1056 1326 1104 quidem;

215 1138 330 1174 quum
364 1138 441 1164 non
482 1126 619 1165 civium
646 1128 711 1165 sed
736 1139 803 1166 sua
830 1128 968 1177 singuli
1004 1128 1198 1166 commoda
1223 1137 1332 1175 spec-

214 1204 359 1244 tarent3
413 1197 575 1246 denique
614 1198 766 1246 patriam
815 1198 908 1235 illud
947 1199 1070 1236 solum
1117 1198 1325 1241 haberent,

214 1266 252 1303 in
291 1278 367 1314 quo
399 1267 507 1315 genio
533 1267 767 1315 indulgentes
802 1269 909 1316 gulae
941 1267 1119 1315 omnique
1154 1268 1328 1316 volupta-

216 1346 294 1375 tum
329 1337 452 1386 generi
480 1337 694 1375 satisfacere
721 1337 899 1385 possent!

266 1406 392 1455 Quare
438 1407 666 1445 Graecorum
721 1415 758 1444 et
807 1407 1064 1446 Rornanorum
1102 1407 1231 1444 heroes
1280 1406 1326 1443 iis

215 1485 356 1514 tantum
391 1476 539 1523 probari
574 1485 778 1525 poterunt,
819 1477 884 1524 qui
927 1477 1147 1515 devotiones
1188 1488 1233 1514 ex
1264 1488 1330 1514 su·

215 1546 436 1595 perstitione
450 1575 462 1594 ‚
477 1547 679 1585 temeritate
701 1556 737 1585 et
764 1547 1021 1585 enthusiasmo
1044 1547 1202 1594 quodam
1224 1557 1332 1585 exor-

214 1626 269 1655 tas
317 1617 439 1666 magni
479 1616 646 1664 faciunt,
685 1617 807 1656 minus
841 1618 887 1655 ad
915 1617 1096 1666 principia
1135 1616 1327 1665 ipsamque

215 1688 342 1735 agendi
374 1687 550 1725 rationem
585 1689 772 1726 attendere
794 1689 929 1725 solent.

718 1805 752 1854 §.
789 1819 827 1844 η.

269 1919 457 1971 Quatenus
482 1924 667 1961 hominum
694 1922 738 1960 de
763 1922 852 1960 bello
884 1919 1052 1970 gerundo
1077 1922 1276 1958 sententia-

367 2005 451 2030 rum
480 1991 683 2030 emendatio
703 2001 886 2030 cernatur
909 1993 949 2027 in
972 1991 1048 2042 ipso
1067 1988 1168 2027 ballo.

267 2110 439 2149 Vidimus
481 2109 671 2147 hominum
711 2108 755 2146 dc
796 2108 885 2145 bello
921 2104 1142 2156 suscipiendo
1178 2111 1326 2141 senten-

216 2180 286 2219 tias
334 2181 487 2219 mirifice
525 2181 732 2219 emendatas
766 2190 877 2226 esse3
904 2179 977 2227 jam
1011 2176 1142 2220 inviti,
1182 2173 1247 2211 ubi
1278 2173 1323 2211 de

215 2251 406 2300 principiis
433 2260 467 2288 et
498 2249 690 2289 sententiis
710 2277 722 2297 ‚
767 2249 902 2296 quibus
942 2246 1109 2284 homines
1142 2243 1328 2283 Christia-

1290 2323 1327 2351 m

1478 1898 1490 2280 w—-q-——u-n——u—-W
