1523 2745
290 160 314 196 4
583 145 1102 193 PRAEFATIQ

295 255 438 294 laudem
474 263 656 302 acceptam
686 253 918 301 referunt,”
943 277 993 285 -
1030 265 1107 292 non
1134 255 1226 293 bene
1261 266 1400 304 cogno-

299 326 393 364 verit
409 352 420 368 ‚
447 336 579 363 vereor
601 334 642 363 ut
662 333 796 362 rectam
829 324 890 361 ille
913 325 957 362 de
989 324 1251 364 florentissima
1285 326 1403 364 Athe-

298 407 426 434 narum
457 395 669 432 conditione
692 393 909 431 sententiam
934 393 1030 431 ferre
1056 394 1193 441 possit.

351 465 589 515 Quapropter
611 472 777 512 pergrata
812 463 904 500 mihi
928 464 1058 502 accidit
1093 463 1259 512 quaestio
1284 476 1303 502 a
1337 476 1404 502 no-

300 534 487 572 bilissimo
513 533 653 572 Ordine
677 534 755 574 Lit.
786 534 902 570 Hum.
943 532 982 570 in
1008 533 1124 571 Acad.
1155 533 1405 572 Rheno-Tra-

299 604 436 653 iectinst
472 603 690 651 proposita,
729 614 821 650 quae
855 603 1011 652 juvenes
1054 602 1232 640 bonarum
1271 602 1404 640 artium

302 673 494 711 studiosos
533 672 665 711 invitat
697 672 742 710 ad
766 672 1037 719 inquirendum'f
1053 672 1090 709 in
1117 671 1253 718 vitam,
1287 682 1407 709 mores

302 752 340 780 et
372 742 527 781 consilia
551 741 704 790 politica
729 741 893 779 Periclis.
946 741 1150 789 Pergratam
1177 741 1288 789 dic03
1331 752 1408 780 non

305 813 412 861 quasi
441 823 541 850 meae
564 810 754 850 tenuitatis
773 819 914 859 >expers
940 819 1131 858 putarem,
1170 818 1303 848 tantam
1335 822 1411 848 ma-

302 883 429 920 teriem
468 882 538 920 rite
573 894 593 919 a
629 893 685 921 me
724 881 837 929 digeri
881 892 1018 929 posse3
1060 881 1125 918 sed
1151 881 1325 928 quoniam
1360 881 1412 918 ita

305 953 350 990 ad
380 951 417 989 id
438 980 451 998 ,
480 953 584 999 quod
612 959 747 1000 sponte
775 951 837 988 vix
870 950 1118 999 suscepissem
1141 950 1259 988 laudis
1285 950 1410 995 studio

304 1022 484 1059 trahebar.
512 1039 569 1049 —
608 1020 803 1060 Constitui
836 1021 949 1069 igitur
985 1033 1145 1059 mearum
1183 1021 1316 1059 virium
1343 1022 1411 1060 hac

307 1091 344 1128 in
377 1103 416 1128 re
449 1090 567 1128 facere
600 1090 829 1138 periculum:
867 1091 970 1138 quod
1013 1101 1214 1138 conamen,
1256 1091 1414 1139 quicun-

307 1173 379 1208 que
407 1161 550 1198 demum
587 1160 636 1197 sit
672 1168 853 1206 eventus,
895 1168 995 1198 certe
1029 1171 1097 1198 nec
1132 1160 1316 1209 utilitate,
1343 1172 1410 1199 nec

302 1230 530 1280 J‘ucunditate
563 1229 692 1270 caruit.

356 1301 573 1346 Priusquam
610 1299 727 1347 ipsam
777 1310 851 1336 rem
885 1298 1100 1347 adgrediar,
1155 1309 1269 1347 pauca
1292 1301 1415 1340 dicen·

309 1372 352 1407 da
389 1370 510 1407 habeo
540 1368 584 1406 de
614 1370 782 1415 ratione,
812 1379 921 1416 quam
951 1368 990 1405 in
1015 1368 1284 1408 conscribenda
1308 1381 1413 1408 com-

307 1439 531 1478 mentatione
553 1445 706 1476 secutus
744 1437 828 1476 sim.
884 1436 1038 1485 Triplex
1066 1446 1122 1475 est
1149 1439 1344 1485 quaestio:
1373 1441 1413 1478 in

305 1513 374 1549 tria
410 1511 495 1548 item
531 1509 651 1558 capita
687 1520 801 1546 meam
849 1508 1087 1556 scriptionem
1122 1508 1259 1556 divisi,
1299 1518 1336 1547 et
1368 1522 1415 1549 ne

308 1581 429 1619 omnia
465 1580 647 1617 continuo
673 1590 786 1617 cursu
808 1579 1074 1627 procederent,
1102 1578 1246 1627 singula
1279 1579 1413 1618 iterum

307 1651 426 1698 capita
462 1649 501 1687 in
528 1660 614 1686 suas
644 1649 706 1697 §§.
745 1667 794 1676 -ν
825 1648 951 1698 Quum
995 1659 1084 1686 vero
1121 1648 1214 1686 Vita
1239 1648 1309 1687 viri
1340 1650 1409 1688 du-

246 1765 249 1768 ⁴
308 1721 398 1769 plici
423 1719 661 1768 potissimum
686 1719 797 1756 modo
822 1717 978 1756 enarrari
1006 1717 1153 1765 possit,
1190 1717 1254 1756 diu
1276 1718 1417 1757 dubius

308 1792 436 1837 haesi,
476 1800 669 1837 quemnam
700 1788 780 1835 ipse
814 1797 1002 1834 sequerer.
1055 1788 1106 1826 Et
1132 1788 1300 1835 quamvis
1335 1799 1416 1826 mos

309 1861 381 1899 iste
412 1859 534 1897 omnia
569 1870 633 1906 per
671 1869 786 1895 annos
830 1857 1017 1905 digerendi
1053 1857 1213 1904 habeat,
1263 1869 1338 1905 quo
1376 1870 1417 1896 se

309 1928 567 1976 commendet,
582 1938 649 1965 nec
671 1927 811 1975 magnis
834 1926 1012 1964 obruatur
1033 1926 1307 1965 difficultatibus
1330 1936 1419 1977 post

312 1999 462 2036 doctum
500 2005 536 2034 et
575 1996 786 2044 diligentem
827 1995 1015 2034 Clintonis
1052 1996 1241 2043 laborem,
1279 1998 1418 2045 placuit

311 2079 432 2107 tamen
459 2077 534 2104 non
560 2065 665 2104 anxie
697 2066 798 2102 illum
819 2075 966 2112 tenere,
994 2074 1118 2112 metu,
1145 2076 1192 2103 ne
1219 2067 1339 2105 oratio
1365 2067 1417 2107 ita

312 2140 479 2178 evaderet
495 2136 682 2187 munior,
710 2145 914 2184 parumque
936 2133 1084 2173 referret
1107 2135 1315 2174 Plutarchei
1341 2148 1418 2175 ser-

312 2208 434 2247 monis
480 2205 708 2255 elegantiam.
775 2205 908 2252 Neque
951 2211 1072 2243 tamen
1122 2214 1258 2244 temere
1295 2207 1416 2245 onmia

1324 2275 1415 2314 mis·
