1564 2750
423 179 939 221 L1TERAR1A·.
1181 196 1225 230 51

127 301 170 330 se
191 291 553 342 ¹disperserunt'o).
610 290 726 329 Hisce
757 290 988 339 temporibus
1010 290 1116 329 etiam
1139 292 1230 330 clas-

123 372 199 400 sem
236 362 275 400 in
311 361 510 401 Locridem
537 361 708 409 navigare
729 362 869 411 Jussit3
900 373 992 409 quae
1019 361 1129 399 simul
1152 362 1232 400 Eu—

123 432 253 471 boeam
294 433 536 480 observaret3
576 433 684 481 cujus
717 432 792 469 dux
828 432 1112 479 Cleopompus,
1151 432 1230 471 Cli-

120 502 202 541 niae
237 502 363 550 filius‚
413 503 562 540 Locros
595 512 719 551 pugna
756 503 971 550 superavit,
1016 501 1228 540 Thronium

119 572 298 621 oppidum
335 573 564 622 expugnavit
586 599 601 620 ,
652 572 880 619 obsidesque
924 571 1008 609 inde
1044 570 1227 609 abduxit:

117 642 241 681 insula
271 642 470 691 Atalanta,
497 654 592 690 quae
614 642 769 680 Locridi
802 642 978 691 opposita
1013 650 1115 690 erat,
1150 653 1231 679 mu·

119 712 224 759 nita,
251 721 295 750 ut
328 711 576 751 Athenienses
615 724 655 750 ea
698 720 889 750 uterentur
927 714 1230 761 ἐπιτειχίσματι,

119 783 216 820 unde
247 790 428 830 perpetuo
451 782 491 820 in
517 783 692 821 hostilem
716 793 843 830 agrum
869 781 1102 819 incursiones
1133 780 1230 820 facea

117 862 157 890 re
186 860 342 900 possent
369 851 456 902 (2).

167 923 240 962 Sed
280 931 317 960 et
355 922 436 971 ipse
469 922 652 968 Pericles,
694 932 808 969 quum
855 921 1021 958 hostium
1061 920 1228 958 discessu

113 1001 191 1029 non
216 990 375 1038 amplius
409 990 623 1028 defensione
648 1001 745 1037 opus
782 998 908 1035 esset,
936 991 1000 1028 sed
1033 989 1147 1027 libere
1186 990 1226 1027 in

114 1070 357 1108 quascunque
394 1060 504 1097 vellet
520 1086 533 1105 ,
560 1059 730 1106 regiones
761 1058 932 1096 invadere
957 1067 1085 1106 posset
1101 1087 1114 1106 ‚
1141 1071 1227 1097 cus-

108 1128 222 1167 todiis
253 1128 395 1176 ubique
417 1119 611 1177 dispositis
628 1155 640 1174 ,
667 1136 703 1165 et
729 1127 1000 1166 sufficientibus
1028 1129 1223 1177 praesidiis

107 1198 272 1247 relictis,
301 1198 438 1247 quibus
463 1197 495 1236 si
520 1197 680 1235 fortasse
707 1208 765 1236 res
787 1198 910 1235 minus
941 1197 1096 1236 feliciter
1121 1210 1224 1247 gere-

112 1277 214 1307 retur
230 1298 244 1318 ,
271 1269 355 1307 illae
383 1267 483 1306 refici
511 1276 694 1316 possent,
720 1268 802 1315 ipse
821 1268 978 1306 Athenis
996 1280 1080 1306 cum
1103 1271 1221 1307 classe

113 1340 228 1378 solvit
245 1368 258 1387 ,
284 1347 396 1386 atque
416 1338 597 1386 Aeginam
625 1349 819 1386 aggressus
843 1340 926 1385 es‘t3
955 1338 1061 1387 qu'us
1082 1337 1225 1376 insulae

113 1409 339 1448 habitatores
363 1408 560 1446 identidem
589 1407 633 1445 ab
659 1407 952 1445 Atheniensibus
972 1407 1016 1444 ad
1042 1407 1224 1445 Lacedae-

112 1480 260 1518 monios
279 1479 491 1518 deficientes
506 1505 520 1526 ,
538 1487 621 1516 ante
642 1477 775 1526 viginti
789 1485 825 1514 et
839 1485 999 1524 quatuor
1011 1488 1128 1514 annos
1150 1476 1222 1526 (3)

111 1561 217 1598 aegre
232 1549 395 1597 superati
421 1557 537 1588 erant.
565 1548 692 1597 Quum
711 1547 824 1595 igitur
849 1546 1123 1595 insuperhnjus
1136 1546 1224 1593 belli

112 1627 281 1658 auctores
307 1619 554 1665 haberentur,
583 1619 703 1665 deque
736 1628 864 1655 eorum
892 1618 1011 1655 insula
1028 1645 1040 1664 ‚
1069 1625 1223 1664 propter

109 1689 358 1738 Peloponnesi
375 1686 628 1735 vicinitatem,
654 1686 947 1736 Atheniensibus
975 1698 1120 1733 semper
1146 1698 1220 1723 me-

111 1760 290 1800 tuendum
315 1768 440 1806 esset,
476 1769 522 1796 ne
545 1768 590 1796 ex
615 1756 822 1805 improviso
847 1755 931 1794 inde
974 1755 1047 1793 sibi
1082 1754 1220 1802 aliquid

1146 1837 1220 1863 mas

151 1957 201 1993 (1)
221 1957 321 1986 Thuc.
337 1958 364 1985 1.
381 1965 448 1993 cap.
469 1963 516 1990 23·
540 1956 571 1984 in
598 1954 651 2001 fin.
665 1970 706 1981 —
725 1955 821 1986 conf.
849 1956 955 1991 steph.
987 1956 1063 1989 Byz.
1089 1953 1121 1982 in
1141 1955 1218 1982 voce

111 2012 280 2058 Ὠρωπός.

149 2077 202 2115 (2)
221 2078 319 2107 Thuc.
339 2078 382 2106 11.
404 2086 472 2113 cap.
495 2080 543 2107 26.
566 2085 631 2112 cap.
662 2081 709 2107 82-
732 2091 769 2098 -
789 2077 882 2106 Diod.
902 2077 969 2104 ΧΠ.
995 2083 1061 2109 cap.
1092 2085 1143 2112 44.
1164 2086 1213 2097 ··-

112 2135 158 2162 De
174 2134 309 2163 Thronio
335 2142 365 2163 et
392 2136 530 2163 Atalanta
556 2135 641 2163 conf.
665 2135 771 2169 steph.
800 2136 875 2168 Byz.
907 2133 938 2160 in
961 2140 1058 2165 voce3
1101 2132 1215 2162 suffitur

113 2191 194 2220 enim
210 2192 335 2226 Scylax,
356 2199 390 2226 p.
413 2199 461 2225 53.
483 2193 577 2220 Gron.
866 2191 868 2194 ’

142 2244 200 2285 ’(3)
222 2247 314 2276 conf.
335 2248 370 2276 ad
393 2255 500 2277 annum
515 2249 586 2285 4⁵⁶·

607 2306 692 2342 D2
