1502 2767
238 171 309 220 156
481 159 1144 205 commizN'rATxo

238 278 386 318 mentiri
421 287 534 316 ausus
572 281 656 319 est,
685 270 961 318 ulciscendam;
985 253 1230 307 calumniatur
1255 267 1346 306 hos—

237 360 320 397 tes,
370 348 491 394 iisque
537 341 733 382 maledicit.
789 340 928 378 Batavi
970 351 1058 378 vero
1097 339 1170 376 hoc
1203 346 1349 388 tempo-

237 431 276 459 re
315 419 385 466 (ι)
422 426 566 454 omnem
604 414 639 449 in
682 413 761 450 Deo
804 411 1036 448 collocarunt
1070 408 1268 456 fiduciam,
1311 416 1349 446 et

237 489 326 528 belli
356 489 451 533 dux,
480 484 652 533 princeps
690 482 925 519 Arausiacus
957 490 1161 528 nosterque
1184 477 1349 517 haeredi-

235 559 379 606 tarius,
431 554 630 593 exercitum
667 551 706 589 in
736 551 902 601 Belgium
947 550 1124 588 inducens
1147 578 1160 598 ‚
1208 549 1350 587 incolas

237 630 348 677 hujus
390 623 551 672 regionis
601 623 716 670 palam
763 623 808 659 de
842 620 930 658 belli
971 621 1130 658 consilio
1174 619 1352 658 certiores

235 697 414 736 reddidit:
466 722 489 741 ,‚
528 693 617 730 Non
664 692 827 728 vindict-A
844 719 856 737 ‚
907 691 1055 737 inquit,
1104 698 1167 727 aut
1205 689 1351 737 imperii

240 795 264 814 „
288 764 492 814 cupiditate
522 761 766 800 incendimur.
820 762 925 799 Pater
959 772 1064 799 meus
1093 769 1234 798 tanturn
1270 759 1353 809 jus-

240 865 263 885 „
289 846 361 874 tarn
393 843 428 872 et
460 843 610 880 aequam
645 831 750 879 cupit
781 842 922 879 pacem.
977 829 1224 880 Quisque-ab
1256 828 1354 878 inju-

240 936 265 954 ,η
290 906 355 944 riis
380 904 537 942 rnilitum
565 910 670 938 tutus
699 910 779 940 esto
801 913 843 939 ac
863 900 1077 940 incolumis.
1108 900 1175 938 Sin
1201 898 1353 945 minus,

243 1005 267 1023 ,‚
292 986 362 1013 vos
389 974 433 1011 ab
468 973 548 1010 istis
586 971 777 1009 defendam
798 972 824 989 ’⁵
851 973 936 1020 (ε).
992 971 1111 1009 Ducis
1145 970 1354 1019 exemplum

236 1047 375 1085 milites
409 1051 527 1081 secuti
559 1052 647 1079 sunt
681 1042 718 1078 in
750 1041 985 1088 expeditione
1010 1042 1120 1078 hacce
1151 1042 1354 1090 δεχήμερῳ.

242 1118 343 1155 Haec
366 1122 520 1152 testatus
550 1120 604 1148 est
622 1111 856 1149 Francorum
881 1109 1088 1159 praefectus
1107 1139 1120 1157 ,
1147 1109 1354 1155 Geram,

244 1185 309 1232 qui
335 1185 497 1222 Batavos
520 1181 568 1218 ob
593 1181 728 1218 bellum
749 1208 761 1226 ‚
789 1181 1053 1220 humanissime
1079 1189 1222 1229 gestum
1238 1206 1251 1225 ‚
1278 1179 1357 1216 lau-

240 1254 358 1293 davit.
387 1257 454 1300 (3)

294 1327 350 1364 Ex
376 1323 494 1361 allatis
529 1323 706 1370 exemplis
724 1350 736 1367 ‚
776 1330 816 1359 nt
841 1322 910 1358 alia
937 1321 1078 1359 mittam
1100 1349 1112 1368 ‚
1145 1320 1254 1359 facile
1278 1320 1355 1357 col-

241 1397 393 1444 ligitur,
431 1405 582 1442 gentes,
623 1403 716 1439 quae
743 1390 932 1438 religionis
968 1400 1118 1429 nostrae
1141 1388 1357 1439 cognitione

243 1467 401 1516 gaudent
426 1464 613 1501 emendato
630 1490 643 1508 ,
671 1461 842 1499 universe
869 1461 1067 1500 humanius
1092 1459 1256 1508 gessisse
1279 1458 1357 1497 bel-

242 1539 347 1583 lum,
381 1546 490 1583 qnam
528 1533 703 1579 reliquas.
1391 1520 1394 1521 ⁷

294 1607 334 1645 Si
378 1616 445 1652 ea,
513 1614 605 1650 quae
644 1602 711 1638 hac
749 1599 1019 1638 dissertationis
1057 1607 1162 1648 parte
1202 1598 1288 1636 inde
1337 1609 1358 1636 a

1264 1673 1300 1725 §.
1315 1682 1357 1718 4.

245 1746 404 1779 dstnmur,
442 1747 567 1778 propter
590 1749 679 1777 opem
708 1739 874 1767 vulneratis
898 1740 1009 1768 nostris
1043 1742 1180 1778 allatam,
1219 1745 1358 1776 laudandi

244 1810 325 1832 sunt.
364 1802 414 1830 Cs.
436 1802 573 1828 diarium
601 1799 660 1832 jam
687 1797 824 1825 citatum.
1269 1789 1275 1795 “

284 1859 301 1896 (
320 1860 337 1896 )
358 1859 539 1890 Decretum,
563 1855 593 1882 in
613 1863 673 1889 quo
693 1855 761 1882 Rex
778 1859 883 1881 noster
899 1853 1028 1882 dilectus
1044 1858 1089 1892 (a.
1109 1860 1193 1888 1831.
1216 1865 1257 1887 m,
1277 1859 1358 1895 Aug,

246 1919 277 1946 d.
302 1915 349 1953 ι.)
375 1921 477 1943 causas
511 1910 717 1946 expeditionis
746 1910 872 1944 exponit
898 1909 998 1944 iisque
1026 1912 1108 1939 addit
1139 1921 1227 1942 suum
1257 1917 1359 1946 consi.

243 1975 340 2009 lium,
360 1980 377 2000 a
399 1972 489 2004 Deo,
511 1976 594 1997 more
613 1974 815 2002 proavorum,
836 1966 885 1994 die
904 1974 989 1994 certo
1007 1969 1164 2002 praecibus
1188 1972 1282 2002 totius
1302 1982 1360 2009 po-

246 2032 311 2069 puli
337 2037 480 2058 eventum
509 2033 686 2061 prosperum
712 2023 860 2059 petendi,
894 2025 1027 2052 occurrit
1050 2026 1081 2053 in
1111 2027 1233 2065 diariis,
1267 2037 1300 2059 v.
1327 2041 1357 2063 c.

249 2090 279 2118 in
307 2087 437 2117 Nederl.
462 2086 703 2112 Staatscourane
728 2089 755 2110 a.
781 2086 865 2115 1331.
887 2089 928 2109 m.
952 2083 1029 2115 Aug.
1049 2083 1079 2112 d.
1103 2092 1130 2117 3.

287 2146 338 2183 (2)
360 2145 443 2173 Haec
470 2140 582 2170 monita
601 2138 723 2174 publice
740 2137 841 2167 ubivis
861 2145 915 2172 per
935 2138 1076 2174 Belgium
1095 2140 1273 2176 divulgavit.
1293 2144 1359 2181 Ipsa

250 2202 381 2233 inveniri
403 2206 530 2236 possunt
555 2199 585 2226 in
610 2196 708 2225 Brea.
733 2196 871 2223 Caurum
890 2198 975 2230 1831.
999 2203 1039 2224 m.
1063 2200 1142 2233 Aug.
1167 2200 1194 2227 d.
1218 2209 1247 2235 3,

289 2260 343 2298 (3)
363 2259 413 2289 Cf.
436 2257 528 2286 B-ea.
554 2251 647 2283 ξοην.
671 2252 690 2282 1.
714 2254 735 2282 1·
758 2254 794 2282 ad
815 2260 856 2282 m.
878 2254 954 2287 Aug.
976 2253 1005 2282 d.
1027 2257 1074 2283 26·
