1502 2767
427 189 1032 230 THEOLOGICA.
1227 202 1296 237 ¹97

175 298 370 337 hominum
406 299 502 338 vitae
532 301 752 348 tranquiilae
782 310 818 338 et
851 301 888 338 in
921 312 1010 348 pace
1031 300 1213 348 degendae
1242 300 1296 336 in·

174 368 267 416 iecit
291 369 544 418 cupiditatem.
600 371 679 408 Hac
706 371 864 409 benefice
899 370 1089 418 religionis
1128 370 1294 406 docti-ina

178 437 350 477 effectum
370 468 383 486 .‚
424 449 466 477 ut
498 441 665 478 homines
694 442 789 479 vitae
824 442 1045 478 domesticae
1077 448 1113 476 ct
1146 438 1292 475 socialis

175 510 382 547 commodis
425 510 480 546 uti
525 519 636 558 atque
671 512 762 549 adeo
798 512 871 549 vitu
907 511 1035 548 meiius
1068 508 1142 546 frui
1176 510 1293 546 disce-

177 586 281 625 rent,
335 579 555 627 animusque
596 593 720 618 eorum
756 582 801 619 ad
839 583 1004 628 quietum
1039 590 1156 617 rerum
1184 579 1291 615 ,oi-di*

172 659 255 686 nem
295 660 597 698 componeretur.
677 652 748 690 Uti
785 653 856 689 hoc
901 651 937 688 in
981 651 1137 698 singulis
1177 650 1289 697 paulo

171 720 436 759 moratioribus
468 721 614 759 civibus
644 722 830 768 cernitur,
859 722 908 758 ita
943 721 979 758 in
1011 720 1195 758 universis
1220 730 1288 766 po·

171 791 287 838 pulis.
365 792 518 828 Norunt
559 803 690 829 vomnes
743 792 878 829 bellum
931 791 1059 839 pacis,
1114 788 1289 827 omnibus

169 870 394 908 exoptatae,
436 863 630 899 commoda
678 863 881 901 destruere.
957 862 1053 898 Hine
1091 868 1290 896 commune

169 931 434 970 hodiernorum
467 933 677 981 principum
711 941 748 968 et
782 933 1009 979 populorum
1052 926 1288 967 Christiano-

168 1014 252 1039 ÷rum
277 1011 408 1040 votum
437 1011 475 1040 et
506 1003 600 1038 clara
632 1012 733 1047 vox,
759 1012 885 1047 pacem
924 1000 1138 1037 servandam
1178 1008 1284 1042 esse3

167 1080 353 1120 praeterea
385 1070 554 1108 homines
591 1071 630 1107 in
665 1070 876 1107 universum
904 1069 1111 1106 lenioribus
1144 1075 1186 1103 -ct
1221 1066 1287 1102 mi-

170 1140 334 1178 tioribus
372 1139 532 1188 gaudent
567 1139 760 1187 morib1153
791 1140 888 1177 unde
917 1139 961 1176 ab
998 1140 1099 1175 omni
1137 1137 1288 1173 saevitia

168 1219 207 1248 et
239 1211 484 1258 crudelitate,
510 1219 621 1258 atque
652 1210 742 1247 adeo
779 1222 798 1247 a
834 1210 932 1247 bello
971 1218 1128 1246 mentem
1150 1207 1287 1244 habent

165 1279 397 1318 alieniorem.
453 1281 552 1318 I-linc
580 1289 700 1318 metus
731 1280 879 1327 quidam
913 1281 1083 1316 homines
1110 1278 1284 1325 obrepit,

167 1350 200 1387 si
231 1350 342 1388 modo
379 1349 490 1388 fando
532 1350 671 1387 dictum
700 1350 922 1396 audierunt,
957 1350 1094 1387 bellurn
1133 1358 1286 1394 suscep-

161 1430 242 1459 tum
281 1421 355 1468 iri;
381 1421 470 1457 hinc
506 1432 633 1458 omnes
669 1421 705 1457 id
729 1430 872 1469 agunt,
903 1430 971 1465 ut,
1009 1419 1041 1455 si
1077 1418 1281 1466 periculum

163 1498 250 1538 est,
280 1502 326 1527 ne
350 1490 487 1527 bellum
517 1500 736 1538 erupturum
772 1490 847 1535 sit,
877 1490 956 1538 eju-s
996 1500 1126 1526 causas
1153 1489 1283 1524 toiiant

163 1571 200 1599 et
227 1571 443 1609 amoveant3
474 1570 532 1607 et,
560 1561 624 1598 ubi
648 1561 785 1597 benum
823 1560 985 1607 eruperit
1006 1588 1018 1604 .,
1047 1567 1282 1605 quantocyus

163 1631 197 1669 ei
237 1632 322 1670 finis
361 1632 585 1679 imponatur.
662 1631 757 1667 Hinc
793 1642 946 1677 quoqu-e
985 1629 1097 1665 hodie
1142 1638 1178 1665 et
1220 1612 1291 1674 pen

163 1702 317 1740 brevius
347 1702 525 1749 temporis
554 1701 714 1749 spatium
746 1701 839 1738 belia
868 1710 1073 1748 geruntur,
1103 1708 1138 1735 et
1167 1710 1281 1745 quan—

161 1781 241 1809 tum
283 1771 360 1809 fieri
397 1781 549 1820 potest,
603 1771 750 1817 rarius,
803 1771 944 1808 etiam-si
987 1769 1114 1806 hostili
1158 1768 1280 1805 animo

162 1842 237 1880 sibi
271 1842 466 1890 oppositi,
492 1842 716 1890 confligunt.
772 1840 877 1890 Quid
914 1840 1016 1887 quod
1048 1840 1138 1876 adeo
1165 1839 1266 1874 homi
1302 1852 1303 1855 ¹

163 1923 228 1949 nes
261 1923 339 1949 non
376 1914 528 1960 plures,
558 1923 665 1959 quam
698 1911 836 1958 quibus
864 1921 969 1958 ¹opus
1003 1918 1083 1954 est,
1112 1911 1157 1945 ad
1185 1919 1281 1945 arina

161 1983 377 2020 vocantur?
432 1982 530 2020 Tum
562 1983 709 2019 deinum
743 1980 922 2029 plurimi,
963 1979 1027 2017 ubi
1063 1980 1160 2015 bello
1198 1979 1280 2026 jura

163 2064 231 2090 sua
266 2052 451 2090 vindIcare
483 2063 635 2090 necesse
675 2062 759 2099 est,
788 2063 885 2088 anna
921 2049 1101 2098 capiunt,
1142 2049 1280 2095 quibus

161 2121 298 2170 injuste
337 2130 504 2171 agentem
541 2124 599 2159 vel
637 2121 753 2170 patria
789 2122 869 2170 jura
915 2120 1111 2157 violantem
1158 2119 1282 2155 debel-

160 2193 266 2238 lent,
320 2191 468 2240 ipsique
518 2193 752 2238 ostendant,
808 2190 999 2239 religionis
1046 2188 1280 2227 Christianae

160 2262 363 2299 doctrinam
397 2260 523 2311 <quod
546 2262 715 2300 nonnulli
743 2261 794 2298 illi
822 2257 1062 2309 objecerunt)
1091 2257 1276 2295 hominem
