1502 2767
230 191 302 228 168
455 186 1123 228 COMMENTATIO

229 298 377 346 effecit,
414 307 455 336 ut
488 297 733 336 diversissimi
769 297 903 346 populi
939 297 1033 334 inter
1059 307 1100 333 se
1136 296 1341 346 conjunge-

229 377 381 416 rentur3
410 379 539 405 omnes
573 367 714 415 quippe
746 366 894 413 edocti,
924 377 1038 403 unum
1063 364 1228 403 omnium
1257 376 1338 403 esse

230 437 401 484 Patrem,
431 448 541 475 unam
580 437 744 475 omnium
791 436 968 485 stirpem,
1010 446 1138 474 omnes
1170 443 1342 483 peccato-

229 519 316 554 res,
343 519 458 545 unum
488 507 749 554 servatorem,
772 517 886 544 unuin
915 507 1025 544 finem
1053 504 1144 555 (1).

282 576 457 614 Mirabile
493 576 624 622 dictu,
676 561 854 623 quantum
904 576 1131 623 populorum
1167 573 1346 622 conJunc·

231 647 315 695 tio,
374 655 416 684 ut
467 648 638 684 universe
678 646 717 683 in
763 657 820 683 res
862 644 1029 693 publicas
1076 652 1114 682 et
1155 644 1342 692 privatas,

231 718 281 754 ita
314 715 525 765 singulatim
552 716 596 754 ad
622 717 716 753 bella
741 715 896 753 arcenda
932 715 1064 752 habeat
1104 713 1343 751 efficacitatis.

235 787 305 824 Est
336 785 431 823 enim
470 788 587 834 haec,
630 788 706 836 qua
740 784 987 824 diversissimi
1023 783 1155 832 populi
1181 782 1345 820 fraterno

235 867 275 893 se
296 857 570 904 amplectuntur
596 868 741 904 amore,
764 858 840 905 qua
868 853 1202 893 diversissimarum
1230 852 1349 901 regio-

235 937 322 962 num
351 925 495 965 fructus
522 927 618 964 fiunt
641 937 882 973 communes,
910 937 977 963 nec
999 927 1074 962 ulla
1099 923 1253 972 alicujUs
1280 933 1349 971 po-

234 994 315 1041 puli
350 995 448 1034 bona
488 996 624 1034 finibus
662 1005 699 1033 et
741 996 924 1033 limitibus
963 995 1229 1041 continentur;
1273 993 1345 1040 qui«

232 1064 420 1102 literarum
465 1066 587 1103 studia
623 1077 701 1103 non
738 1077 922 1104 armorum
950 1065 1108 1112 strepitu
1141 1063 1349 1112 impediun—

233 1141 319 1180 tur,
356 1135 422 1172 sed
458 1134 667 1173 excitantur
702 1143 738 1172 et
774 1136 939 1172 aluntur.
1006 1135 1078 1172 Est
1116 1133 1344 1180 populorum

234 1204 453 1253 conjunctio
470 1232 484 1252 ‚
509 1204 782 1253 quaprincipes
802 1203 995 1242 amicitiam
1014 1212 1050 1240 et
1069 1214 1194 1250 pacem
1214 1202 1319 1239 alunt
1333 1229 1346 1247 ‚

235 1274 442 1321 mutuaque
482 1273 724 1311 aemulatione
761 1272 798 1309 id
843 1282 986 1321 agunt,
1036 1281 1078 1309 ut
1117 1269 1348 1319 suifpopuli

235 1349 344 1385 quam
380 1338 535 1376 maxime
568 1339 644 1376 sint
682 1338 778 1375 beati
817 1345 852 1374 et
893 1335 1049 1383 felices;
1100 1337 1174 1383 qua
1219 1345 1349 1373 omnes

234 1418 342 1446 unam
375 1407 482 1454 quasi
521 1408 757 1445 constituunt
793 1405 994 1453 familiam,
1031 1414 1091 1451 et,
1121 1405 1153 1443 si
1192 1404 1275 1444 lites
1309 1413 1346 1442 et

234 1476 383 1514 dissidia
411 1486 538 1516 exorta
567 1477 642 1515 sint
659 1506 672 1524 ‚
700 1477 865 1514 omnium
891 1476 1130 1514 consentiens
1157 1487 1233 1513 vox
1258 1484 1315 1513 est
1332 1503 1344 1523 ,

236 1557 361 1593 pacem
396 1558 476 1585 esse
511 1548 725 1587 servandam
758 1548 919 1594 litesque
945 1546 1142 1595 sopiendas
1179 1555 1217 1583 et
1244 1556 1349 1583 com·

233 1616 439 1663 ponendas.
478 1616 564 1666 (α).
622 1619 681 1656 Ne
720 1617 805 1666 quis
842 1618 902 1655 hic
941 1627 1133 1667 opponat,
1171 1615 1345 1663 aliunde,

1239 1698 1348 1734 quam

272 1747 325 1784 (ι)
346 1750 430 1785 Lege
462 1759 518 1779 van
547 1752 679 1781 Oordt
708 1751 737 1779 in
763 1753 848 1781 Diss.
876 1752 964 1781 laud.
994 1759 1063 1787 pag.
1092 1753 1140 1789 84.
1168 1758 1238 1786 sqq.
1265 1750 1347 1781 Tit-

236 1812 368 1842 mann,
390 1808 412 1835 l.
432 1809 456 1835 1.
478 1815 546 1842 pag.
573 1812 639 1842 156.

272 1861 326 1898 (α)
349 1862 415 1893 Cfr.
448 1864 553 1898 Tyge
577 1865 712 1893 Rothe
727 1885 737 1901 ,
764 1867 825 1896 1.1.
858 1866 945 1894 Tom.
963 1867 986 1894 Ι.
1005 1873 1073 1905 pag.
1099 1869 1272 1899 ’.πό-206.
1292 1867 1349 1895 im-

235 1919 358 1960 primis,
379 1928 445 1959 pag.
476 1930 532 1955 230
551 1930 619 1956 sqq.
642 1922 751 1956 Digna.
775 1930 850 1957 quae
877 1924 914 1950 de
931 1925 990 1951 hoc
1012 1931 1187 1957 argumento
1212 1926 1347 1959 legatur,

236 1977 292 2004 De
329 1979 428 2007 Wall
457 1978 629 2013 Disputatio
656 1980 702 2006 De
724 1980 905 2016 populorum
933 1981 1145 2013 conjunctfone
1176 1981 1216 2007 ad
1244 1987 1347 2016 pacem

234 2042 436 2071 perpetuam,
459 2037 552 2063 Gron.
575 2039 659 2065 1818.
682 2038 709 2073 J.
731 2044 803 2064 van
825 2039 994 2071 Voorst‚
1018 2036 1123 2065 Oratio
1154 2037 1188 2063 de
1219 2037 1347 2064 Commo-

237 2093 285 2120 dis
309 2099 399 2129 atque
433 2095 664 2129 emolumentis,
704 2102 779 2130 quae
810 2102 824 2120 c
862 2094 1020 2128 singulari
1039 2094 1220 2129 principum
1244 2093 1347 2121 Euro·

231 2160 397 2188 pacorum,
419 2152 452 2178 in
474 2152 636 2186 Religione
664 2151 848 2178 Christiana
872 2150 920 2177 ln's
948 2151 1132 2185 temporibus
1152 2149 1348 2186 profitenda,

236 2217 376 2236 consensu
396 2215 519 2243 sper-arc
542 2215 572 2234 et
597 2210 754 2244 augurari
780 2211 897 2244 liceat,
925 2207 957 2235 in
976 2207 1048 2236 fine.
1071 2207 1153 2244 Quae
1181 2215 1226 2235 est
1252 2207 1347 2236 inser-

237 2274 265 2293 ta
288 2267 452 2295 Annalibus
475 2266 655 2294 Academiae
675 2266 772 2301 Lugd.
795 2268 856 2297 Eat.
877 2266 1086 2298 1816—1817.
