1502 2767
426 185 1017 228 THEOLOGICA.
1221 204 1290 241 191

180 299 279 332 sent.
315 292 466 332 Etenim
493 295 620 344 (quod
645 293 814 344 inprimis
833 297 1164 347 animadvertatur)
1188 311 1209 338 a
1228 300 1289 351 Je-

182 374 239 402 su
254 363 408 402 Christo
435 364 519 403 inde
548 374 636 403 nato
657 375 783 414 gentes
804 368 1022 417 Europaeae
1045 371 1287 420 saepissime,

183 431 233 471 ob
257 444 387 473 causas
422 433 502 473 sive
534 435 704 483 politicas
739 437 817 475 sive
853 438 1162 488 Ecclesiasticas,
1208 442 1289 481 sive

179 502 298 550 alias,
335 503 375 542 in
405 504 469 542 tali
506 516 627 544 rerum
666 507 878 546 conditione
920 510 1056 547 versati
1089 520 1199 559 sunt,
1246 521 1290 550 ut

182 571 278 611 bella
318 585 395 612 non
437 585 592 623 possent
629 588 706 615 non
751 579 841 626 geri.
907 579 1025 618 Medii
1062 581 1141 619 aevi
1172 582 1291 621 histo-

181 641 239 680 ria.
260 650 296 680 et
328 643 491 692 gentium
517 646 687 684 conditio
704 674 717 693 ,
760 647 878 694 qualis
904 647 979 687 fuit
1007 658 1095 697 post
1120 652 1288 690 seculum

181 711 365 751 decimum
392 716 590 764 quintum,
617 717 687 755 hoc
710 728 833 765 aperte
860 719 1009 758 docent.

234 782 436 831 Postquam
467 786 551 825 lites
579 786 761 835 politicae
783 798 819 826 et
850 790 1117 830 ecclesiasticae
1147 793 1293 841 sopitae

184 860 300 900 sunt,
338 862 374 891 et
401 855 628 904 singularum
665 858 854 897 civitatum
881 861 964 909 jura
993 862 1109 909 magis
1144 862 1294 902 definita

185 931 223 961 et
255 923 499 973 confirmata,
528 927 623 965 bella
659 939 814 967 numero
848 931 1070 969 exstiterunt
1101 934 1292 979 pauciora.

181 993 311 1032 Plures
349 1004 439 1033 sunt
475 996 670 1045 regiones,
716 1010 810 1045 quae
841 1010 906 1046 per
940 1010 1120 1038 annorum
1160 1003 1292 1040 seriem

180 1063 323 1110 placida
354 1075 444 1113 pace
476 1065 611 1104 fruitae
647 1077 751 1106 sunt.
819 1068 1032 1118 Tempora,
1072 1082 1166 1119 quae
1198 1073 1295 1111 vivi-

182 1143 293 1180 mus,
318 1132 358 1171 id
391 1135 550 1173 maxime
580 1137 729 1175 docent.
783 1138 856 1176 Est
885 1139 981 1177 enim
1005 1140 1089 1178 talis
1119 1142 1298 1191 Europae

182 1203 381 1243 hodiernae
406 1206 597 1256 conditio,
628 1217 668 1247 ut
695 1212 772 1246 non
798 1217 942 1248 tantum
972 1212 1152 1249 nonnulla
1184 1224 1296 1261 regna

182 1275 287 1313 malis
311 1276 476 1324 politicis
503 1278 669 1316 consiliis
702 1279 908 1327 ducantur,
935 1291 1064 1318 verum
1089 1282 1195 1320 etiam
1222 1282 1297 1330 ipsi

182 1343 316 1392 cives,
354 1346 404 1383 ob
435 1346 624 1395 religionis
661 1348 845 1388 defectum
883 1358 918 1388 et
948 1351 1130 1398 quandam
1158 1352 1298 1401 princi-

181 1414 331 1462 piorum
364 1416 580 1465 levitatem,
628 1428 746 1457 novas
778 1431 836 1457 res
869 1421 1084 1461 moliantur.
1157 1424 1200 1462 In
1232 1425 1298 1463 tali

181 1496 304 1523 rerum
336 1486 554 1526 conditione
587 1490 687 1538 apud
721 1499 862 1528 veteres
888 1491 984 1529 bella
1015 1504 1099 1530 cum
1124 1501 1297 1543 externa,

182 1563 263 1593 tum
301 1555 466 1604 interna,
506 1566 608 1596 certo
646 1559 785 1597 certius
809 1571 963 1598 numero
987 1560 1150 1599 fuissent
1172 1562 1298 1601 infini-

180 1633 232 1664 ta.
282 1626 362 1678 Jam
394 1638 523 1666 omnes
555 1629 837 1677 prudentiores,
865 1642 911 1669 ne
941 1632 1037 1670 bella
1071 1642 1296 1683 erumpant,

184 1705 342 1743 cavent,
381 1706 418 1736 et
456 1698 489 1736 si
523 1707 746 1748 erumpant,
786 1700 892 1739 bella<
912 1702 975 1740 vix
1005 1702 1078 1741 dici
1108 1714 1295 1754 possunt3

184 1766 250 1813 qui
284 1767 406 1806 minor
430 1767 612 1807 bellorum
645 1781 848 1820 numerus,
885 1784 929 1810 eo
962 1775 1077 1822 magis
1107 1775 1298 1814 observari

182 1845 370 1886 meretur,
424 1850 500 1887 quo
535 1841 652 1889 magis
697 1841 889 1891 Principes
929 1851 966 1880 et
1003 1845 1139 1893 populi
1184 1845 1297 1883 hodie

186 1918 313 1947 secum
343 1908 500 1949 invicem
522 1919 659 1960 agant,
686 1913 924 1961 gentiumque
950 1915 1058 1963 plura
1085 1923 1122 1953 et
1150 1915 1297 1954 diversa

183 1978 260 2016 sint
294 1981 502 2019 commoda.

205 2049 305 2088 ‘Uti
338 2049 434 2088 bella
479 2059 626 2089 externa
664 2063 818 2091 numero
866 2053 978 2091 hodie
1015 2063 1103 2092 sunt
1143 2055 1297 2103 paucio-

179 2118 257 2166 ra,
307 2120 357 2160 ita
399 2132 551 2169 quoque
590 2122 746 2161 interna.
820 2124 906 2162 Hoc
947 2124 1097 2162 nomine
1144 2126 1300 2165 maxime

194 2189 354 2227 cernitur
388 2184 633 2231 'Christianae
668 2193 855 2232 doctrinae
893 2206 988 2243 pure
1030 2204 1198 2245 receptae
1240 2197 1299 2235 vis

191 2267 229 2296 et
277 2259 479 2299 efficacitas.
567 2263 610 2300 In
661 2263 707 2302 iis
762 2264 977 2313 regionibus
1003 2293 1016 2312 ,
1083 2265 1150 2304 ubi
1199 2267 1302 2307 cives

1162 2335 1294 2377 Chris-
