1477 2725
230 149 302 186 172
378 134 1199 175 coMM.L1TERAR1A.

224 246 394 294 phoclem
418 243 547 282 habuit
572 245 746 294 collegam
762 271 774 290 ,
803 244 959 293 ejusque
985 243 1098 292 igitur
1123 246 1334 294 Στρατηγός

221 327 299 353 non
314 314 399 353 fuit.
421 315 514 351 Vult
535 314 647 362 igitur
662 314 931 361 Wesselingius
946 313 1103 361 ,vocem
1120 317 1263 362 ἀγαθῶν
1276 326 1334 353 re-

221 384 309 423 ferri
322 386 366 422 ad
381 384 500 432 ipsum
527 384 702 421 Periclem
720 413 731 430 ,
746 384 886 432 quippe
906 396 924 421 e
939 384 1174 422 nobilissimo
1199 395 1332 432 genere

220 455 472 504 progenitum.
500 453 627 503 Quum
652 463 771 491 autern
789 454 941 492 Pericles
956 482 968 499 ,
983 465 1026 492 eo
1050 453 1230 502 imprimis
1241 462 1333 492 tem·

220 536 312 573 pore
330 552 343 572 ,
370 524 624 572 Optimatibus
652 524 802 562 minime
828 524 994 572 faveret,
1009 524 1325 572 simplicissimam

217 594 396 632 rationem
423 594 510 630 mihi
526 602 677 631 secutus
698 606 777 631 esse
791 594 936 632 videtur
950 595 1244 642 Rhodomanus3
1262 596 1328 642 qui

216 664 350 712 accipit
371 664 415 700 de
441 664 593 701 delectis
621 664 847 711 optimisque
871 663 1077 712 militibus,
1107 665 1242 712 quibus
1259 665 1327 703 Pe-

214 733 322 772 ricles
348 733 556 782 praefectus
578 732 706 772 fuerit.

264 858 350 897 obs.
380 857 506 896 XVII.
536 857 724 895 Plutarchi
759 868 800 894 ac
841 856 1076 906 Thucydidis
1125 857 1327 897 auctoritas

211 928 412 978 prohibent
429 957 442 976 ,
461 939 537 976 quo
561 927 684 965 minus
711 927 818 965 fidem
846 928 1044 966 habeamus
1065 927 1225 966 Diodori
1248 938 1330 966 nar-

209 999 370 1046 rationi3
401 1011 420 1035 e
444 1010 516 1045 qua
538 1006 658 1035 tamen
682 1006 780 1035 recte
808 998 934 1045 colligi
957 1007 1108 1046 potest,
1135 998 1267 1036 bellum
1286 1001 1327 1035 in

211 1070 329 1120 Cypro
356 1081 420 1117 per
444 1068 532 1106 duos
556 1080 674 1105 annos
699 1077 845 1116 gestum
866 1067 985 1106 fuisse
1000 1081 1011 1114 ;
1028 1068 1205 1106 convenit
1227 1069 1322 1105 enim

209 1140 270 1178 hic
296 1139 453 1177 Diodori
496 1137 755 1185 chronologia
787 1149 870 1174 cuni
907 1138 1166 1186 Thucydidea.
1210 1138 1328 1176 Pluri-

212 1221 288 1246 mas
313 1219 401 1246 vero
429 1207 625 1253 victorias,
654 1208 698 1244 de
724 1207 863 1253 quibus
888 1208 1058 1253 loquitur
1079 1235 1091 1253 ,
1118 1208 1240 1244 eadem
1272 1220 1328 1245 ra-

210 1280 313 1317 tione
349 1277 501 1314 finxisse
527 1277 674 1314 videtur
701 1276 893 1314 Diodorus
911 1304 923 1323 ,
954 1288 1026 1323 qua
1053 1276 1151 1314 illam
1178 1276 1224 1314 ad
1250 1276 1326 1314 Ha·
1368 1307 1371 1311 .

207 1350 291 1389 lias.
328 1347 434 1386 Dixit
463 1359 499 1383 v.
530 1357 564 1383 c.
590 1347 663 1395 jain
682 1346 801 1394 primo
823 1356 918 1383 anno
946 1347 1087 1384 Citium
1118 1359 1138 1384 a
1161 1347 1322 1385 Cimone

208 1429 348 1467 captam
366 1417 512 1464 fuisse;
543 1428 657 1463 quum
675 1428 694 1452 e
711 1415 934 1464 Thucydide
960 1424 996 1453 et
1022 1417 1219 1454 Plutarcho
1234 1428 1327 1454 con·

208 1497 281 1527 stet
298 1489 399 1536 (nam
420 1496 618 1532 utrumque
638 1484 796 1532 Nepotis
825 1494 859 1522 et
887 1484 1049 1532 Suidae,
1066 1485 1319 1523 testimonium

206 1571 344 1606 anceps
363 1558 457 1602 est),
473 1556 666 1594 Cimonem
685 1558 721 1591 in
736 1553 826 1594 Citii
841 1555 1120 1604 oppugnatione
1133 1565 1322 1593 mortuum

207 1641 317 1676 esse,
352 1637 463 1674 atque
496 1626 741 1664 Athenienses
784 1634 872 1672 post
913 1625 991 1673 eJ'us
1030 1634 1184 1662 mortem
1221 1623 1320 1662 fame

206 1709 356 1739 coactos
385 1697 530 1743 fuisse,
559 1705 599 1733 ut
622 1696 705 1733 inde
733 1696 978 1733 discederent.
1018 1695 1069 1732 Et
1097 1706 1318 1742 quamquam

204 1768 457 1814 Plutarchus,
497 1776 536 1803 ut
578 1766 783 1803 Diodorus,
806 1766 939 1802 diserte
972 1763 1085 1811 fecit,
1125 1764 1318 1802 victoriam

207 1840 253 1877 ad
302 1837 482 1876 Salamina
519 1835 724 1884 Cypriam,
776 1835 936 1874 Cimone
972 1836 1091 1872 adhuc
1137 1834 1226 1872 vivo
1265 1845 1321 1871 re*-

205 1917 388 1958 portatam
423 1906 583 1944 indicare
619 1906 789 1952 videtur3
833 1904 1009 1942 libentius
1059 1912 1178 1941 tamen
1213 1903 1324 1941 Thu-

204 1977 329 2027 cydidi
368 1975 607 2022 crediderim,
638 1975 826 2021 narranti,
856 1975 945 2013 haec
983 1975 1142 2013 Cimone
1171 1974 1318 2011 demum

206 2058 356 2086 mortuo
387 2047 580 2084 accidisse.
623 2046 685 2083 Sic
705 2045 812 2082 etiam
835 2044 980 2083 facilius
1011 2045 1214 2093 explicatur
1236 2045 1319 2081 Plu-

206 2119 324 2158 tarchi
363 2117 548 2162 narratio,
589 2114 835 2153 Athenienses
874 2116 1046 2152 mandato
1085 2115 1317 2159 obsecutos,

206 2189 309 2237 quod
343 2188 480 2226 Cimon
531 2186 691 2223 moriens
730 2185 775 2222 iis
817 2186 992 2231 dederat,
1040 2185 1129 2234 ejlis
1162 2193 1317 2222 mortem

207 2260 381 2305 celasse,
423 2264 536 2305 atque
584 2267 624 2293 ea
670 2255 813 2293 ratione
840 2255 1028 2302 trigesimo
1060 2263 1149 2303 post
1196 2249 1318 2302 ipsius

1237 2321 1318 2359 obi-
