1502 2767
190 168 237 206 86
401 163 1065 204 COMMENTATIO

240 274 323 313 Usu
337 282 457 312 autem
469 274 665 312 edocemur
675 301 689 321 ‚
705 285 831 312 omnes
845 282 972 323 gentes
987 303 1000 322 ‚
1017 285 1093 323 quo
1108 273 1225 324 magis
1239 285 1296 313 re·

188 347 364 397 ligionem
388 348 584 384 coluerunt
598 373 611 392 ‚
640 357 684 382 eo
711 345 860 394 majoris
882 344 1014 384 fecisse
1036 345 1209 384 virtutem
1229 346 1299 384 bo-

191 428 338 465 nosque
367 428 502 454 mores.
557 416 671 463 Apud
708 415 869 454 Graecos
893 424 930 453 et
959 417 1144 454 Romanos
1178 427 1211 454 e.
1233 427 1301 464 g.‚

191 488 370 536 religione
396 488 560 534 neglecta
585 496 625 523 ac
649 494 825 532 corrupta
843 513 854 530 ,
881 487 1000 524 virtus
1029 494 1214 523 contemta
1246 493 1304 523 est

193 570 234 596 ac
259 568 380 595 mores
416 555 620 603 depravati.
675 555 823 602 Religio
849 556 892 592 ati
929 566 1190 603 quemcunque
1221 565 1306 603 per-

194 627 309 672 tinet,
337 626 460 664 ubivis
494 635 529 663 et
555 636 699 672 semper
724 633 928 672 operatur‚
970 634 1112 664 tantum
1145 625 1206 662 illa
1241 637 1307 663 cu-

193 695 315 747 jusvis
352 695 514 733 animum
533 694 702 732 intimum
737 694 850 742 agitat
867 722 880 741 ‚
905 704 1116 733 commovet
1131 723 1143 740 ‚
1159 694 1303 732 incitat.

198 766 306 816 Quae
334 776 420 803 cum
446 765 497 802 ita
532 764 635 811 sint,
673 764 802 812 religio
835 773 891 802 est
921 765 1125 803 necessaria
1171 764 1309 802 haben·

199 836 244 874 da
257 836 326 886 (1)
340 862 354 883 ,
380 842 422 872 ut
441 834 616 872 virtutem
639 833 709 872 rite
730 836 896 872 colamus
924 846 1121 882 moresque
1143 834 1312 872 emende-

207 916 309 944 mus.
483 891 485 894 ¹
537 901 544 906 ”

252 988 291 1015 2.
317 975 467 1024 Religio
510 974 803 1013 Christiana
836 977 993 1012 omnium
1029 977 1197 1013 maxime
1226 985 1315 1026 per—

202 1054 320 1086 movet
355 1043 410 1083 ad
442 1045 622 1084 virtutem
665 1044 851 1083 colendam
895 1057 1083 1095 moresque
1123 1044 1318 1083 emcndan-

208 1116 288 1155 dos.

258 1184 460 1225 Perfectior
493 1195 534 1222 ac
577 1185 706 1233 purior
736 1195 880 1222 morum
914 1184 1081 1222 doctrina
1112 1183 1318 1222 arctissime

208 1256 382 1294 cohaeret
404 1247 493 1292 cum'
509 1254 652 1292 meliori
671 1256 716 1292 de
737 1255 818 1292 Deo
841 1254 1022 1291 doctrina·
1049 1276 1102 1283 —
1128 1253 1216 1303 Quo
1240 1265 1320 1291 rec-

209 1325 287 1364 tius
311 1325 482 1363 videlicet
504 1326 648 1371 Deum,
677 1323 839 1361 omnium
857 1332 1130 1372 procreatorem
1165 1335 1206 1361 ac
1238 1322 1320 1362 fau·

216 1403 363 1443 torem,
390 1404 686 1442 cognoscamus,
726 1405 770 1431 eo
804 1394 934 1431 melius
968 1393 1139 1440 vincula,
1180 1394 1319 1442 quibus

213 1477 300 1504 cum
341 1466 424 1503 Deo
461 1473 497 1502 et
544 1463 759 1501 hominibus
791 1463 1080 1513 conjungimur,
1126 1463 1323 1502 observare

213 1546 448 1584 possumus,
488 1534 542 1573 uti
575 1542 610 1571 ct
648 1533 792 1580 officia,
841 1535 885 1572 ad
917 1534 1054 1581 quibus
1093 1533 1322 1582 fungendum

215 1605 371 1654 obligati
406 1616 550 1642 sumus·
610 1602 882 1642 Perfectissima
921 1615 1043 1642 autem
1077 1604 1246 1642 doctrina
1277 1604 1324 1642 de

216 1676 299 1714 Deo
330 1686 351 1713 a
378 1674 472 1723 Jesu
495 1673 649 1712 Christo
676 1673 1053 1722 ejusquexApostolis
1078 1673 1190 1712 nobis
1216 1673 1327 1712 tradi-

230 1753 267 1783 ta
294 1753 379 1789 est,
407 1755 527 1791 quae,
556 1743 588 1781 si
624 1752 721 1782 recte
755 1743 1006 1792 intelligatur,
1034 1743 1174 1792 optima
1207 1744 1330 1782 conti-

218 1823 283 1852 net
309 1825 454 1852 morum
472 1822 662 1862 praecepta
676 1841 690 1861 ,
718 1824 813 1861 quae
827 1842 840 1860 .,
862 1813 907 1850 ad
935 1822 1055 1851 totum
1077 1822 1252 1852 terrarum
1269 1825 1331 1852 or-

221 1883 305 1921 bem
346 1881 558 1931 referenda,
591 1883 729 1930 cuique
765 1884 935 1932 populo,
964 1883 1101 1931 cuique
1127 1895 1249 1922 rerum
1287 1896 1329 1922 ac

1240 1964 1333 1994 tem-

260 2027 312 2066 (2)
333 2029 384 2058 ef.
403 2027 527 2058 omnino
561 2029 746 2064 Rhynvis
774 2029 913 2066 Feith,
942 2040 1014 2060 over
1038 2032 1073 2060 de
1099 2032 1331 2067 noodzakelijk-

223 2084 295 2113 heir!
314 2094 374 2114 van
402 2085 628 2121 gndsdiensn'ge
655 2087 815 2123 begrippen
840 2096 876 2114 en
892 2088 1078 2123 praktijlren
1106 2095 1157 2116 ter
1185 2090 1329 2118 beverela-

224 2143 296 2177 rs'ng
318 2151 376 2171 'van
401 2142 500 2177 dcugd
522 2151 557 2169 cn
581 2143 671 2178 goede
709 2143 814 2172 zerlen.
845 2144 945 2172 Haarl.
976 2147 1065 2174 1826.
1089 2147 1180 2173 altera
1204 2146 1277 2174 edit.
1298 2155 1330 2182 p.

227 2205 390 2236 147—174,
408 2206 484 2234 quae
501 2199 665 2232 disputatio
682 2207 772 2228 aureo
796 2201 921 2230 donatus
938 2209 983 2230 est
998 2203 1134 2238 praemio
1152 2202 1334 2234 aSocn'etau

228 2256 425 2292 Teylaeriana.
450 2255 520 2286 vta.
539 2250 723 2293 opp.12ujus
743 2259 856 2287 Socim.
879 2258 982 2288 Τήιοι.
1005 2259 1045 2289 τ.
1061 2261 1142 2290 xv1.
