1502 2767
418 139 1018 195 THEOLOGICA.
1213 165 1281 202 161

655 300 690 349 ἕ.
749 316 783 343 1.

158 435 362 493 Religionis
375 442 614 483 Christianae
627 446 799 488 doctrina
818 453 912 492 tales
923 456 1025 494 inter
1036 456 1193 498 homines
1207 469 1273 500 ex·

203 515 340 553 citavit
363 517 585 562 sententias,
603 530 723 567 quae,
736 521 837 570 quod
858 522 913 561 ad
932 518 1066 563 bellum
1087 540 1221 578 geren-

293 581 381 621 dum
407 586 545 623 attinet
559 613 572 631 ‚
606 589 813 629 salutarem
838 593 914 630 vim
941 605 1149 636 exseruere.

200 732 256 771 Ut
294 735 444 783 omnia,
474 748 568 785 quae
599 738 792 778 hominum
822 742 977 781 salutem
1010 753 1203 792 spectant‚
1231 747 1265 783 si

150 804 337 842 emendata
373 806 532 854 cupias,
587 819 632 863 ex
669 811 881 850 eorumdem
913 814 1097 852 sentiendi
1135 825 1171 854 et
1209 816 1266 854 vi-

146 873 257 911 vendi
289 874 430 912 ratione
458 877 676 926 profluant,
715 889 866 918 necesse
901 891 985 930 est3
1036 883 1086 921 ita
1124 885 1260 933 etlam,-

146 942 179 981 si
210 944 401 982 hominum
437 946 481 983 de
512 946 610 983 bello
647 950 812 995 gerundo
843 951 1044 992 sententias
1070 955 1262 993 emendare

143 1012 265 1060 velis,
291 1022 377 1051 ante
410 1014 534 1052 omnia
559 1016 693 1054 melius
728 1018 934 1066 cogitantes
950 1048 963 1067 ,
992 1021 1196 1062 sentientes
1220 1034 1258 1063 ct

137 1090 288 1129 agentes
325 1084 482 1132 reddas,
510 1096 607 1132 opus
644 1095 716 1127 est.
742 1109 798 1118 —
823 1089 929 1138 Quae
954 1090 991 1129 id
1013 1091 1163 1140 effecit,
1199 1103 1258 1133 est

138 1152 350 1201 Religionis
373 1154 607 1193 Christianae
627 1157 794 1195 doctrina
808 1187 822 1206 ‚
850 1160 961 1210 cujus
989 1173 1170 1202 summam
1191 1177 1257 1203 su-

134 1233 203 1270 pra
228 1222 481 1263 exhibuimus.
511 1224 551 1263 Si
573 1226 647 1274 J'am
678 1228 822 1266 nullum
848 1238 1008 1269 exstaret
1034 1233 1251 1274 historicum

133 1300 442 1340 monumentum,
471 1293 576 1333 facile
597 1306 718 1334 tamen
739 1298 829 1336 mihi
848 1304 1102 1348 persuaderem
1118 1330 1131 1352 ,
1160 1306 1252 1354 hac,

135 1363 254 1409 eaque
297 1364 402 1410 una,
441 1364 647 1403 -hominum
684 1368 869 1407 sentiendi
902 1379 937 1408 et
976 1374 1107 1421 agendi
1138 1376 1252 1414 ratio-

129 1442 213 1469 nem
245 1434 470 1472 emendatam
510 1447 592 1473 esse
619 1437 712 1486 (03
760 1439 866 1477 aliter
898 1441 1038 1490 quippe
1076 1444 1155 1483 fieri
1186 1448 1251 1486 vix

129 1501 324 1550 potuisse,
371 1504 463 1551 quin
512 1505 637 1544 eadem
676 1508 847 1548 homines
885 1511 1171 1554 instituerentur
1201 1519 1247 1556 ad

132 1571 265 1612 melius
296 1573 343 1610 de
375 1574 542 1613 Numine
566 1576 840 1625 perfectissimo
870 1580 992 1631 deque
1014 1585 1158 1633 generis
1177 1588 1248 1625 hu-

129 1642 228 1679 mani
263 1641 336 1680 fine
372 1652 408 1681 et
437 1643 615 1692 dignitate
652 1648 920 1699 cogitandum,
948 1664 993 1692 ex
1029 1656 1246 1697 melioribus

128 1712 324 1761 principiis
361 1714 571 1764 agendum,
598 1725 636 1755 et
672 1718 844 1766 puriores
879 1721 1030 1762 virtutis
1070 1729 1246 1767 notiones

123 1782 402 1831 concipiendas.
467 1785 520 1823 At
551 1785 589 1823 id
617 1799 743 1826 revera
772 1788 983 1839 Religionis
1009 1794 1245 1836 Christianae

123 1852 328 1891 doctrinam
356 1853 525 1894 effecisse
554 1856 675 1895 cuivis
702 1859 870 1907 patebit,
900 1861 966 1910 qui
998 1867 1247 1914 comparatio·
1291 1861 1293 1863 ¹

123 1933 207 1961 nem
231 1923 403 1962 instituat
434 1937 556 1965 mores
591 1927 688 1966 inter
720 1929 946 1980 hominum,
992 1935 1058 1983 qui
1088 1946 1173 1975 ante
1208 1949 1245 1977 et

121 2000 211 2040 post
259 1993 454 2033 Christum
503 1996 706 2047 vixerunt,
761 2000 986 2053 singulaque
1030 2007 1244 2047 consideret

1186 2079 1243 2118 irt-

161 2169 213 2206 (1)
232 2173 297 2202 Cfr.
318 2174 450 2203 Herde
462 2182 496 2210 r,
516 2175 605 2204 ldeen
631 2185 692 2205 zur
718 2177 893 2214 Philo-toph.
913 2178 967 2207 dar
986 2179 1165 2219 Gescht‘cltto
1183 2182 1239 2210 clei·

124 2227 337 2264 Mansa-khan,
357 2231 422 2260 Th.
445 2232 484 2261 11.
505 2240 573 2268 pag.
595 2242 664 2271 324.
688 2241 735 2269 sq.

174 2292 270 2334 JuN.
665 2291 699 2328 L
