1507 2876
229 239 280 277 40
445 222 1116 265 COMMENTATro

442 366 1131 415 CONCLUSIO.

282 523 485 562 Videamus
517 525 562 562 ad
595 523 705 561 finem
739 522 852 572 hujus
886 521 1094 568 sectionis,
1147 519 1238 568 quid
1273 529 1344 560 nos

233 595 456 632 concludere
495 594 702 642 possimus.
786 590 898 629 Haud
935 603 1016 629 raro
1059 589 1222 637 dicitur,
1275 589 1350 628 bel-

235 664 319 701 lara
370 664 506 701 malum
551 663 794 700 necessarium
854 673 965 708 esse,
1015 660 1174 708 ideoque
1224 659 1348 697 licere.

236 732 358 771 Aliam
392 741 513 770 autem
547 731 705 780 ingressi
739 742 868 770 sumus
904 729 1019 770 viam.
1090 730 1239 780 Quodsi
1287 739 1353 768 ve·

237 813 319 840 rum
356 809 477 847 esset,
530 812 602 839 nos
643 800 719 839 fato
763 799 978 838 inexorabili
1024 810 1257 848 regeremur,
1308 809 1351 837 ac

237 871 431 909 tolleretur
455 870 605 909 libertas
638 879 766 908 nostra
787 870 952 908 moralis0
991 870 1131 908 Verum
1160 869 1354 907 contendi·

240 952 324 978 mus
355 939 497 978 bellare
534 940 674 978 idcirco
710 940 851 977 homini
883 951 924 978 ac
955 939 1114 989 principi
1134 939 1354 978 Christiano

238 1020 317 1047 non
351 1010 589 1057 evitandum,
625 1021 747 1057 neque
785 1010 843 1047 his
878 1010 1047 1047 illicitum
1090 1009 1354 1048 aestimandum

241 1091 346 1128 esse,
400 1082 504 1128 quod
554 1079 727 1128 saepius,
781 1080 855 1118 nisi
905 1080 1014 1118 armis
1059 1079 1205 1128 captis,
1255 1080 1357 1117 homo

243 1150 481 1188 Christianus
509 1161 592 1199 erga
627 1149 896 1198 semetipsum,
925 1161 1011 1198 erga
1037 1157 1242 1197 cognatos,
1269 1148 1360 1186 ami-

242 1231 337 1267 cos,
364 1222 463 1258 cives
482 1248 494 1267 ,
522 1231 607 1268 erga
628 1220 842 1266 civitatem,
870 1219 1071 1267 principem
1089 1247 1101 1265 ‚
1129 1231 1212 1268 erga
1239 1218 1356 1264 alios,

245 1298 356 1337 atque
385 1291 558 1340 princeps
587 1300 670 1338 erga
695 1301 799 1327 suam
830 1297 975 1337 gentem
1007 1301 1074 1327 sua
1098 1289 1216 1326 officia
1251 1289 1360 1337 plane

244 1361 472 1408 negngret‚
514 1367 550 1396 et
589 1368 746 1407 tuerque
783 1370 906 1397 revera
941 1359 1105 1397 hostUnn
1137 1359 1360 1408 injustorun1

246 1429 358 1468 rebus
396 1429 650 1478 prospiceret:
708 1429 851 1476 qualem
894 1429 1023 1478 agendi
1061 1429 1237 1468 rationem
1273 1441 1362 1468 nus-

248 1512 358 1548 quam
390 1502 428 1537 in
465 1500 635 1538 doctrina
671 1500 823 1538 Ethices
867 1499 1097 1538 Christianae
1134 1500 1275 1550 J'ussam
1305 1511 1361 1538 re-

247 1570 424 1617 pffimm&
468 1569 1360 1622 Omnawm½ssm1mmmeofflssmmm‚ab

247 1639 309 1677 illa
352 1638 530 1687 religione
571 1640 850 1688 praescriptae,
903 1640 1008 1677 valde
1057 1641 1239 1679 contraria
1285 1649 1358 1680 est.

248 1709 443 1759 Quidquid
465 1709 580 1757 igitur
606 1709 694 1747 huic
712 1709 848 1747 'morali
882 1710 1093 1748 necessitati
1121 1711 1361 1759 adversetur,

250 1778 483 1828 fugiendum.
539 1777 638 1816 Hinc
670 1780 766 1817 illam
806 1778 917 1817 animi
955 1779 1176 1827 mollitiem,
1205 1781 1363 1818 clemen-

251 1850 363 1897 tiam,
391 1849 707 1888 mansuetudinem
724 1877 736 1896 ,
762 1860 809 1887 ne
829 1849 944 1887 dicam
960 1849 1140 1898 ignaviam
1157 1877 1171 1896 2
1201 1849 1362 1898 quibus,

254 1919 455 1967 quominus
477 1919 607 1958 officiis
643 1918 911 1958 satisfaciamus
928 1947 940 1966 ,
968 1918 1236 1968 impediamur,
1260 1920 1364 1969 quis-

256 2000 330 2037 que
366 1988 485 2038 fugiat
517 1989 754 2027 Christianus
789 1987 875 2037 (1).

306 2058 378 2096 His
407 2059 543 2105 dictis,
570 2057 720 2097 minime
761 2069 871 2096 omne
900 2058 1040 2096 bellum
1074 2069 1200 2108 gerere
1219 2059 1362 2099 licitum

257 2129 450 2169 habemus.
491 2129 579 2167 Huc
608 2139 685 2167 non
706 2128 808 2167 ducit
831 2127 1076 2178 disquisiti03
1104 2139 1188 2167 cum
1217 2137 1364 2178 pateat,

1279 2198 1362 2252 jus·

299 2302 352 2339 (ι)
375 2299 467 2331 conf.
487 2303 642 2338 Penei,
663 2303 684 2330 1.
701 2303 724 2331 Ι.
743 2301 781 2331 11.
799 2309 830 2338 p.
847 2303 926 2339 496,
947 2308 1016 2337 499.
