1538 2689
548 136 902 185 MEDICA.
1257 169 1304 198 21

238 235 311 275 Sed
333 247 422 287 post
449 252 513 280 eos
547 246 805 292 celeberrimus
842 254 903 293 ille
941 257 1164 300 Paraeus
1203 265 1296 315 (1),

183 306 248 354 qui
286 310 378 347 alter
417 311 589 353 inventor
626 318 804 367 ligaturae
844 330 967 366 vocari
1007 339 1160 379 potest,
1214 336 1294 384 ejus

182 387 289 415 usum
316 381 420 419 valde
443 385 645 433 emulgavit
665 417 677 432 ,
715 395 926 438 praesertim
964 399 1000 436 in
1033 404 1294 448 amputationi-

176 444 264 484 bus.
300 449 429 488 Utitur
455 452 515 491 ille
532 467 606 493 uno
625 466 765 498 tantum
787 463 876 512 filo3
897 475 1081 514 praeterea
1109 472 1214 510 etiam
1236 476 1293 512 di-

173 515 224 552 cit
245 527 328 556 esse
353 527 671 573 praecavendum,
700 541 746 568 ne
778 534 1052 588 haemorrhagia
1076 544 1289 583 secundaria

171 583 339 636 oriatur,
374 590 409 627 si
434 592 622 634 vinculum
659 598 835 646 ligaturae
866 608 1089 649 resolvatur.
1140 612 1287 653 Invenit

167 654 214 691 ad
237 659 457 700 extrahenda
479 674 563 702 vasa
589 678 730 707 ecarne
757 672 793 709 in
810 685 884 720 qua.
905 677 1045 725 latent,
1062 679 1284 721 instrumen-

958 705 974 714 x.

166 732 244 762 tum
260 753 272 771 ,
300 730 428 776 gallice
454 733 592 773 dictum
611 739 709 776 valet
730 743 756 777 ὰ
775 747 904 792 patim
920 754 958 783 et
982 747 1043 786 bec
1067 749 1112 788 de
1136 753 1277 793 corbin.

215 794 254 832 G
272 808 294 834 u
307 798 318 834 i
332 800 343 836 1
356 800 367 836 1
381 812 400 837 e
412 812 447 838 m
461 814 480 840 a
494 815 517 841 v
530 816 553 842 u
567 818 584 842 s
604 807 673 855 (2)
695 837 706 855 ‚
721 812 800 858 ejus
817 813 1024 863 discipulus
1037 845 1050 865 ‚
1070 823 1218 861 eandem
1236 826 1280 862 li-

161 866 273 912 gandi
306 869 519 910 methodum
550 875 775 926 descripsit,
823 884 926 929 quod
965 887 1071 926 etiam
1109 890 1277 933 fecerunt

1187 973 1275 1010 gan-

159 997 310 1033 strasburg
329 1008 413 1036 15¹7·
430 1004 451 1032 l.
470 1005 548 1033 vm.
572 1015 604 1041 p.
623 1018 673 1044 29.
715 1031 738 1046 ‚‚
760 1013 808 1040 nu
825 1017 885 1044 solt
903 1019 978 1046 auch
995 1021 1126 1057 onwege
1143 1024 1192 1052 die
1209 1034 1272 1055 arm

157 1069 181 1087 „
203 1054 278 1081 oder
307 1056 356 1084 die
393 1058 465 1089 bein
495 1061 549 1090 mit
572 1065 758 1098 heylbatinder
780 1071 889 1105 binden
903 1093 912 1108 ,
933 1083 983 1104 wo
1007 1078 1086 1106 denn
1112 1080 1161 1109 die
1179 1085 1271 1112 wund

151 1126 179 1143 ‚,
201 1109 251 1139 ist.
291 1113 337 1141 Du
355 1116 415 1142 solt
442 1119 515 1145 auch
533 1127 596 1147 mer
611 1123 718 1158 lagen,
741 1126 780 1154 ob
799 1130 849 1155 ein
864 1131 953 1167 ader,
975 1141 1040 1162 wer
1057 1135 1106 1164 die
1125 1138 1163 1165 du
1175 1140 1267 1168 seben

153 1184 177 1201 ‚‚
197 1174 291 1202 magst
310 1172 370 1198 und
401 1173 489 1202 darzu
511 1175 673 1213 kommen,
692 1189 726 1209 so
749 1185 809 1211 solt
824 1184 874 1215 die
900 1195 970 1222 seye
989 1190 1042 1219 mit
1058 1191 1158 1221 einem
1178 1203 1269 1231 zwy-

152 1241 174 1258 „
198 1223 306 1254 fachen
334 1227 423 1256 faden
441 1232 471 1258 in
492 1232 577 1261 einer
593 1237 684 1264 nodel
709 1239 898 1277 abs-trieben,
920 1245 969 1273 das
989 1245 1026 1275 ist
1044 1250 1085 1276 als
1101 1250 1143 1278 vil
1168 1254 1210 1280 als
1226 1261 1264 1281 zu

148 1298 173 1315 ,‚
194 1280 358 1317 knypffen,
380 1286 440 1314 und
458 1288 494 1315 da
512 1289 583 1317 thun
600 1293 682 1321 also.
723 1294 795 1323 Nim
812 1297 861 1325 die
889 1301 981 1328 nodel
1007 1311 1047 1330 un
1072 1304 1148 1334 srich
1167 1309 1264 1336 under

147 1354 171 1371 „
193 1335 244 1365 die
261 1339 332 1367 ader
350 1342 429 1376 und,
446 1345 542 1372 zeuch
567 1354 620 1380 sye
647 1350 722 1377 daun
744 1352 911 1390 herdurch‚
930 1359 990 1386 und
1008 1360 1120 1396 knypff
1130 1364 1187 1393 dan
1210 1366 1260 1394 di'e

146 1410 171 1428 „
193 1394 264 1422 ader
280 1403 339 1433 zu,
360 1405 395 1425 so
411 1406 470 1427 stet
488 1408 533 1430 es.
547 1401 565 1414 ”

183 1452 232 1487 (1)
252 1453 280 1480 A
291 1461 318 1481 m
328 1454 368 1482 br
379 1463 397 1483 0
409 1464 422 1483 s
432 1456 462 1484 ii
488 1460 508 1487 P
519 1466 533 1485 a
543 1467 579 1487 ra
589 1468 606 1487 e
617 1461 645 1497 i,
669 1463 769 1498 Opera
783 1467 970 1506 Chirurgica
983 1492 992 1507 ‚
1005 1474 1145 1507 Francos.
1165 1479 1195 1507 d.
1207 1481 1252 1510 M.

146 1508 304 1544 1594.1ib.
327 1514 354 1540 8.
372 1520 400 1540 c.
418 1514 485 1543 VH.
501 1523 534 1549 p.
557 1527 622 1552 257.
647 1541 669 1555 ‚,
681 1521 796 1556 Quodsi
813 1533 849 1553 ne
868 1527 1042 1564 sicquidem
1054 1533 1176 1564 sistatur
1193 1544 1255 1568 tum

144 1580 168 1597 ‚‚
190 1571 307 1596 sutura,
334 1568 358 1596 si
379 1577 454 1603 quae
479 1572 555 1602 facta
572 1575 852 1612 suerir‚dissuenda
870 1592 899 1613 et
923 1587 1000 1616 vasis
1012 1591 1107 1625 ipsum
1117 1598 1254 1625 osculum

140 1636 166 1654 „
186 1620 335 1656 originem
359 1633 414 1654 seu
439 1629 569 1659 radicem
599 1642 721 1671 versus,
743 1646 816 1675 acu,
837 1641 973 1680 filoque,
994 1655 1064 1676 cum
1082 1652 1178 1681 carnis
1193 1661 1255 1683 tan-

138 1694 166 1710 „
187 1684 215 1705 ta
230 1680 373 1712 portione
388 1701 397 1718 ,
416 1691 553 1718 quantam
577 1691 669 1723 partis
700 1695 836 1725 conditio
855 1701 1023 1735 permittet,
1053 1711 1254 1742 comprehen-

140 1752 163 1768 „
186 1735 335 1773 dendum,
348 1738 603 1780 vinciendumque
622 1755 679 1777 est.
697 1750 744 1779 Sifc
761 1753 841 1782 enim
865 1756 1001 1791 ingentes
1017 1762 1253 1801 haemorrhagias
1296 1762 1299 1763 ⁷

136 1808 163 1827 ,‚
183 1791 272 1820 etiam
298 1793 327 1822 in
353 1804 469 1826 artuum
496 1804 702 1837 amputatione
729 1809 874 1844 cohibui,
901 1822 934 1842 ut
960 1825 1015 1845 suo
1041 1819 1137 1849 dicam
1166 1825 1249 1856 loco.

133 1867 159 1884 „
181 1849 255 1882 Nam
279 1852 326 1888 si,
339 1861 413 1883 vena
436 1858 733 1896 arteriavejugularis
750 1866 896 1906 dissecta,
916 1880 1029 1903 sursum
1050 1878 1251 1917 deorsumque

131 1919 156 1938 ,‚
177 1909 209 1930 se
235 1906 420 1934 contraxerit
440 1914 470 1935 et
494 1910 689 1949 subduxerit,
722 1923 784 1945 turn
811 1928 879 1949 cute
903 1923 968 1958 ipsa
995 1928 1050 1955 sub
1075 1938 1131 1964 qua
1154 1934 1247 1970 latet,

134 1975 159 1992 „
178 1959 353 1990 denudanda
374 1963 452 1999 crit,
473 1973 503 1994 et
530 1975 584 1997 acu
613 1970 708 2000 filium
733 1975 863 2006 ducente
880 1981 983 2010 subtus
1010 1984 1149 2022 inmissa,
1173 1992 1247 2020 deli-

134 2033 162 2050 „
179 2018 291 2052 ganda,
313 2026 345 2047 ut
362 2021 478 2055 pluries
495 2032 510 2051 a
533 2032 581 2053 me
604 2027 715 2058 factum
736 2035 879 2068 memini:
901 2046 932 2066 at
951 2041 1122 2077 priusquam
1143 2047 1247 2078 vincu-

133 2091 160 2112 ,‚
178 2073 239 2104 lum
255 2078 407 2113 resolvas,
425 2087 548 2115 oportet
563 2091 680 2115 carnem
698 2092 885 2122 succrevisse

134 2147 158 2164 „
179 2129 315 2165 obturet,
339 2141 376 2162 ne
394 2136 493 2166 denuo
512 2141 629 2176 sanguis
650 2144 754 2174 ssuat.''

891 2115 900 2128 ‚
924 2104 999 2130 quae
1016 2101 1094 2130 vasis
1111 2112 1246 2136 oscu.um
