1564 2750
77 233 180 263 sectio
194 233 250 262 111.
264 231 292 272 ς.
305 241 316 261 1

336 175 404 211 118
555 168 1222 209 COMMENTATIO

333 280 372 318 in
409 279 491 328 ipso
507 307 520 326 ,
547 279 716 317 acerbius
748 278 953 326 exagitaret
979 277 1064 326 (1).
1104 278 1189 316 Nos
1212 284 1335 315 autem
1362 286 1441 315 eam

333 360 455 387 rerum
495 348 726 396 publicarum
749 350 989 387 curandarum
1015 348 1193 392 rationem
1217 347 1277 386 alii
1297 347 1442 386 meliori

335 418 481 456 cuidam
525 427 700 456 terrarum
735 418 818 456 orbi
846 419 1156 457 accommodatam
1194 417 1441 464 dimittimus,

336 490 402 535 qui
434 489 525 526 illud
561 500 582 527 a
609 488 769 527 Politico
804 490 1020 538 exigendum
1049 496 1249 536 putamus,
1287 497 1330 525 ut
1353 486 1445 525 civi-

330 566 440 596 tatem
465 559 581 607 ipsam
619 571 754 607 resque
787 559 955 607 publicas
977 559 1070 596 bene
1095 559 1314 598 constituat.
1368 557 1442 598 Sed

330 627 475 665 etiamsi
517 628 554 665 in
596 629 654 666 his
695 641 781 667 cum
816 630 970 668 Platone
1015 630 1337 676 consentiremus,
1389 628 1436 667 iis

327 706 427 734 certe
441 725 453 744 ,
469 709 563 744 quae
576 697 614 735 in
631 699 877 737 accusationis
902 698 1018 747 priori
1030 707 1133 746 parte
1159 698 1335 736 dicuntur
1349 724 1362 744 ,
1377 697 1443 735 ab·

327 768 548 805 solvendum
585 777 796 816 putaremus
832 768 1022 807 Periclem.
1083 768 1196 806 Itane
1234 766 1444 805 Athenien.-

327 846 388 873 ses
409 836 470 874 ille
484 837 639 876 reddidit
661 838 816 887 ignavos
838 847 876 876 et
895 840 1045 876 timidos
1062 866 1076 886 ,
1093 838 1159 886 qui
1180 848 1290 875 omne
1307 865 1320 885 ,
1335 836 1440 885 quod

329 905 440 943 rebus
473 907 659 954 praefuit,
696 916 871 956 tempus,
900 907 1201 956 expeditionibus
1227 906 1440 953 bellisque,

331 981 394 1021 et,
423 976 456 1012 si
481 977 571 1022 quid
585 976 658 1025 ipsi
687 977 733 1014 ab
755 978 801 1016 iis
817 978 884 1015 otii
907 987 1119 1027 superesset
1135 1006 1148 1025 ,
1174 977 1260 1015 urbi
1277 976 1446 1015 munien-

329 1043 395 1081 dae
422 1051 535 1091 atque
560 1048 742 1085 ornandae
767 1048 982 1095 impendit?
1010 1049 1146 1086 Videte
1167 1049 1357 1086 hominum
1384 1047 1442 1085 in-

332 1113 603 1152 constantiam!
660 1118 695 1153 A
737 1117 889 1155 Platone
935 1119 1215 1166 reprehenditur
1252 1118 1410 1157 Pericles
1426 1145 1440 1165 ,

331 1183 434 1228 quod
453 1183 609 1230 ignavos
638 1185 837 1224 reddiderit
865 1187 1113 1226 Athenienses
1131 1188 1200 1236 ‚ab
1221 1187 1302 1226 aliis
1315 1189 1441 1235 culpa·

328 1259 391 1288 tur
406 1279 420 1300 ,
448 1253 550 1299 quod
570 1254 755 1302 Populum
780 1256 946 1294 excitarit
970 1259 1015 1295 ad
1047 1269 1105 1294 res
1132 1257 1287 1309 majores
1306 1268 1442 1294 novas·

327 1330 401 1366 que
425 1321 638 1361 moliendas.
666 1325 718 1362 Et
739 1325 911 1371 profecto
935 1337 1044 1364 nemo
1066 1326 1202 1364 infitias
1224 1327 1294 1364 ibit
1316 1327 1442 1375 Popu-

324 1387 425 1437 lum,
444 1399 656 1437 postquam
696 1394 866 1440 praemiis
891 1397 937 1433 ad
969 1398 1207 1444 spectacula,
1239 1396 1440 1434 conciones

325 1466 362 1495 et
386 1459 523 1507 Judicia
551 1460 687 1499 fuisset
700 1462 876 1502 invitatus
892 1493 906 1512 ‚
933 1466 1113 1513 pluribus.
1129 1467 1239 1504 rebus
1265 1478 1348 1504 sese
1373 1466 1442 1504 im-

326 1528 481 1567 miscere
504 1531 700 1579 coepisse:
729 1545 920 1582 quumque
945 1537 1061 1584 vulgo
1088 1547 1163 1573 non
1190 1535 1437 1584 intelligeret,

324 1597 414 1644 quid
462 1601 681 1647 expediret,
731 1604 856 1650 plures
895 1605 990 1642 inter
1029 1617 1069 1643 se
1097 1616 1214 1644 vanos
1249 1617 1440 1644 sermones

321 1667 511 1713 habuisse.
566 1671 621 1708 Ita
649 1670 736 1709 facti
762 1682 848 1711 sunt
869 1674 1060 1724 loquaces,
1099 1686 1222 1723 eoque
1250 1675 1442 1723 loquacio-

319 1748 409 1784 res,
449 1750 563 1786 quum
593 1740 669 1788 iis,
711 1752 912 1783 mercatura
947 1745 1086 1794 quippe
1125 1756 1165 1783 ac
1204 1744 1440 1793 navigatione

320 1807 558 1854 potissimum
600 1810 852 1859 florentibus,
895 1814 1018 1852 innata
1051 1814 1127 1852 fere
1159 1823 1256 1852 esset
1295 1814 1441 1863 cupidi-

318 1884 375 1914 tas
399 1881 460 1917 ’τοῦ
480 1880 601 1926 λέγειν
627 1897 662 1921 τι
685 1883 746 1921 καὶ
773 1884 910 1923 ἀκούειν
939 1885 1144 1933 καινότερον.
1173 1885 1225 1922 Ita
1253 1892 1290 1921 et
1307 1911 1321 1931 2
1345 1895 1436 1922 001¹·

319 1946 463 1984 stitutis
507 1949 679 1996 praemiis
695 1979 707 1997 ,
758 1953 900 1999 argenti
942 1954 1152 2001 cupidiores
1187 1952 1316 1991 <factos
1356 1965 1440 1991 esse

319 2016 568 2056 Athenienses
580 2019 698 2057 fateor
713 2048 725 2067 ,
743 2032 809 2058 nec
826 2017 997 2070 profecto
1014 2023 1206 2062 infitiando
1234 2024 1437 2072 quidquam

318 2087 505 2134 lucrarer,
558 2100 672 2136 quum
709 2102 752 2129 ex
782 2093 976 2140 permultis
1015 2093 1280 2142 Aristophanis
1312 2093 1437 2141 locis,

1368 2174 1436 2201 tm-

357 2240 489 2276 (1)Sunt
500 2242 589 2270 verba
598 2243 677 2270 Doct
703 2244 806 2272 Groen
817 2253 846 2273 v.
857 2244 1038 2281 Prinsterer,
1048 2248 1232 2280 Prosopogr.
1243 2246 1316 2275 Plat.
1334 2253 1364 2280 p.
1376 2251 1435 2281 122.
