1477 2725
192 174 263 214 ις,
328 162 1150 204 coMM.L1TERAR1A.

191 284 232 312 re
268 273 438 312 Clintoni
468 273 815 312 commentationem
855 273 950 324 (1),
988 272 1301 321 scriptionemque

193 342 412 381 Doctissimi
444 343 574 381 Groen
600 355 640 382 v.
676 345 904 391 Prinsterer‚
942 342 988 382 de
1025 343 1302 381 Atheniensium

190 412 416 462 Hegemonia
446 412 532 462 (2).
584 413 739 452 Graecis
763 413 807 451 ab
832 424 878 451 eo
897 412 982 451 inde
1010 420 1176 460 tempore
1201 422 1304 459 prae·

192 481 268 519 fuit
293 482 430 520 Cimon
447 510 460 529 ,
489 482 555 530 qui
580 483 730 530 Persas,
745 495 866 530 usque
891 483 936 520 ad
963 483 1233 520 memorabilem
1255 480 1302 520 ad

191 552 509 601 Eurymedontem
533 564 693 602 pugnam
709 581 722 600 ‚
750 564 827 591 non
854 553 943 592 sivit
970 553 1151 602 respirare
1178 550 1263 601 (3).

245 692 332 731 Obs.
359 691 449 732 VII.
478 694 688 732 Accusatus
716 702 772 733 est
801 693 939 733 Cimon
963 705 984 731 a
1013 692 1130 731 Thasi
1158 701 1302 739 expug-

191 763 341 800 natione
364 764 478 801 redux
494 792 507 811 ,
545 772 581 801 et
607 773 800 811 antequam
828 762 1129 802 Lacedaemoniis
1160 758 1301 799 auxilio

191 831 383 879 profectus
409 842 479 871 est.
520 833 640 881 Nam,
670 834 740 873 etsi
765 834 945 872 Clintono
970 834 1038 884 (4)
1063 832 1297 887 adstipulor,

191 901 402 941 Diodorum
428 902 503 941 Sic.
532 904 631 953 (5),
660 913 703 941 ut
727 905 849 951 solet,
877 904 1014 942 bellum
1043 912 1173 940 contra
1199 899 1300 939 Tha-

191 969 270 1008 sios
297 981 468 1020 gestum‚
495 972 534 1010 in
561 961 675 1011 unum
705 974 984 1013 Archidemidae
1005 972 1210 1011 Archontis
1235 981 1301 1009 an-

190 1051 310 1089 num,
348 1042 506 1091 Olymp·
536 1043 707 1086 LXXIX.
746 1057 779 1086 1.
808 1046 856 1086 A.
879 1046 928 1084 C.
971 1046 1062 1093 464.
1090 1041 1299 1082 contraxis-

191 1121 231 1147 se
247 1138 261 1157 ‚
301 1110 520 1150 doctissimo
545 1122 666 1151 tamen
694 1114 774 1151 viro
802 1125 879 1151 non
902 1114 1097 1151 consentio
1114 1140 1127 1159 ‚
1155 1112 1220 1149 ubi
1241 1122 1298 1149 se-

192 1174 323 1220 quenti
357 1175 504 1213 demum
539 1187 635 1214 anno
679 1178 765 1215 huic
800 1177 900 1214 bello
940 1177 1047 1214 finem
1079 1174 1296 1224 impositum

189 1241 306 1280 fuisse
339 1252 461 1291 putat.
516 1245 659 1284 Contra
690 1257 732 1283 ea
759 1247 831 1284 huc
862 1245 991 1284 afferre
1025 1246 1132 1282 liceat
1162 1245 1296 1282 Pausa-

187 1310 270 1350 niae
296 1312 555 1361 aliorumque,
583 1326 744 1363 quorum
770 1314 845 1353 fata
867 1314 905 1352 in
940 1324 1170 1363 postremum
1203 1321 1300 1352 aeta·

185 1380 235 1419 tis
268 1392 405 1420 annum
440 1386 651 1431 contraxit,
679 1386 913 1433 exemplum:
942 1397 991 1423 ex
1019 1396 1094 1433 quo
1121 1392 1298 1434 apparet,

184 1450 394 1490 Diodorum
432 1464 504 1491 suo
540 1465 643 1492 more
671 1466 780 1493 usum
815 1454 960 1503 fuisse,
989 1454 1135 1503 quoties
1156 1452 1298 1503 signifi-

183 1531 266 1559 care
301 1522 451 1569 voluit,
506 1535 547 1561 se
583 1525 628 1562 de
671 1525 846 1572 homine,
888 1534 952 1564 aut
995 1536 1216 1574 quacunque
1257 1537 1296 1563 re

182 1602 293 1639 quam
326 1601 545 1641 tractasset,
589 1593 737 1633 dicendi
772 1595 882 1634 finem
918 1594 1064 1642 facere,
1090 1603 1202 1644 atque
1245 1596 1292 1634 ad

182 1663 252 1700 alia
288 1663 469 1712 transire3
498 1672 540 1702 ut
565 1665 629 1702 illo
656 1676 754 1703 anno
780 1666 894 1703 homo
919 1675 1089 1705 mortuus
1106 1694 1119 1713 ‚
1155 1666 1291 1703 bellum

181 1732 411 1782 ejusvemodi
437 1733 530 1782 quid
556 1746 714 1784 prorsus
738 1734 951 1774 absolutum
974 1734 1104 1775 fuerit.
1133 1736 1296 1774 Praeter—

1249 1816 1290 1843 ea

217 1917 269 1956 (ι)
291 1919 388 1950 cline.
408 1919 439 1949 in
458 1922 601 1957 Append.
624 1923 659 1951 ad
677 1922 771 1952 Fastt.
793 1923 877 1953 Heu.
898 1931 965 1959 cap.
979 1924 1011 1953 6.

216 1975 269 2012 (2)
293 1978 404 2006 Inserta
427 1979 549 2008 Annali.
569 1980 664 2009 Acad.
686 1980 782 2015 Lugd.
801 1982 878 2009 Batt.
901 1981 1102 2017 1819—1820.

215 2029 269 2066 (3)
290 2033 368 2062 Plut.
392 2034 424 2062 in
441 2035 520 2064 cim.
530 2043 596 2071 cap.
613 2045 643 2072 7.
662 2045 696 2072 p.
713 2037 833 2075 482.D.
847 2045 913 2074 cap.
937 2045 982 2068 12.
999 2046 1033 2074 p.
1051 2041 1120 2075 48⁵·
1138 2037 1177 2067 E.
1194 2044 1288 2073 sq.—

179 2088 311 2119 Aristid.
327 2091 447 2121 Panath.
467 2101 499 2128 p.
524 2101 591 2127 ¹5¹·
612 2093 702 2130 Jebb.

214 2144 267 2184 (4)
287 2147 335 2176 Ad
355 2156 462 2177 anuum
483 2150 523 2179 A.
550 2152 587 2180 C.
608 2154 678 2188 463.

213 2200 265 2238 (5)
285 2202 353 2233 Lib.
374 2204 426 2234 XI.
443 2213 512 2241 capa
530 2212 579 2239 70.
