1523 2745
409 145 742 191 jul—TERA
776 145 930 188 ιιι-Λ..
1065 182 1067 185 ⁴
1171 158 1223 202 9⁵

110 266 290 303 tomens,
338 264 381 294 ut
424 255 595 295 ostendat
630 266 733 294 suam
778 253 1099 303 reprehensionem
1140 266 1221 296 non

117 326 242 375 deberi
281 326 377 364 malo
418 324 689 374 'Spartanorum
720 335 843 364 mores
868 324 1032 364 imitandi
1063 327 1220 375 studio,

117 399 183 437 sed
206 396 276 435 niti
304 397 386 445 ipsa
411 396 592 443 veritate,
620 405 749 434 vereor
769 406 817 433 ne
851 395 1085 443 speciosius,
1112 408 1224 445 quam

116 466 265 516 gravius
296 465 358 503 sit.
412 491 445 512 ‚,
471 465 551 514 Qui
577 464 739 512 factum,
766 464 916 512 inquit,
944 474 985 504 ut
1006 465 1077 504 sub
1113 466 1224 514 finem

117 536 215 575 vitae
249 533 407 574 Pericles
434 546 455 574 a
475 534 621 573 civibus
643 536 831 583 peculatus
867 544 1086 584 accusatus,
1113 535 1226 585 immo

118 615 235 654 paene
282 605 328 643 ad
376 613 530 643 mortem
565 605 755 644 damnatus
791 604 870 652 sit,
907 605 947 644 ni
978 605 1059 654 ipse
1098 617 1228 654 eorum

117 674 250 714 animis
289 674 394 712 talem
434 673 649 723 injustitiam
683 683 720 713 et
755 673 935 713 feritatem
977 674 1230 724 injecisset?”

116 744 252 784 Iisdem
287 744 369 781 telis
394 743 500 782 facile
532 743 731 782 Aristidem
758 752 868 792 atque
892 744 1013 792 ipsum
1040 744 1231 784 Socratem

120 814 278 852 obruere
319 825 549 862 possumus,
591 825 749 861 quorum
787 815 877 852 alter
918 814 1134 853 ostracismo
1170 826 1235 854 ex-

121 884 282 932 pulsus,
309 884 400 921 alter
431 883 476 921 ad
511 884 668 921 cicutam
698 884 890 922 damnatus
927 892 1012 931 est,
1049 895 1127 922 non
1160 888 1233 925 sua

119 951 252 1000 utique
277 953 413 1002 culpa,
440 953 506 991 sed
539 952 710 992 fortunae
740 952 936 1001 iniquitate
970 963 1005 992 et
1029 955 1153 1002 pravis
1175 955 1234 994 in-

116 1024 288 1061 vidornm
330 1023 480 1062 studiis.

169 1093 403 1143 Quamquam
439 1092 555 1141 igitur
583 1091 757 1130 Periclem
795 1090 898 1131 omni
935 1093 1045 1141 culpa
1079 1093 1235 1133 liberare

119 1173 188 1201 nec
212 1163 329 1209 volo,
356 1172 424 1199 nec
460 1172 639 1210 possum;
674 1162 746 1210 hoc
778 1163 1124 1210 tamencontendo,
1152 1173 1231 1203 tum

119 1220 246 1280 plures
286 1219 373 1287 alias
413 1242 470 1270 res
505 1230 757 1271 contribuisse
794 1232 839 1269 ad
865 1243 1006 1270 morum
1040 1243 1235 1284 corrupte·

119 1302 214 1348 lam,
241 1309 319 1339 tum
345 1289 524 1349 imprimis
553 1301 689 1339 bellum
717 1302 1069 1355 Peloponnesiacum
1085 1313 1127 1342 et
1150 1317 1242 1354 pes·x

120 1379 218 1423 tem,
248 1381 342 1417 quae
373 1370 535 1409 Atticam
574 1371 732 1410 vexavit.
804 1371 946 1410 Bellum
983 1374 1077 1413 illud
1103 1385 1235 1425 utpote

111 1440 217 1478 ‘inter
248 1429 415 1479 Graecos
447 1449 618 1489 gestum,
646 1452 775 1498 genere
808 1451 844 1479 et
877 1443 1020 1492 origine
1056 1447 1235 1496 conjunc-

121 1519 181 1549 tos
198 1538 211 1557 ,
239 1511 349 1559 longe
378 1518 417 1548 et
448 1512 604 1549 multum
626 1511 737 1566 distat
770 1523 790 1549 a
829 1512 963 1561 bellis,
992 1526 1094 1561 quae
1113 1516 1232 1556 Grae-

120 1580 156 1619 ci
183 1591 268 1617 cum
314 1579 475 1618 barbaris
521 1581 609 1619 olim
648 1586 837 1629 gesserant
865 1591 902 1620 et
939 1584 1076 1623 rectius
1113 1587 1232 1625 multo

120 1651 249 1695 στάσις
282 1650 378 1703 (1),
406 1661 516 1697 quam
553 1652 708 1700 πολέμος
743 1651 902 1700 dicitur:
941 1652 1080 1692 bellum
1112 1664 1233 1695 exter.

123 1730 213 1775 num
240 1720 338 1761 valet
374 1721 419 1758 ad
443 1706 618 1773 vittutem
644 1721 868 1775 excitandam
909 1731 945 1761 et
970 1724 1138 1773 singulos
1171 1737 1231 1763 ac-

121 1790 255 1844 cendit
276 1791 322 1829 ad
344 1777 526 1842 praeclara
544 1791 727 1842 >quaevis3
758 1792 892 1841 seditio
918 1794 1120 1832 domestica
1141 1806 1231 1832 con-

121 1853 346 1905 tra‚'malis
392 1870 472 1898 orta
514 1860 630 1899 initiis
680 1851 881 1919 numquam
925 1863 1045 1901 bonos
1085 1863 1230 1903 fructus
1281 1893 1283 1895 -

122 1930 327 1978 producere
351 1939 492 1978 potest.
534 1931 586 1970 Et
601 1916 703 1980 *quid*
719 1931 856 1970 facturn
884 1943 1085 1981 putemus,
1114 1947 1229 1982 quum

122 1999 206 2038 talis
248 2003 433 2040 tumultus
476 2001 668 2041 furoribus
706 2014 747 2041 se
779 2005 990 2054 adJungeret
1024 2004 1101 2043 dira
1122 2007 1231 2054 lues,

1138 2088 1231 2125 quae

163 2169 208 2207 (ι)
230 2172 371 2202 Conferri
399 2179 531 2202 meretur
557 2173 643 2202 locus
654 2172 779 2208 insignis
798 2175 876 2209 apud
892 2175 1010 2208 Platon.
1031 2177 1068 2205 de
1090 2177 1172 2213 nep.
1196 2179 1236 2209 V.

122 2233 154 2262 r·
178 2237 244 2265 479·
