1523 2745
212 190 259 227 52
437 178 1106 218 COMMENTATIO

212 299 344 335 nempe
384 288 576 326 Cimonem
615 297 650 325 et
685 287 941 335 Thucydidem
976 289 1054 337 ejus
1093 292 1206 336 opera
1237 291 1334 339 ejec-

214 367 301 404 tos;
342 359 407 395 sed
429 358 633 405 cogitemus
667 357 800 403 simul,
832 356 865 393 ei
901 368 977 394 non
1005 357 1102 395 aliud
1127 357 1244 397 fuisse
1278 371 1334 396 re*-

213 427 340 469 1ictum
357 455 369 472 .,
398 438 505 474 quam
537 435 578 463 ut
605 435 667 463 aut
694 426 772 473 ipse
799 427 940 464 cederet
957 455 969 473 ‚
1009 436 1071 464 aut
1105 429 1331 467 adversarios

214 497 466 544 opprimeret:
491 507 612 543 neque
641 496 732 533 illud
768 496 1023 544 negligamus,
1066 508 1209 535 summa
1245 509 1331 535 eum

214 566 463 604 moderatione
510 574 546 602 et
593 578 613 602 a
660 567 803 613 populo
836 566 1094 614 designatum,
1132 577 1208 605 non
1259 569 1331 606 sud.

216 645 379 682 sponte,
406 635 443 671 in
468 635 662 673 Cimonem
699 635 852 673 dixisse.
907 640 1032 683 Atque
1057 637 1175 674 habeo
1201 638 1331 685 plura,

216 704 353 751 quibus
383 704 536 752 probem
574 705 644 741 viri
674 706 881 754 justitiam,
912 715 1054 754 praeter
1082 708 1153 744 hoc
1181 707 1331 755 ipsum,

218 775 319 822 quod
354 774 550 812 adversarii
580 786 778 822 numquam
819 787 894 812 eam
934 785 1143 824 suspectam
1184 776 1333 814 reddere

217 845 339 882 conati
362 854 448 882 sunt
465 844 555 891 ‚qui
582 846 641 882 vel
657 844 841 882 minimam
868 845 1100 883 occasionem
1125 845 1230 883 avide
1245 844 1335 883 arri·

217 913 400 962 puissent.
453 914 608 951 Invenio
646 915 788 952 scilicet
810 923 946 952 tantam
984 915 1022 953 in
1046 926 1091 953 eo
1117 915 1236 954 fuisse
1276 927 1333 953 re·

215 982 365 1031 ligionis
396 984 700 1031 observantiam,
738 994 780 1022 ut
817 993 961 1023 sontem
1003 987 1158 1024 amicum
1207 984 1334 1024 defen-
1363 1035 1365 1037 q

216 1053 300 1090 dere
334 1054 495 1092 noluerit
519 1083 532 1101 ‚
581 1055 641 1091 cui
689 1055 859 1101 supplice
909 1055 1094 1103 roganti,
1150 1063 1193 1092 ut
1225 1055 1330 1093 testi·

216 1121 343 1158 monio
376 1134 448 1159 suo
494 1123 697 1169 periculum
731 1123 925 1160 imminens
963 1125 1184 1171 depelleret,
1239 1125 1328 1163 haec

214 1190 454 1238 respondisse
502 1192 651 1230 dicitur.
728 1219 758 1238 ‚‚
808 1193 969 1240 Oportet
1007 1194 1154 1241 quidem
1200 1194 1329 1232 amicis

217 1269 363 1307 praesto
388 1271 494 1307 esse,
524 1261 589 1299 sed
616 1272 738 1307 usque
763 1263 807 1299 ad
833 1273 929 1300 aram
957 1263 1068 1312 (1).''
1120 1264 1225 1312 Quae
1248 1276 1330 1302 ver-

215 1330 262 1366 ba
294 1329 474 1366 immerito
504 1341 524 1367 a
549 1331 746 1367 Plutarcho
785 1331 854 1378 (2)
886 1332 1104 1379 reprehendi
1139 1334 1328 1372 videntur.

217 1399 362 1436 Etenim
390 1399 562 1436 Periclem
586 1399 770 1446 amicum,
799 1400 858 1437 vel
888 1401 1057 1438 nocentis
1083 1401 1191 1439 amici
1211 1403 1324 1441 sortis

217 1468 376 1505 misereri
415 1480 572 1515 eumque
609 1470 703 1506 tueri
742 1469 916 1508 decebat:
955 1471 1048 1508 idem
1080 1472 1194 1520 judex
1219 1474 1325 1512 datus

217 1548 329 1574 unum
366 1540 503 1575 crimen
530 1540 710 1586 respicere
738 1539 906 1577 debebat.

266 1609 411 1658 Quanta
435 1618 553 1645 autem
573 1609 611 1646 in
635 1621 679 1647 eo
708 1608 778 1646 fuit
805 1610 995 1659 integritas
1012 1639 1025 1658 ‚
1055 1612 1120 1659 qui
1148 1624 1212 1660 per
1235 1614 1322 1653 XL.

216 1689 331 1717 annos
360 1676 435 1716 fere
481 1679 619 1716 aerario
663 1680 818 1727 publico
855 1680 1062 1728 praefectus
1100 1690 1136 1720 et
1168 1682 1241 1730 ita,
1282 1692 1325 1721 nt

216 1760 285 1796 pro
318 1748 469 1785 arbitrio
507 1761 597 1796 opes
634 1750 877 1788 administrari
912 1752 943 1788 ei
979 1753 1104 1790 liceret
1136 1752 1231 1801 (3),
1279 1765 1327 1793 ne

220 1829 293 1855 uno
333 1819 476 1865 quidem
522 1829 673 1856 nummo
711 1820 947 1858 hereditatem
993 1831 1178 1869 paternam
1215 1835 1326 1862 auxe-

1265 1894 1325 1933 rit.

253 2015 301 2053 (ι)
325 2018 438 2046 Cellius
461 2019 500 2047 N.
524 2021 560 2047 A.
583 2020 607 2048 Ι.
630 2028 659 2054 3.
685 2020 735 2048 ubi
761 2029 822 2049 non
839 2021 965 2056 dubito,
985 2023 1056 2057 quin
1083 2022 1122 2052 sit
1139 2025 1316 2058 legendumz

215 2072 270 2110 δεῖ
299 2081 360 2119 μὲν
399 2080 633 2121 συμπράττειν
675 2082 748 2119 τοῖς
788 2080 929 2123 φίλοις,
969 2071 1070 2116 ἀλλὰ
1110 2083 1213 2126 μέχρι
1253 2085 1320 2128 βω-

213 2143 293 2184 μῶν.
320 2146 368 2172 col
401 2145 466 2171 Plut
496 2145 631 2178 Apopht.
649 2153 681 2179 p.
699 2147 769 2175 186.
800 2147 833 2175 C<
855 2146 957 2181 ibique
980 2150 1075 2181 Wytt.

254 2202 306 2239 (ί)
326 2202 402 2229 Plut.
421 2202 459 2227 de
478 2202 554 2228 malo
570 2202 705 2235 pudore,
717 2211 748 2236 p.
768 2210 834 2236 53¹·
849 2203 886 2231 C.
905 2205 1006 2232 I‘raec.
1018 2205 1107 2240 Reip.
1125 2214 1187 2241 ger.
1205 2209 1272 2242 807.
1284 2208 1319 2237 1²².

254 2257 309 2295 (³)
327 2257 377 2286 Cf.
398 2264 502 2286 versus
519 2257 681 2286 Teleclidis
700 2261 779 2293 apud
794 2261 872 2290 Plut.
892 2261 956 2290 Per.
980 2262 1024 2290 16.
