<?xml version="1.0" encoding="UTF-8"?>
<!DOCTYPE html PUBLIC "-//W3C//DTD XHTML 1.0 Transitional//EN"
    "http://www.w3.org/TR/xhtml1/DTD/xhtml1-transitional.dtd">
<html xmlns="http://www.w3.org/1999/xhtml" xml:lang="en" lang="en">
 <head>
  <title>
</title>
<meta http-equiv="Content-Type" content="text/html;charset=utf-8" />
  <meta name='ocr-system' content='tesseract 3.04.00' />
  <meta name='ocr-capabilities' content='ocr_page ocr_carea ocr_par ocr_line ocrx_word'/>
</head>
<body>
  <div class='ocr_page' id='page_1' title='image "annalesacademiae33rhen_0903.png"; bbox 0 0 1523 2745; ppageno 0'>
   <div class='ocr_carea' id='block_1_1' title="bbox 252 199 1185 245">
    <p class='ocr_par' dir='ltr' id='par_1_1' title="bbox 252 199 1185 245">
     <span class='ocr_line' id='line_1_1' title="bbox 252 199 1185 245; baseline -0.003 -6"><span class='ocrx_word' id='word_1_1' title='bbox 252 199 1012 240; x_wconf 82' lang='lat' dir='ltr'><strong>OBSERVATIONES.</strong></span> <span class='ocrx_word' id='word_1_2' title='bbox 1113 209 1185 245; x_wconf 78' lang='lat'><strong>203</strong></span> 
     </span>
    </p>
   </div>
   <div class='ocr_carea' id='block_1_2' title="bbox 81 304 1185 358">
    <p class='ocr_par' dir='ltr' id='par_1_2' title="bbox 81 304 1185 358">
     <span class='ocr_line' id='line_1_2' title="bbox 81 304 1185 358; baseline -0.004 -9"><span class='ocrx_word' id='word_1_3' title='bbox 81 306 200 350; x_wconf 51' lang='lat' dir='ltr'><strong>offici&amp;</strong></span> <span class='ocrx_word' id='word_1_4' title='bbox 233 314 424 358; x_wconf 84' lang='lat' dir='ltr'><strong>perspecta</strong></span> <span class='ocrx_word' id='word_1_5' title='bbox 466 310 597 348; x_wconf 87' lang='lat' dir='ltr'><strong>habere</strong></span> <span class='ocrx_word' id='word_1_6' title='bbox 623 310 706 357; x_wconf 87' lang='lat'>(1).</span> <span class='ocrx_word' id='word_1_7' title='bbox 772 311 955 347; x_wconf 84' lang='lat' dir='ltr'><strong>Praeterea</strong></span> <span class='ocrx_word' id='word_1_8' title='bbox 980 304 1185 346; x_wconf 84' lang='lat' dir='ltr'><strong>Democra-</strong></span> 
     </span>
    </p>
   </div>
   <div class='ocr_carea' id='block_1_3' title="bbox 83 375 1185 429">
    <p class='ocr_par' dir='ltr' id='par_1_3' title="bbox 83 375 1185 429">
     <span class='ocr_line' id='line_1_3' title="bbox 83 375 1185 429; baseline -0.001 -10"><span class='ocrx_word' id='word_1_9' title='bbox 83 382 155 420; x_wconf 86' lang='lat' dir='ltr'><strong>tiae</strong></span> <span class='ocrx_word' id='word_1_10' title='bbox 188 382 312 419; x_wconf 82' lang='lat' dir='ltr'><strong>laudes</strong></span> <span class='ocrx_word' id='word_1_11' title='bbox 345 379 482 429; x_wconf 77' lang='lat' dir='ltr'><strong>passim</strong></span> <span class='ocrx_word' id='word_1_12' title='bbox 517 380 745 427; x_wconf 85' lang='lat' dir='ltr'><strong>celebratae,</strong></span> <span class='ocrx_word' id='word_1_13' title='bbox 786 391 819 417; x_wconf 91' lang='lat' dir='ltr'><strong>e.</strong></span> <span class='ocrx_word' id='word_1_14' title='bbox 849 390 885 427; x_wconf 88' lang='lat' dir='ltr'><strong>g.</strong></span> <span class='ocrx_word' id='word_1_15' title='bbox 928 375 1043 417; x_wconf 41' lang='lat' dir='ltr'><strong>versu*</strong></span> <span class='ocrx_word' id='word_1_16' title='bbox 1078 377 1185 422; x_wconf 58' lang='grc' dir='ltr'><em>Πόλις·</em></span> 
     </span>
    </p>
   </div>
   <div class='ocr_carea' id='block_1_4' title="bbox 82 449 1195 707">
    <p class='ocr_par' dir='ltr' id='par_1_4' title="bbox 82 449 1195 707">
     <span class='ocr_line' id='line_1_4' title="bbox 86 449 1193 501; baseline -0.008 -9"><span class='ocrx_word' id='word_1_17' title='bbox 86 453 158 501; x_wconf 65' lang='grc' dir='ltr'><strong>γὰρ</strong></span> <span class='ocrx_word' id='word_1_18' title='bbox 172 455 240 492; x_wconf 70' lang='grc' dir='ltr'><strong>σῦκ’</strong></span> <span class='ocrx_word' id='word_1_19' title='bbox 258 449 347 497; x_wconf 54' lang='grc' dir='ltr'><em>ἔνθ’,</em></span> <span class='ocrx_word' id='word_1_20' title='bbox 374 451 447 496; x_wconf 72' lang='grc' dir='ltr'><strong>ἥτις</strong></span> <span class='ocrx_word' id='word_1_21' title='bbox 472 453 590 499; x_wconf 67' lang='grc' dir='ltr'><em>ἀνδρὸς</em></span> <span class='ocrx_word' id='word_1_22' title='bbox 627 453 696 489; x_wconf 73' lang='grc' dir='ltr'><strong>ἐσθ’</strong></span> <span class='ocrx_word' id='word_1_23' title='bbox 730 451 799 494; x_wconf 77' lang='grc' dir='ltr'><em>ἑνός</em></span> <span class='ocrx_word' id='word_1_24' title='bbox 824 449 890 497; x_wconf 83' lang='lat'><strong>(2)</strong></span> <span class='ocrx_word' id='word_1_25' title='bbox 907 478 918 496; x_wconf 84' lang='lat'>‚</span> <span class='ocrx_word' id='word_1_26' title='bbox 958 459 1032 486; x_wconf 89' lang='lat' dir='ltr'><strong>non</strong></span> <span class='ocrx_word' id='word_1_27' title='bbox 1059 457 1193 495; x_wconf 86' lang='lat' dir='ltr'><strong>potue-</strong></span> 
     </span>
     <span class='ocr_line' id='line_1_5' title="bbox 85 518 1187 568; baseline -0.003 -10"><span class='ocrx_word' id='word_1_28' title='bbox 85 529 173 558; x_wconf 89' lang='lat' dir='ltr'><strong>runt</strong></span> <span class='ocrx_word' id='word_1_29' title='bbox 208 530 283 557; x_wconf 90' lang='lat' dir='ltr'><strong>non</strong></span> <span class='ocrx_word' id='word_1_30' title='bbox 318 519 480 556; x_wconf 87' lang='lat' dir='ltr'><strong>omnium</strong></span> <span class='ocrx_word' id='word_1_31' title='bbox 524 520 703 566; x_wconf 73' lang='lat' dir='ltr'><strong>appiau&#39;su</strong></span> <span class='ocrx_word' id='word_1_32' title='bbox 737 518 867 558; x_wconf 83' lang='lat' dir='ltr'><strong>audiri.</strong></span> <span class='ocrx_word' id='word_1_33' title='bbox 924 519 1187 568; x_wconf 83' lang='lat' dir='ltr'>Quaestionem</span> 
     </span>
     <span class='ocr_line' id='line_1_6' title="bbox 85 587 1191 636; baseline -0.002 -9"><span class='ocrx_word' id='word_1_34' title='bbox 85 600 203 635; x_wconf 80' lang='lat' dir='ltr'><strong>vero,</strong></span> <span class='ocrx_word' id='word_1_35' title='bbox 245 595 329 636; x_wconf 55' lang='lat' dir='ltr'><strong>q‘ua1</strong></span> <span class='ocrx_word' id='word_1_36' title='bbox 353 597 468 626; x_wconf 85' lang='lat' dir='ltr'><strong>aetate</strong></span> <span class='ocrx_word' id='word_1_37' title='bbox 501 587 614 626; x_wconf 84' lang='lat' dir='ltr'><strong>fuerit</strong></span> <span class='ocrx_word' id='word_1_38' title='bbox 658 589 891 636; x_wconf 82' lang='lat' dir='ltr'><strong>Sophocles,</strong></span> <span class='ocrx_word' id='word_1_39' title='bbox 939 600 1051 635; x_wconf 88' lang='lat' dir='ltr'><strong>quum</strong></span> <span class='ocrx_word' id='word_1_40' title='bbox 1099 589 1191 625; x_wconf 87' lang='lat' dir='ltr'><strong>hanc</strong></span> 
     </span>
     <span class='ocr_line' id='line_1_7' title="bbox 82 658 1195 707; baseline -0.003 -10"><span class='ocrx_word' id='word_1_41' title='bbox 82 660 296 698; x_wconf 72' lang='lat' dir='ltr'><strong>Praeturam</strong></span> <span class='ocrx_word' id='word_1_42' title='bbox 341 658 553 705; x_wconf 84' lang='lat' dir='ltr'><strong>obtineret,</strong></span> <span class='ocrx_word' id='word_1_43' title='bbox 606 667 739 695; x_wconf 81' lang='lat' dir='ltr'><strong>nostro</strong></span> <span class='ocrx_word' id='word_1_44' title='bbox 777 658 972 707; x_wconf 77' lang='lat' dir='ltr'><strong>proposito</strong></span> <span class='ocrx_word' id='word_1_45' title='bbox 1015 658 1195 704; x_wconf 83' lang='lat' dir='ltr'><strong>alienam,</strong></span> 
     </span>
    </p>
   </div>
   <div class='ocr_carea' id='block_1_5' title="bbox 56 726 1197 778">
    <p class='ocr_par' dir='ltr' id='par_1_5' title="bbox 56 726 1197 778">
     <span class='ocr_line' id='line_1_8' title="bbox 56 726 1197 778; baseline -0.004 -10"><span class='ocrx_word' id='word_1_46' title='bbox 56 728 59 730; x_wconf 59' lang='grc'>’</span> <span class='ocrx_word' id='word_1_47' title='bbox 91 740 169 768; x_wconf 89' lang='lat' dir='ltr'><strong>non</strong></span> <span class='ocrx_word' id='word_1_48' title='bbox 204 739 261 768; x_wconf 87' lang='lat' dir='ltr'><strong>est</strong></span> <span class='ocrx_word' id='word_1_49' title='bbox 287 731 388 778; x_wconf 86' lang='lat' dir='ltr'><strong>quod</strong></span> <span class='ocrx_word' id='word_1_50' title='bbox 414 738 617 775; x_wconf 82' lang='lat' dir='ltr'>tangamus.</span> <span class='ocrx_word' id='word_1_51' title='bbox 668 729 770 777; x_wconf 87' lang='lat' dir='ltr'><strong>Quin</strong></span> <span class='ocrx_word' id='word_1_52' title='bbox 803 741 846 766; x_wconf 92' lang='lat' dir='ltr'><strong>eo</strong></span> <span class='ocrx_word' id='word_1_53' title='bbox 879 729 997 765; x_wconf 86' lang='lat' dir='ltr'><strong>tutius</strong></span> <span class='ocrx_word' id='word_1_54' title='bbox 1029 726 1197 765; x_wconf 79' lang='lat' dir='ltr'><strong>omittere</strong></span> 
     </span>
    </p>
   </div>
   <div class='ocr_carea' id='block_1_6' title="bbox 26 798 1197 848">
    <p class='ocr_par' dir='ltr' id='par_1_6' title="bbox 26 798 1197 848">
     <span class='ocr_line' id='line_1_9' title="bbox 26 798 1197 848; baseline -0.003 -10"><span class='ocrx_word' id='word_1_55' title='bbox 26 841 32 844; x_wconf 59' lang='grc'>,</span> <span class='ocrx_word' id='word_1_56' title='bbox 93 811 170 838; x_wconf 86' lang='lat' dir='ltr'><strong>eam</strong></span> <span class='ocrx_word' id='word_1_57' title='bbox 208 800 440 848; x_wconf 81' lang='lat' dir='ltr'><strong>poterimus,</strong></span> <span class='ocrx_word' id='word_1_58' title='bbox 481 810 556 846; x_wconf 89' lang='lat' dir='ltr'><strong>quo</strong></span> <span class='ocrx_word' id='word_1_59' title='bbox 591 798 823 836; x_wconf 84' lang='lat' dir='ltr'><strong>manifestius</strong></span> <span class='ocrx_word' id='word_1_60' title='bbox 862 806 1031 844; x_wconf 81' lang='lat' dir='ltr'><strong>constat,</strong></span> <span class='ocrx_word' id='word_1_61' title='bbox 1073 799 1197 835; x_wconf 86' lang='lat' dir='ltr'><strong>locum</strong></span> 
     </span>
    </p>
   </div>
   <div class='ocr_carea' id='block_1_7' title="bbox 89 861 1219 2210">
    <p class='ocr_par' dir='ltr' id='par_1_7' title="bbox 89 861 1200 1127">
     <span class='ocr_line' id='line_1_10' title="bbox 89 861 1200 916; baseline 0 -10"><span class='ocrx_word' id='word_1_62' title='bbox 89 861 333 907; x_wconf 83' lang='lat' dir='ltr'><strong>Grammatici</strong></span> <span class='ocrx_word' id='word_1_63' title='bbox 348 897 361 916; x_wconf 87' lang='lat'>‚</span> <span class='ocrx_word' id='word_1_64' title='bbox 417 870 514 907; x_wconf 86' lang='lat' dir='ltr'><strong>unde</strong></span> <span class='ocrx_word' id='word_1_65' title='bbox 565 867 625 906; x_wconf 76' lang='lat' dir='ltr'><strong>ilia</strong></span> <span class='ocrx_word' id='word_1_66' title='bbox 663 869 876 907; x_wconf 86' lang='lat' dir='ltr'><strong>derivantur</strong></span> <span class='ocrx_word' id='word_1_67' title='bbox 898 897 911 916; x_wconf 82' lang='lat'>,</span> <span class='ocrx_word' id='word_1_68' title='bbox 972 869 1071 906; x_wconf 86' lang='lat' dir='ltr'><strong>nulla</strong></span> <span class='ocrx_word' id='word_1_69' title='bbox 1127 868 1200 906; x_wconf 86' lang='lat' dir='ltr'><strong>fide</strong></span> 
     </span>
     <span class='ocr_line' id='line_1_11' title="bbox 95 935 1198 988; baseline 0.003 -13"><span class='ocrx_word' id='word_1_70' title='bbox 95 948 176 976; x_wconf 84' lang='lat' dir='ltr'><strong>esse</strong></span> <span class='ocrx_word' id='word_1_71' title='bbox 223 938 373 986; x_wconf 86' lang='lat' dir='ltr'><strong>dignum</strong></span> <span class='ocrx_word' id='word_1_72' title='bbox 390 967 403 986; x_wconf 83' lang='lat'>‚</span> <span class='ocrx_word' id='word_1_73' title='bbox 456 939 596 988; x_wconf 87' lang='lat' dir='ltr'><strong>quippe</strong></span> <span class='ocrx_word' id='word_1_74' title='bbox 632 938 670 976; x_wconf 87' lang='lat' dir='ltr'><strong>in</strong></span> <span class='ocrx_word' id='word_1_75' title='bbox 697 941 856 976; x_wconf 89' lang='lat' dir='ltr'><strong>numeris</strong></span> <span class='ocrx_word' id='word_1_76' title='bbox 893 939 1079 977; x_wconf 90' lang='lat' dir='ltr'><strong>turbatum</strong></span> <span class='ocrx_word' id='word_1_77' title='bbox 1114 935 1198 987; x_wconf 67' lang='grc'>(3).</span> 
     </span>
     <span class='ocr_line' id='line_1_12' title="bbox 95 1004 1200 1058; baseline 0.001 -12"><span class='ocrx_word' id='word_1_78' title='bbox 95 1007 168 1046; x_wconf 85' lang='lat' dir='ltr'><strong>Sed</strong></span> <span class='ocrx_word' id='word_1_79' title='bbox 192 1007 409 1046; x_wconf 83' lang='lat' dir='ltr'><strong>brevissime</strong></span> <span class='ocrx_word' id='word_1_80' title='bbox 436 1010 611 1057; x_wconf 83' lang='lat' dir='ltr'><strong>quaedam</strong></span> <span class='ocrx_word' id='word_1_81' title='bbox 633 1011 678 1047; x_wconf 91' lang='lat' dir='ltr'><strong>de</strong></span> <span class='ocrx_word' id='word_1_82' title='bbox 702 1011 785 1057; x_wconf 83' lang='lat' dir='ltr'><strong>ipso</strong></span> <span class='ocrx_word' id='word_1_83' title='bbox 804 1009 902 1047; x_wconf 88' lang='lat' dir='ltr'><strong>bello</strong></span> <span class='ocrx_word' id='word_1_84' title='bbox 922 1010 1077 1058; x_wconf 85' lang='lat' dir='ltr'><strong>ejusque</strong></span> <span class='ocrx_word' id='word_1_85' title='bbox 1094 1004 1200 1048; x_wconf 80' lang='lat' dir='ltr'><strong>even-</strong></span> 
     </span>
     <span class='ocr_line' id='line_1_13' title="bbox 96 1078 1164 1127; baseline 0.002 -12"><span class='ocrx_word' id='word_1_86' title='bbox 96 1084 140 1115; x_wconf 89' lang='lat' dir='ltr'><strong>tu</strong></span> <span class='ocrx_word' id='word_1_87' title='bbox 169 1078 397 1127; x_wconf 86' lang='lat' dir='ltr'><strong>adjiciemus.</strong></span> <span class='ocrx_word' id='word_1_88' title='bbox 1162 1082 1164 1084; x_wconf 78' lang='grc'>’</span> 
     </span>
    </p>

    <p class='ocr_par' dir='ltr' id='par_1_8' title="bbox 97 1146 1219 1765">
     <span class='ocr_line' id='line_1_14' title="bbox 148 1146 1200 1198; baseline 0.001 -13"><span class='ocrx_word' id='word_1_89' title='bbox 148 1146 267 1185; x_wconf 86' lang='lat' dir='ltr'><strong>Prima</strong></span> <span class='ocrx_word' id='word_1_90' title='bbox 284 1176 296 1194; x_wconf 84' lang='lat'>‚</span> <span class='ocrx_word' id='word_1_91' title='bbox 313 1158 407 1195; x_wconf 83' lang='lat' dir='ltr'><strong>quae</strong></span> <span class='ocrx_word' id='word_1_92' title='bbox 431 1148 470 1184; x_wconf 89' lang='lat' dir='ltr'><strong>in</strong></span> <span class='ocrx_word' id='word_1_93' title='bbox 494 1147 595 1185; x_wconf 88' lang='lat' dir='ltr'><strong>hisce</strong></span> <span class='ocrx_word' id='word_1_94' title='bbox 616 1147 728 1185; x_wconf 89' lang='lat' dir='ltr'><strong>nobis</strong></span> <span class='ocrx_word' id='word_1_95' title='bbox 753 1148 914 1185; x_wconf 87' lang='lat' dir='ltr'><strong>occurrit</strong></span> <span class='ocrx_word' id='word_1_96' title='bbox 938 1148 1116 1198; x_wconf 88' lang='lat' dir='ltr'><strong>Quaestio</strong></span> <span class='ocrx_word' id='word_1_97' title='bbox 1131 1150 1200 1196; x_wconf 81' lang='lat' dir='ltr'><strong>‚d&#39;e</strong></span> 
     </span>
     <span class='ocr_line' id='line_1_15' title="bbox 97 1217 1202 1265; baseline 0.003 -11"><span class='ocrx_word' id='word_1_98' title='bbox 97 1217 331 1265; x_wconf 82' lang='lat' dir='ltr'><strong>expeditione</strong></span> <span class='ocrx_word' id='word_1_99' title='bbox 353 1225 408 1255; x_wconf 88' lang='lat' dir='ltr'><strong>est</strong></span> <span class='ocrx_word' id='word_1_100' title='bbox 433 1227 561 1254; x_wconf 87' lang='lat' dir='ltr'><strong>contra</strong></span> <span class='ocrx_word' id='word_1_101' title='bbox 582 1218 795 1255; x_wconf 69' lang='lat' dir='ltr'><strong>Anaeenses</strong></span> <span class='ocrx_word' id='word_1_102' title='bbox 810 1246 822 1264; x_wconf 79' lang='lat'>‚</span> <span class='ocrx_word' id='word_1_103' title='bbox 851 1218 888 1255; x_wconf 88' lang='lat' dir='ltr'><strong>in</strong></span> <span class='ocrx_word' id='word_1_104' title='bbox 921 1219 1149 1257; x_wconf 87' lang='lat' dir='ltr'><strong>Continente</strong></span> <span class='ocrx_word' id='word_1_105' title='bbox 1182 1231 1202 1257; x_wconf 91' lang='lat' dir='ltr'><strong>e</strong></span> 
     </span>
     <span class='ocr_line' id='line_1_16' title="bbox 97 1286 1199 1336; baseline 0.002 -12"><span class='ocrx_word' id='word_1_106' title='bbox 97 1288 247 1335; x_wconf 81' lang='lat' dir='ltr'><strong>regione</strong></span> <span class='ocrx_word' id='word_1_107' title='bbox 268 1288 365 1324; x_wconf 82' lang='lat' dir='ltr'><strong>Sami</strong></span> <span class='ocrx_word' id='word_1_108' title='bbox 391 1287 597 1325; x_wconf 83' lang='lat' dir='ltr'><strong>habitantes</strong></span> <span class='ocrx_word' id='word_1_109' title='bbox 617 1299 629 1333; x_wconf 65' lang='grc' dir='ltr'><strong>ς</strong></span> <span class='ocrx_word' id='word_1_110' title='bbox 659 1286 713 1324; x_wconf 78' lang='lat' dir='ltr'><strong>uti</strong></span> <span class='ocrx_word' id='word_1_111' title='bbox 735 1287 824 1324; x_wconf 86' lang='lat' dir='ltr'><strong>satis</strong></span> <span class='ocrx_word' id='word_1_112' title='bbox 857 1297 1006 1335; x_wconf 85' lang='lat' dir='ltr'><strong>apparet</strong></span> <span class='ocrx_word' id='word_1_113' title='bbox 1034 1300 1053 1325; x_wconf 93' lang='lat' dir='ltr'><strong>e</strong></span> <span class='ocrx_word' id='word_1_114' title='bbox 1068 1287 1170 1326; x_wconf 63' lang='lat' dir='ltr'><strong>locis</strong></span> <span class='ocrx_word' id='word_1_115' title='bbox 1186 1317 1199 1336; x_wconf 86' lang='lat'><em>‚</em></span> 
     </span>
     <span class='ocr_line' id='line_1_17' title="bbox 100 1356 1209 1405; baseline 0.003 -11"><span class='ocrx_word' id='word_1_116' title='bbox 100 1368 121 1394; x_wconf 87' lang='lat' dir='ltr'>a</span> <span class='ocrx_word' id='word_1_117' title='bbox 153 1356 370 1404; x_wconf 84' lang='lat' dir='ltr'><strong>Boeckhi0‚</strong></span> <span class='ocrx_word' id='word_1_118' title='bbox 400 1356 679 1403; x_wconf 83' lang='lat' dir='ltr'><strong>Suevernioque</strong></span> <span class='ocrx_word' id='word_1_119' title='bbox 702 1357 885 1405; x_wconf 79' lang='lat' dir='ltr'><strong>laudatis,</strong></span> <span class='ocrx_word' id='word_1_120' title='bbox 926 1358 1064 1404; x_wconf 89' lang='lat' dir='ltr'><strong>quibus</strong></span> <span class='ocrx_word' id='word_1_121' title='bbox 1101 1360 1209 1397; x_wconf 80' lang='lat' dir='ltr'><strong>adda-</strong></span> 
     </span>
     <span class='ocr_line' id='line_1_18' title="bbox 101 1425 1206 1475; baseline 0.003 -11"><span class='ocrx_word' id='word_1_122' title='bbox 101 1434 164 1464; x_wconf 88' lang='lat' dir='ltr'><strong>tur</strong></span> <span class='ocrx_word' id='word_1_123' title='bbox 190 1427 353 1475; x_wconf 88' lang='lat' dir='ltr'><strong>Scylacis</strong></span> <span class='ocrx_word' id='word_1_124' title='bbox 393 1427 559 1475; x_wconf 86' lang='lat' dir='ltr'><strong>Periplus</strong></span> <span class='ocrx_word' id='word_1_125' title='bbox 599 1425 696 1475; x_wconf 83' lang='lat'>(4),</span> <span class='ocrx_word' id='word_1_126' title='bbox 733 1438 751 1463; x_wconf 94' lang='lat' dir='ltr'><strong>e</strong></span> <span class='ocrx_word' id='word_1_127' title='bbox 784 1439 860 1474; x_wconf 90' lang='lat' dir='ltr'><strong>quo</strong></span> <span class='ocrx_word' id='word_1_128' title='bbox 891 1427 1067 1466; x_wconf 84' lang='lat' dir='ltr'><strong>discimus</strong></span> <span class='ocrx_word' id='word_1_129' title='bbox 1088 1457 1100 1475; x_wconf 81' lang='lat'>‚</span> <span class='ocrx_word' id='word_1_130' title='bbox 1124 1428 1206 1468; x_wconf 84' lang='lat' dir='ltr'><strong>illo·</strong></span> 
     </span>
     <span class='ocr_line' id='line_1_19' title="bbox 103 1497 1207 1546; baseline 0.004 -12"><span class='ocrx_word' id='word_1_131' title='bbox 103 1508 182 1534; x_wconf 86' lang='lat' dir='ltr'><strong>rum</strong></span> <span class='ocrx_word' id='word_1_132' title='bbox 211 1498 419 1546; x_wconf 77' lang='lat' dir='ltr'><strong>oppidum,</strong></span> <span class='ocrx_word' id='word_1_133' title='bbox 460 1509 542 1534; x_wconf 89' lang='lat' dir='ltr'><strong>cum</strong></span> <span class='ocrx_word' id='word_1_134' title='bbox 581 1497 772 1534; x_wconf 84' lang='lat' dir='ltr'><strong>nonnullis</strong></span> <span class='ocrx_word' id='word_1_135' title='bbox 795 1497 898 1543; x_wconf 77' lang='lat' dir='ltr'><strong>aliis,</strong></span> <span class='ocrx_word' id='word_1_136' title='bbox 928 1499 965 1535; x_wconf 89' lang='lat' dir='ltr'><strong>in</strong></span> <span class='ocrx_word' id='word_1_137' title='bbox 1000 1499 1207 1538; x_wconf 85' lang='lat' dir='ltr'><strong>Samiorum</strong></span> 
     </span>
     <span class='ocr_line' id='line_1_20' title="bbox 101 1553 1209 1617; baseline 0.004 -14"><span class='ocrx_word' id='word_1_138' title='bbox 101 1565 242 1604; x_wconf 90' lang='lat' dir='ltr'><strong>ditione</strong></span> <span class='ocrx_word' id='word_1_139' title='bbox 268 1564 385 1604; x_wconf 88' lang='lat' dir='ltr'><strong>fuisse</strong></span> <span class='ocrx_word' id='word_1_140' title='bbox 413 1567 497 1617; x_wconf 82' lang='lat'>(5).</span> <span class='ocrx_word' id='word_1_141' title='bbox 551 1569 606 1605; x_wconf 90' lang='lat' dir='ltr'><strong>Ac</strong></span> <span class='ocrx_word' id='word_1_142' title='bbox 645 1567 735 1615; x_wconf 88' lang='lat' dir='ltr'><strong>jure·</strong></span> <span class='ocrx_word' id='word_1_143' title='bbox 767 1553 856 1604; x_wconf 81' lang='lat' dir='ltr'><strong>mihi</strong></span> <span class='ocrx_word' id='word_1_144' title='bbox 879 1567 1023 1606; x_wconf 85' lang='lat' dir='ltr'><strong>videtur</strong></span> <span class='ocrx_word' id='word_1_145' title='bbox 1049 1578 1209 1607; x_wconf 85' lang='lat' dir='ltr'><strong>statuere</strong></span> 
     </span>
     <span class='ocr_line' id='line_1_21' title="bbox 99 1637 1211 1687; baseline 0.003 -12"><span class='ocrx_word' id='word_1_146' title='bbox 99 1637 311 1675; x_wconf 88' lang='lat' dir='ltr'><strong>Boeckhius</strong></span> <span class='ocrx_word' id='word_1_147' title='bbox 328 1638 396 1686; x_wconf 83' lang='lat'><strong>(6)</strong></span> <span class='ocrx_word' id='word_1_148' title='bbox 414 1650 422 1676; x_wconf 76' lang='grc' dir='ltr'>ε</span> <span class='ocrx_word' id='word_1_149' title='bbox 440 1637 550 1676; x_wconf 83' lang='lat' dir='ltr'><strong>verba</strong></span> <span class='ocrx_word' id='word_1_150' title='bbox 565 1639 720 1687; x_wconf 76' lang='grc' dir='ltr'><em>πόλεμον</em></span> <span class='ocrx_word' id='word_1_151' title='bbox 732 1641 814 1687; x_wconf 78' lang='grc' dir='ltr'><strong>πρὸς</strong></span> <span class='ocrx_word' id='word_1_152' title='bbox 825 1640 982 1683; x_wconf 75' lang='grc' dir='ltr'><strong>Ἀνοιίους</strong></span> <span class='ocrx_word' id='word_1_153' title='bbox 996 1638 1093 1677; x_wconf 89' lang='lat' dir='ltr'><strong>haud</strong></span> <span class='ocrx_word' id='word_1_154' title='bbox 1111 1640 1211 1678; x_wconf 90' lang='lat' dir='ltr'><strong>aliud</strong></span> 
     </span>
     <span class='ocr_line' id='line_1_22' title="bbox 103 1702 1219 1765; baseline 0.001 -20"><span class='ocrx_word' id='word_1_155' title='bbox 103 1706 309 1756; x_wconf 83' lang='lat' dir='ltr'><strong>significare</strong></span> <span class='ocrx_word' id='word_1_156' title='bbox 321 1718 433 1756; x_wconf 87' lang='lat' dir='ltr'><strong>posse</strong></span> <span class='ocrx_word' id='word_1_157' title='bbox 444 1736 457 1755; x_wconf 85' lang='lat'><strong>,</strong></span> <span class='ocrx_word' id='word_1_158' title='bbox 468 1707 680 1746; x_wconf 78' lang='lat' dir='ltr'><strong>nisibellum</strong></span> <span class='ocrx_word' id='word_1_159' title='bbox 696 1708 945 1765; x_wconf 62' lang='lat' dir='ltr'><strong>Anaeinsibus</strong></span> <span class='ocrx_word' id='word_1_160' title='bbox 961 1709 1036 1747; x_wconf 85' lang='lat' dir='ltr'><strong>ill</strong></span> <span class='ocrx_word' id='word_1_161' title='bbox 1046 1722 1070 1747; x_wconf 80' lang='lat' dir='ltr'><em>a</em></span> <span class='ocrx_word' id='word_1_162' title='bbox 1085 1702 1101 1748; x_wconf 74' lang='lat' dir='ltr'><strong>t</strong></span> <span class='ocrx_word' id='word_1_163' title='bbox 1118 1723 1142 1748; x_wconf 85' lang='lat' dir='ltr'><strong>u</strong></span> <span class='ocrx_word' id='word_1_164' title='bbox 1157 1722 1191 1747; x_wconf 83' lang='lat' dir='ltr'><strong>m</strong></span> <span class='ocrx_word' id='word_1_165' title='bbox 1203 1727 1219 1760; x_wconf 85' lang='lat'><strong>‚-</strong></span> 
     </span>
    </p>

    <p class='ocr_par' dir='ltr' id='par_1_9' title="bbox 640 1772 1212 1820">
     <span class='ocr_line' id='line_1_23' title="bbox 640 1772 1212 1820; baseline 0.002 -1"><span class='ocrx_word' id='word_1_166' title='bbox 640 1786 642 1788; x_wconf 79' lang='grc'>’</span> <span class='ocrx_word' id='word_1_167' title='bbox 959 1772 960 1775; x_wconf 35' lang='grc'><strong>“</strong></span> <span class='ocrx_word' id='word_1_168' title='bbox 1161 1783 1212 1820; x_wconf 91' lang='lat' dir='ltr'><strong>ita</strong></span> 
     </span>
    </p>

    <p class='ocr_par' dir='ltr' id='par_1_10' title="bbox 142 1883 982 1924">
     <span class='ocr_line' id='line_1_24' title="bbox 142 1883 982 1924; baseline 0.007 -12"><span class='ocrx_word' id='word_1_169' title='bbox 142 1883 194 1923; x_wconf 85' lang='lat'><strong>(1)</strong></span> <span class='ocrx_word' id='word_1_170' title='bbox 213 1885 307 1913; x_wconf 88' lang='lat' dir='ltr'><strong>conf.</strong></span> <span class='ocrx_word' id='word_1_171' title='bbox 328 1885 414 1913; x_wconf 84' lang='lat' dir='ltr'><strong>Dem.</strong></span> <span class='ocrx_word' id='word_1_172' title='bbox 433 1885 470 1913; x_wconf 90' lang='lat' dir='ltr'><strong>de</strong></span> <span class='ocrx_word' id='word_1_173' title='bbox 486 1885 627 1919; x_wconf 71' lang='lat' dir='ltr'><strong>fais.1eg.</strong></span> <span class='ocrx_word' id='word_1_174' title='bbox 648 1893 715 1921; x_wconf 81' lang='lat' dir='ltr'><strong>cap.</strong></span> <span class='ocrx_word' id='word_1_175' title='bbox 734 1893 783 1920; x_wconf 84' lang='lat'><strong>70·</strong></span> <span class='ocrx_word' id='word_1_176' title='bbox 801 1893 835 1920; x_wconf 85' lang='lat' dir='ltr'><strong>p.</strong></span> <span class='ocrx_word' id='word_1_177' title='bbox 854 1891 921 1924; x_wconf 89' lang='lat'>418.</span> <span class='ocrx_word' id='word_1_178' title='bbox 942 1888 982 1918; x_wconf 90' lang='lat' dir='ltr'><strong>R.</strong></span> 
     </span>
    </p>

    <p class='ocr_par' dir='ltr' id='par_1_11' title="bbox 142 1939 641 1978">
     <span class='ocr_line' id='line_1_25' title="bbox 142 1939 641 1978; baseline 0 -8"><span class='ocrx_word' id='word_1_179' title='bbox 142 1939 195 1978; x_wconf 80' lang='lat'><strong>(2)</strong></span> <span class='ocrx_word' id='word_1_180' title='bbox 217 1942 359 1976; x_wconf 83' lang='lat' dir='ltr'><strong>sophoci.</strong></span> <span class='ocrx_word' id='word_1_181' title='bbox 382 1941 485 1976; x_wconf 73' lang='lat' dir='ltr'><strong>Antig.</strong></span> <span class='ocrx_word' id='word_1_182' title='bbox 507 1950 551 1970; x_wconf 87' lang='lat' dir='ltr'><strong>vs.</strong></span> <span class='ocrx_word' id='word_1_183' title='bbox 574 1950 641 1977; x_wconf 85' lang='lat'><strong>733.</strong></span> 
     </span>
    </p>

    <p class='ocr_par' dir='ltr' id='par_1_12' title="bbox 104 1998 1209 2093">
     <span class='ocr_line' id='line_1_26' title="bbox 145 1998 1209 2037; baseline 0.01 -12"><span class='ocrx_word' id='word_1_184' title='bbox 145 1998 197 2035; x_wconf 84' lang='lat'><strong>(3)</strong></span> <span class='ocrx_word' id='word_1_185' title='bbox 217 1998 371 2033; x_wconf 84' lang='lat' dir='ltr'><strong>Anonym.</strong></span> <span class='ocrx_word' id='word_1_186' title='bbox 393 1999 424 2026; x_wconf 87' lang='lat' dir='ltr'><strong>in</strong></span> <span class='ocrx_word' id='word_1_187' title='bbox 445 1999 525 2034; x_wconf 82' lang='lat' dir='ltr'><strong>vita,</strong></span> <span class='ocrx_word' id='word_1_188' title='bbox 546 2007 578 2034; x_wconf 87' lang='lat' dir='ltr'><strong>p.</strong></span> <span class='ocrx_word' id='word_1_189' title='bbox 601 2010 628 2029; x_wconf 86' lang='lat'><strong>2.</strong></span> <span class='ocrx_word' id='word_1_190' title='bbox 657 2001 788 2033; x_wconf 83' lang='lat' dir='ltr'><strong>Tauchn.</strong></span> <span class='ocrx_word' id='word_1_191' title='bbox 818 2014 862 2024; x_wconf 64' lang='lat'><strong>—-</strong></span> <span class='ocrx_word' id='word_1_192' title='bbox 893 2004 985 2033; x_wconf 86' lang='lat' dir='ltr'><strong>conf.</strong></span> <span class='ocrx_word' id='word_1_193' title='bbox 1013 2006 1150 2037; x_wconf 84' lang='lat' dir='ltr'><strong>Boeckh.</strong></span> <span class='ocrx_word' id='word_1_194' title='bbox 1173 2009 1209 2036; x_wconf 87' lang='lat' dir='ltr'><strong>de</strong></span> 
     </span>
     <span class='ocr_line' id='line_1_27' title="bbox 104 2055 459 2093; baseline -0.003 -8"><span class='ocrx_word' id='word_1_195' title='bbox 104 2055 210 2090; x_wconf 78' lang='lat' dir='ltr'><strong>Antig.</strong></span> <span class='ocrx_word' id='word_1_196' title='bbox 230 2063 262 2091; x_wconf 86' lang='lat' dir='ltr'><strong>p.</strong></span> <span class='ocrx_word' id='word_1_197' title='bbox 284 2064 320 2093; x_wconf 83' lang='lat'><strong>⁵7</strong></span> <span class='ocrx_word' id='word_1_198' title='bbox 340 2062 371 2083; x_wconf 91' lang='lat' dir='ltr'><strong>et</strong></span> <span class='ocrx_word' id='word_1_199' title='bbox 392 2062 459 2088; x_wconf 80' lang='lat'><strong>225.</strong></span> 
     </span>
    </p>

    <p class='ocr_par' dir='ltr' id='par_1_13' title="bbox 105 2110 1208 2210">
     <span class='ocr_line' id='line_1_28' title="bbox 142 2110 1208 2156; baseline 0.009 -16"><span class='ocrx_word' id='word_1_200' title='bbox 142 2110 196 2150; x_wconf 81' lang='lat'><strong>(4)</strong></span> <span class='ocrx_word' id='word_1_201' title='bbox 216 2116 249 2142; x_wconf 88' lang='lat' dir='ltr'><strong>P.</strong></span> <span class='ocrx_word' id='word_1_202' title='bbox 271 2122 317 2150; x_wconf 89' lang='lat'><strong>90.</strong></span> <span class='ocrx_word' id='word_1_203' title='bbox 339 2114 388 2141; x_wconf 89' lang='lat' dir='ltr'><strong>ed.</strong></span> <span class='ocrx_word' id='word_1_204' title='bbox 400 2115 537 2142; x_wconf 81' lang='lat' dir='ltr'><strong>Gronov.</strong></span> <span class='ocrx_word' id='word_1_205' title='bbox 556 2114 594 2143; x_wconf 86' lang='lat' dir='ltr'><strong>L.</strong></span> <span class='ocrx_word' id='word_1_206' title='bbox 617 2115 651 2143; x_wconf 90' lang='lat' dir='ltr'><strong>B.</strong></span> <span class='ocrx_word' id='word_1_207' title='bbox 671 2118 752 2152; x_wconf 86' lang='lat'>1697.</span> <span class='ocrx_word' id='word_1_208' title='bbox 769 2130 815 2140; x_wconf 38' lang='grc' dir='ltr'>ὴ</span> <span class='ocrx_word' id='word_1_209' title='bbox 835 2120 939 2154; x_wconf 82' lang='lat' dir='ltr'><strong>steph.</strong></span> <span class='ocrx_word' id='word_1_210' title='bbox 957 2121 1028 2156; x_wconf 81' lang='lat' dir='ltr'>Byz.</span> <span class='ocrx_word' id='word_1_211' title='bbox 1055 2129 1106 2151; x_wconf 86' lang='lat' dir='ltr'><strong>sua</strong></span> <span class='ocrx_word' id='word_1_212' title='bbox 1123 2123 1208 2152; x_wconf 82' lang='lat' dir='ltr'><strong>duxit</strong></span> 
     </span>
     <span class='ocr_line' id='line_1_29' title="bbox 105 2169 723 2210; baseline 0 -11"><span class='ocrx_word' id='word_1_213' title='bbox 105 2178 144 2200; x_wconf 86' lang='lat' dir='ltr'><strong>ex</strong></span> <span class='ocrx_word' id='word_1_214' title='bbox 163 2171 297 2207; x_wconf 83' lang='lat' dir='ltr'><strong>Ephoro.</strong></span> <span class='ocrx_word' id='word_1_215' title='bbox 314 2171 407 2200; x_wconf 90' lang='lat' dir='ltr'><strong>Conf.</strong></span> <span class='ocrx_word' id='word_1_216' title='bbox 428 2169 564 2199; x_wconf 84' lang='lat' dir='ltr'><strong>Marxius</strong></span> <span class='ocrx_word' id='word_1_217' title='bbox 576 2191 586 2206; x_wconf 84' lang='lat'><strong>,</strong></span> <span class='ocrx_word' id='word_1_218' title='bbox 607 2181 639 2208; x_wconf 83' lang='lat' dir='ltr'><strong>p,</strong></span> <span class='ocrx_word' id='word_1_219' title='bbox 657 2180 723 2210; x_wconf 86' lang='lat'>199.</span> 
     </span>
    </p>
   </div>
   <div class='ocr_carea' id='block_1_8' title="bbox 142 2226 836 2322">
    <p class='ocr_par' dir='ltr' id='par_1_14' title="bbox 142 2226 836 2322">
     <span class='ocr_line' id='line_1_30' title="bbox 142 2226 836 2268; baseline 0 -5"><span class='ocrx_word' id='word_1_220' title='bbox 142 2226 195 2263; x_wconf 84' lang='grc'><strong>(5)</strong></span> <span class='ocrx_word' id='word_1_221' title='bbox 215 2228 305 2257; x_wconf 90' lang='lat' dir='ltr'><strong>conf.</strong></span> <span class='ocrx_word' id='word_1_222' title='bbox 325 2229 419 2258; x_wconf 87' lang='lat' dir='ltr'><strong>strab.</strong></span> <span class='ocrx_word' id='word_1_223' title='bbox 440 2229 512 2259; x_wconf 86' lang='lat' dir='ltr'><strong>Lib.</strong></span> <span class='ocrx_word' id='word_1_224' title='bbox 529 2231 601 2261; x_wconf 79' lang='lat' dir='ltr'><strong>Xtv</strong></span> <span class='ocrx_word' id='word_1_225' title='bbox 625 2239 657 2267; x_wconf 82' lang='lat' dir='ltr'><strong>p·</strong></span> <span class='ocrx_word' id='word_1_226' title='bbox 680 2233 749 2267; x_wconf 80' lang='lat'><strong>636.</strong></span> <span class='ocrx_word' id='word_1_227' title='bbox 771 2240 836 2268; x_wconf 82' lang='lat' dir='ltr'><strong>sqq.</strong></span> 
     </span>
     <span class='ocr_line' id='line_1_31' title="bbox 142 2283 526 2322; baseline 0.005 -7"><span class='ocrx_word' id='word_1_228' title='bbox 142 2283 196 2319; x_wconf 90' lang='lat'><strong>(6)</strong></span> <span class='ocrx_word' id='word_1_229' title='bbox 216 2284 264 2313; x_wconf 88' lang='lat' dir='ltr'><strong>De</strong></span> <span class='ocrx_word' id='word_1_230' title='bbox 284 2284 386 2321; x_wconf 76' lang='lat' dir='ltr'><strong>Antig.</strong></span> <span class='ocrx_word' id='word_1_231' title='bbox 405 2293 438 2321; x_wconf 81' lang='lat' dir='ltr'><strong>p.</strong></span> <span class='ocrx_word' id='word_1_232' title='bbox 462 2295 526 2322; x_wconf 82' lang='lat'><strong>237·</strong></span> 
     </span>
    </p>
   </div>
  </div>
 </body>
</html>
