1502 2767
383 137 980 180 THEOLOGICA.
1170 154 1241 192 113

123 249 279 301 giones;
305 260 384 289 non
414 249 533 287 multo
550 276 563 296 ,
589 257 791 298 postquam
820 248 964 288 Christi
987 259 1124 289 nomen
1148 262 1241 290 con-

123 312 223 361 fessi*
253 320 356 369 sint,
384 320 502 369 quieti
537 318 704 358 habitant
739 331 824 358 suas
866 319 995 367 sedes,
1037 330 1147 368 agros
1174 333 1238 360 co-

122 391 236 439 lunt,
269 390 415 440 legibus
443 390 622 429 obediunt
653 390 810 439 pacique
841 391 1006 430 student.
1035 391 1086 429 Et
1110 397 1239 439 quam-

120 460 181 499 vis
207 471 284 499 non
316 472 445 499 omnes
489 470 617 509 gentes
653 469 727 498 tam
769 460 897 499 subito
939 461 1100 499 domitae
1132 461 1236 512 sint,

123 537 244 569 tamen
281 531 337 570 vis
373 540 523 570 nostrae
559 531 747 579 religionis
779 531 878 569 haud
898 533 1063 579 neganda
1085 540 1157 571 est.
1182 553 1236 564 --
1260 534 1262 537 “

121 600 303 639 Monachi
318 613 482 650 magnam
495 613 642 650 operam
657 590 837 640 dederunt
847 630 861 650 ,
872 611 908 640 et
919 612 1006 640 sane
1015 600 1234 651 effecerunt,

122 678 167 709 ut
189 670 405 709 incultiores
430 672 607 723 Europae
632 681 759 720 gentes
782 674 1073 721 septentrionem
1104 685 1235 712 versus

122 741 249 790 sylvas
288 741 524 788 exscindere,
551 753 738 791 agrosque
764 754 889 780 eorum
920 744 1089 791 exemplo
1113 744 1236 783 colere

119 811 314 860 coeperint
327 842 342 861 ,
372 814 543 860 quamvis
566 821 671 850 antea
684 823 760 850 non
775 812 847 850 nisi
864 813 1029 852 militiam
1049 822 1235 862 saperent.

120 881 277 920 Postero
290 893 378 920 vero
398 890 564 930 tempore
587 883 724 920 multae
743 882 892 929 quidem
910 884 1046 921 veteris
1069 884 1236 932 gentium

119 951 344 990 conditionis
359 951 535 1000 reliquiae
548 951 835 1000 superfuerunt3
851 959 1090 991 veruntamen
1102 952 1236 992 Chris·

119 1022 239 1061 tianae
261 1021 452 1060 doctrinae
479 1022 538 1060 vis
561 1021 766 1070 conspicua
790 1020 879 1060 fuit.
932 1022 1049 1071 Apud
1073 1023 1237 1062 nonnul-

117 1093 177 1131 los
202 1093 366 1141 populos
387 1093 432 1130 iis
454 1092 694 1130 solummodo
708 1077 799 1131 viris
812 1119 825 1138 ,
840 1092 904 1140 qui
923 1093 1043 1130 hostis
1057 1092 1236 1132 interfec-

119 1163 148 1202 ti
161 1172 274 1213 caput
298 1163 535 1202 tradidissent
556 1163 634 1212 regi
648 1174 718 1200 suo
734 1191 747 1210 ,
775 1174 930 1201 uxorem
953 1163 1087 1202 ducere
1111 1164 1232 1203 licuit.

120 1234 236 1281 Mos,
251 1234 337 1272 huic
366 1233 514 1281 quidem
545 1233 679 1272 similis
707 1233 773 1271 sed
796 1234 943 1279 lenior,
966 1233 1087 1283 viguit
1111 1233 1233 1272 medio

117 1317 224 1344 aevo.
251 1305 381 1353 Eques
409 1313 545 1342 amatae
557 1314 650 1342 suae
666 1302 775 1341 offert
799 1314 875 1341 non
895 1312 1007 1352 caput
1023 1331 1035 1349 ‚
1048 1304 1113 1342 sed
1127 1303 1233 1351 signa

117 1384 261 1414 tantum
301 1375 456 1413 aliorum
493 1374 659 1422 equitum
675 1402 688 1421 ,
714 1386 734 1411 a
760 1373 900 1421 quibus
914 1401 928 1420 ,
966 1383 1044 1411 non
1083 1375 1119 1410 in
1155 1372 1235 1411 bel-

118 1449 158 1486 lo
175 1474 189 1492 ,
219 1447 333 1485 sedin
349 1446 612 1483 torneamentis
627 1472 639 1490 ‚
663 1444 776 1482 modo
801 1443 921 1482 victor
936 1471 949 1491 ,
976 1453 1054 1481 non
1077 1441 1234 1481 homici-

119 1516 193 1563 da,
220 1515 472 1554 discessisset.
501 1515 562 1553 En
583 1514 653 1551 hos
690 1514 857 1562 equites!
898 1512 1038 1562 quibus
1083 1512 1234 1551 virtuti·

119 1587 191 1626 bus
204 1585 383 1625 commoti
400 1584 410 1622 ἱ
429 1587 548 1623 Amor
574 1594 638 1622 eos
661 1584 803 1623 incitat.
815 1583 1070 1622 Innocentiam
1098 1592 1134 1621 et
1152 1592 1235 1622 cas·

121 1656 264 1695 titatem
282 1653 501 1693 defendunt.
530 1653 592 1693 Sic
607 1662 734 1702 gentes
756 1653 946 1702 religionis
958 1665 1030 1702 ope
1042 1652 1204 1691 domitae
1217 1680 1233 1701 ,

119 1727 174 1765 sic
193 1726 362 1764 civitates
386 1725 612 1763 constitutae
632 1733 722 1762 sunt
735 1752 749 1771 ,
782 1732 818 1762 et
839 1723 966 1762 bellari
987 1735 1062 1762 non
1087 1724 1232 1763 decres-

120 1808 204 1837 cere
223 1807 301 1835 non
315 1796 454 1846 potuit.
481 1794 653 1834 Profecto
670 1794 929 1851 Expeditiones
943 1806 1072 1832 sacrae
1104 1793 1231 1832 orbern

122 1868 363 1918 Europacum
380 1867 536 1904 multum
560 1873 748 1903 mutarunt
770 1877 784 1913 3
806 1854 1045 1904 veruntamen
1058 1876 1146 1903 num
1173 1864 1234 1904 hic

120 1937 309 1976 inauditus
331 1936 440 1973 ardor
463 1935 624 1984 regionis
640 1946 762 1973 sacrae
776 1934 886 1973 armis
910 1934 1158 1973 defendendae
1172 1946 1234 1973 ac-

110 2018 257 2048 census
269 2015 326 2044 est
339 2014 466 2043 nostra
485 2005 688 2054 religione;
705 2016 794 2043 num
809 2004 869 2042 hic
884 2006 993 2044 ardor
1003 2004 1182 2055 Europae
1196 2004 1235 2046 in

124 2077 359 2130 commodum
373 2087 604 2124 conversus;
627 2086 714 2114 num
735 2076 822 2114 haec
847 2075 1003 2114 mutatio
1018 2074 1067 2113 ita
1089 2075 1236 2124 religio·

129 2132 169 2185 ui
193 2146 424 2186 Christianae
438 2173 450 2194 ,
478 2146 646 2199 quamvis
667 2146 908 2195 depravatae,
925 2145 1120 2185 tribuenda
1143 2156 1200 2184 est
1221 2174 1237 2194 ,

131 2224 243 2265 atque
273 2218 353 2265 ipsa
378 2217 568 2256 civitatum
592 2216 845 2255 conditionem
873 2216 1082 2256 emendavit
1102 2215 1239 2263 bellan-

182 2299 309 2327 Dom).
667 2288 705 2325 H
1173 2284 1240 2326 do-
