1523 2745
431 163 943 206 LITERARIA.
1194 181 1240 218 41

132 274 387 322 adversarios,
423 286 490 313 nec
525 284 660 324 sponte
697 276 835 315 lctibus
872 287 1066 315 occurrere
1097 278 1244 324 solent,

130 356 261 383 verum
287 345 333 382 ab
368 345 442 383 illis
463 357 571 391 quam
599 346 753 383 maxime
778 348 946 384 recedere
980 347 1136 395 suisque
1159 347 1245 385 arti-

133 414 207 454 bus
244 415 333 462 usi,
359 415 548 452 victoriam
576 415 649 452 sibi
676 427 831 463 parare,
862 417 915 453 sie
954 429 1050 454 unus
1078 417 1245 464 viderat,

144 485 212 533 qui
230 484 531 522 Lacedaemoniis
552 484 673 522 resisti
694 495 837 533 posset.
891 487 1011 536 Quam
1041 487 1172 524 bonam
1202 487 1246 524 de
1268 518 1269 522 ,

137 565 178 592 se
210 553 424 602 opinionem
450 554 666 591 confirmare
689 555 836 605 studuit
871 566 1035 593 annonae
1062 556 1246 593 destribu-

129 621 236 662 tione
269 631 307 660 et
339 633 508 671 agrorum
543 623 582 660 in
614 623 758 671 Aegina
791 622 1004 669 divisione,
1041 625 1138 661 unde
1167 635 1246 661 om·

130 701 197 730 nes
231 691 370 729 incolas
402 692 587 741 eiecerunt
632 692 905 740 Athenienses,
955 693 1048 741 ipsis
1097 693 1244 731 crimini

131 763 286 809 dantes,
328 761 449 800 fuisse
486 773 549 800 eos
584 763 806 811 praecipuos
845 763 931 800 belli
967 772 1158 801 auctores:
1209 772 1245 800 at

131 832 256 869 verlor
297 832 358 869 illa
403 831 496 869 ratio
545 832 719 879 videtur,
761 833 864 880 quod
893 833 1010 870 tutius
1048 833 1247 870 censebant

129 901 211 940 suis
248 903 393 940 colonis
428 901 545 940 teneri
573 903 639 950 (1)
672 903 828 941 insuIam
862 903 1119 951 Peloponneso
1150 905 1247 952 adja-

131 980 275 1010 centem
305 981 342 1010 et
369 984 476 1020 quam
510 972 663 1010 Pireaei
683 973 874 1022 grandium
906 972 1113 1021 appellabat
1145 973 1248 1011 Peri·

131 1041 208 1080 cles
230 1043 314 1090 (2).
369 1042 539 1089 Denique
561 1042 761 1079 autumnali
783 1051 950 1089 tempore
977 1054 1059 1079 cum
1077 1043 1243 1080 maximis

130 1112 251 1160 copiis
276 1112 313 1148 in
336 1112 560 1159 Megaridem
583 1111 823 1159 irruptionem
858 1111 972 1156 fecit,
1000 1112 1098 1149 sicut
1121 1113 1244 1150 decre·

131 1191 173 1220 to
212 1181 392 1219 sancitum
427 1189 502 1218 etat
533 1190 569 1218 et
595 1183 724 1229 magna
750 1180 914 1238 regionis
940 1191 1045 1230 parte
1075 1185 1240 1230 vastata,

106 1300 109 1301 ⁷
130 1251 237 1291 rediit
259 1253 341 1301 (3).

180 1321 315 1360 Redux
336 1332 468 1370 magno
489 1321 634 1358 honore
660 1320 812 1358 affectus
837 1328 920 1367 est,
959 1332 1072 1369 quum
1110 1322 1240 1360 iterum

132 1391 356 1439 eligeretur,
407 1391 471 1438 qui
529 1390 709 1435 oratione
742 1389 890 1442 funebri
931 1391 1129 1429 celebraret
1177 1404 1242 1430 eos

130 1462 197 1510 qui
232 1462 304 1499 hoc
336 1472 431 1499 anno
453 1460 548 1499 caesi
582 1468 708 1499 erant:
738 1472 830 1507 quae
850 1461 969 1498 oratio
996 1473 1015 1498 a
1048 1461 1243 1509 Thucydi-

129 1533 175 1571 de
207 1532 277 1582 (4)
313 1531 435 1569 minus
469 1540 639 1577 servata,
682 1541 788 1579 quam
817 1530 862 1567 ad
893 1529 1080 1578 ingenium
1122 1531 1243 1578 magui

130 1601 204 1640 viri
229 1612 402 1649 expressa
437 1599 534 1650 (5),
575 1599 771 1638 maximum
795 1599 897 1637 illius
923 1600 1026 1648 operi
1052 1611 1244 1638 ornamen-

130 1680 212 1709 tum
242 1669 362 1709 affert.
415 1670 500 1708 Nos
532 1679 677 1717 autem,
707 1670 849 1707 etiamsi
880 1669 1099 1707 admiramur
1134 1670 1241 1709 istam

128 1741 357 1787 orationem,
378 1751 471 1788 quae
490 1739 663 1787 antiquae
688 1739 921 1787 eloquentiae
939 1738 1095 1778 formam
1116 1741 1242 1779 adum-

131 1805 134 1807 *
1129 1811 1242 1859 brat,

172 1903 224 1943 (ι)
244 1900 342 1936 Thuc.
363 1906 407 1935 11.
430 1912 476 1939 27.
496 1905 591 1934 Diod.
613 1905 672 1934 Sic.
692 1905 760 1935 XII.
783 1915 832 1943 44.

171 1964 223 2002 (2)
244 1965 326 1993 Plut.
343 1964 413 1992 Per.
435 1965 469 2007 8».
488 1962 618 1991 Aristot.
636 1962 728 1991 Rhet.
751 1961 808 1992 111.
836 1971 880 1992 10.

167 2021 222 2059 (3)
243 2021 343 2049 Thuc.
373 2020 413 2050 11.
451 2026 499 2052 31.
538 2018 590 2054 qui
623 2026 719 2047 narrat
754 2018 826 2047 huic
857 2019 1048 2054 expeditioni
1087 2019 1242 2051 interfuis-

131 2086 165 2108 se
191 2064 282 2107 etiarn
304 2075 487 2112 inquilinosz
512 2075 631 2111 saepius
658 2076 718 2104 hoc
744 2076 855 2104 factum
888 2076 980 2105 docet
1007 2076 1186 2106 Ammonius
1208 2086 1240 2108 v.

133 2136 303 2176 ἰσοτελής.

171 2198 224 2236 (4)
245 2198 344 2228 Thuc.
366 2197 405 2227 11.
426 2193 552 2234 36—46.

173 2252 225 2287 ξε)
243 2254 335 2283 Teste
365 2253 432 2290 ipso
461 2253 636 2289 Thucydide
655 2253 678 2283 1,
701 2263 748 2283 22.
