<?xml version="1.0" encoding="UTF-8"?>
<!DOCTYPE html PUBLIC "-//W3C//DTD XHTML 1.0 Transitional//EN"
    "http://www.w3.org/TR/xhtml1/DTD/xhtml1-transitional.dtd">
<html xmlns="http://www.w3.org/1999/xhtml" xml:lang="en" lang="en">
 <head>
  <title>
</title>
<meta http-equiv="Content-Type" content="text/html;charset=utf-8" />
  <meta name='ocr-system' content='tesseract 3.04.00' />
  <meta name='ocr-capabilities' content='ocr_page ocr_carea ocr_par ocr_line ocrx_word'/>
</head>
<body>
  <div class='ocr_page' id='page_1' title='image "annalesacademiae33rhen_0642.png"; bbox 0 0 1564 2750; ppageno 0'>
   <div class='ocr_carea' id='block_1_1' title="bbox 321 152 1203 209">
    <p class='ocr_par' dir='ltr' id='par_1_1' title="bbox 321 152 1203 209">
     <span class='ocr_line' id='line_1_1' title="bbox 321 152 1203 209; baseline -0.014 -9"><span class='ocrx_word' id='word_1_1' title='bbox 321 173 367 209; x_wconf 76' lang='lat'><strong>50</strong></span> <span class='ocrx_word' id='word_1_2' title='bbox 543 152 1203 196; x_wconf 82' lang='lat' dir='ltr'>COMMENTATIO</span> 
     </span>
    </p>
   </div>
   <div class='ocr_carea' id='block_1_2' title="bbox 313 258 1466 1854">
    <p class='ocr_par' dir='ltr' id='par_1_2' title="bbox 313 258 1466 660">
     <span class='ocr_line' id='line_1_2' title="bbox 318 258 1426 311; baseline -0.008 -6"><span class='ocrx_word' id='word_1_3' title='bbox 318 278 357 305; x_wconf 83' lang='lat' dir='ltr'><strong>tu</strong></span> <span class='ocrx_word' id='word_1_4' title='bbox 402 267 494 304; x_wconf 80' lang='lat' dir='ltr'><strong>sitos</strong></span> <span class='ocrx_word' id='word_1_5' title='bbox 512 294 522 311; x_wconf 88' lang='lat'><strong>‚</strong></span> <span class='ocrx_word' id='word_1_6' title='bbox 577 271 777 301; x_wconf 85' lang='lat' dir='ltr'><strong>vastarent.</strong></span> <span class='ocrx_word' id='word_1_7' title='bbox 840 261 888 298; x_wconf 91' lang='lat' dir='ltr'><strong>Hi</strong></span> <span class='ocrx_word' id='word_1_8' title='bbox 947 259 1089 307; x_wconf 81' lang='lat' dir='ltr'><strong>proelio</strong></span> <span class='ocrx_word' id='word_1_9' title='bbox 1141 259 1255 306; x_wconf 85' lang='lat' dir='ltr'><strong>victi,</strong></span> <span class='ocrx_word' id='word_1_10' title='bbox 1310 258 1426 296; x_wconf 86' lang='lat' dir='ltr'><strong>Athe-</strong></span> 
     </span>
     <span class='ocr_line' id='line_1_3' title="bbox 315 328 1427 375; baseline -0.009 -1"><span class='ocrx_word' id='word_1_11' title='bbox 315 337 507 374; x_wconf 71' lang='lat' dir='ltr'><strong>niensibus</strong></span> <span class='ocrx_word' id='word_1_12' title='bbox 540 333 729 372; x_wconf 80' lang='lat' dir='ltr'><strong>veritatem</strong></span> <span class='ocrx_word' id='word_1_13' title='bbox 767 331 1007 368; x_wconf 86' lang='lat' dir='ltr'><strong>ostenderunt</strong></span> <span class='ocrx_word' id='word_1_14' title='bbox 1034 339 1163 366; x_wconf 85' lang='lat' dir='ltr'><strong>eorum</strong></span> <span class='ocrx_word' id='word_1_15' title='bbox 1202 339 1295 375; x_wconf 88' lang='lat' dir='ltr'><strong>quae</strong></span> <span class='ocrx_word' id='word_1_16' title='bbox 1328 328 1427 366; x_wconf 87' lang='lat' dir='ltr'><strong>Peri—</strong></span> 
     </span>
     <span class='ocr_line' id='line_1_4' title="bbox 313 395 1466 451; baseline -0.01 -8"><span class='ocrx_word' id='word_1_17' title='bbox 313 408 388 443; x_wconf 82' lang='lat' dir='ltr'><strong>cles</strong></span> <span class='ocrx_word' id='word_1_18' title='bbox 422 404 568 451; x_wconf 86' lang='lat' dir='ltr'><strong>Populo</strong></span> <span class='ocrx_word' id='word_1_19' title='bbox 610 403 775 446; x_wconf 76' lang='lat' dir='ltr'><strong>dixerat,</strong></span> <span class='ocrx_word' id='word_1_20' title='bbox 827 398 976 435; x_wconf 85' lang='lat' dir='ltr'><strong>unicum</strong></span> <span class='ocrx_word' id='word_1_21' title='bbox 1021 396 1252 434; x_wconf 86' lang='lat' dir='ltr'><strong>Athenarum</strong></span> <span class='ocrx_word' id='word_1_22' title='bbox 1294 395 1466 444; x_wconf 84' lang='lat' dir='ltr'><strong>praesi-·</strong></span> 
     </span>
     <span class='ocr_line' id='line_1_5' title="bbox 315 463 1431 514; baseline -0.01 -2"><span class='ocrx_word' id='word_1_23' title='bbox 315 476 415 512; x_wconf 75' lang='lat' dir='ltr'><strong>dium</strong></span> <span class='ocrx_word' id='word_1_24' title='bbox 438 475 474 511; x_wconf 90' lang='lat' dir='ltr'><strong>in</strong></span> <span class='ocrx_word' id='word_1_25' title='bbox 508 473 667 510; x_wconf 78' lang='lat' dir='ltr'><strong>navibus</strong></span> <span class='ocrx_word' id='word_1_26' title='bbox 690 471 801 508; x_wconf 86' lang='lat' dir='ltr'><strong>situm</strong></span> <span class='ocrx_word' id='word_1_27' title='bbox 839 478 950 514; x_wconf 88' lang='lat' dir='ltr'><strong>esse,</strong></span> <span class='ocrx_word' id='word_1_28' title='bbox 978 477 1152 514; x_wconf 89' lang='lat' dir='ltr'><strong>opusque</strong></span> <span class='ocrx_word' id='word_1_29' title='bbox 1178 463 1260 502; x_wconf 88' lang='lat' dir='ltr'><strong>fore</strong></span> <span class='ocrx_word' id='word_1_30' title='bbox 1285 465 1431 514; x_wconf 87' lang='lat' dir='ltr'><strong>pericu·</strong></span> 
     </span>
     <span class='ocr_line' id='line_1_6' title="bbox 316 535 1432 591; baseline -0.011 -8"><span class='ocrx_word' id='word_1_31' title='bbox 316 549 417 583; x_wconf 82' lang='lat' dir='ltr'><strong>losae</strong></span> <span class='ocrx_word' id='word_1_32' title='bbox 448 545 597 591; x_wconf 85' lang='lat' dir='ltr'><strong>plenum</strong></span> <span class='ocrx_word' id='word_1_33' title='bbox 625 542 748 585; x_wconf 77' lang='lat' dir='ltr'><strong>aleae,</strong></span> <span class='ocrx_word' id='word_1_34' title='bbox 777 540 810 575; x_wconf 91' lang='lat' dir='ltr'><strong>si</strong></span> <span class='ocrx_word' id='word_1_35' title='bbox 842 549 925 574; x_wconf 90' lang='lat' dir='ltr'><strong>cum</strong></span> <span class='ocrx_word' id='word_1_36' title='bbox 961 536 1147 584; x_wconf 81' lang='lat' dir='ltr'>sexaginta</span> <span class='ocrx_word' id='word_1_37' title='bbox 1182 535 1347 573; x_wconf 85' lang='lat' dir='ltr'><strong>millibus</strong></span> <span class='ocrx_word' id='word_1_38' title='bbox 1375 546 1432 572; x_wconf 88' lang='lat' dir='ltr'><strong>ar·</strong></span> 
     </span>
     <span class='ocr_line' id='line_1_7' title="bbox 319 604 1140 660; baseline -0.013 -8"><span class='ocrx_word' id='word_1_39' title='bbox 319 624 497 652; x_wconf 81' lang='lat' dir='ltr'><strong>matorum</strong></span> <span class='ocrx_word' id='word_1_40' title='bbox 524 621 648 660; x_wconf 84' lang='lat' dir='ltr'>pugna</span> <span class='ocrx_word' id='word_1_41' title='bbox 668 610 861 648; x_wconf 81' lang='lat' dir='ltr'>decernere</span> <span class='ocrx_word' id='word_1_42' title='bbox 897 607 1033 644; x_wconf 87' lang='lat' dir='ltr'><strong>vellent</strong></span> <span class='ocrx_word' id='word_1_43' title='bbox 1057 604 1140 653; x_wconf 90' lang='lat'><strong>(1).</strong></span> 
     </span>
    </p>

    <p class='ocr_par' dir='ltr' id='par_1_3' title="bbox 319 674 1446 1636">
     <span class='ocr_line' id='line_1_8' title="bbox 352 674 1435 727; baseline -0.009 -6"><span class='ocrx_word' id='word_1_44' title='bbox 352 675 428 721; x_wconf 43' lang='lat' dir='ltr'><strong>‘Ne</strong></span> <span class='ocrx_word' id='word_1_45' title='bbox 465 692 585 720; x_wconf 88' lang='lat' dir='ltr'><strong>tamen</strong></span> <span class='ocrx_word' id='word_1_46' title='bbox 615 676 876 727; x_wconf 87' lang='lat' dir='ltr'><strong>Peloponnesii</strong></span> <span class='ocrx_word' id='word_1_47' title='bbox 906 676 1058 723; x_wconf 85' lang='lat' dir='ltr'><strong>impune</strong></span> <span class='ocrx_word' id='word_1_48' title='bbox 1091 674 1128 711; x_wconf 84' lang='lat' dir='ltr'><strong>in</strong></span> <span class='ocrx_word' id='word_1_49' title='bbox 1161 674 1287 712; x_wconf 87' lang='lat' dir='ltr'><strong>Attica</strong></span> <span class='ocrx_word' id='word_1_50' title='bbox 1316 680 1435 711; x_wconf 85' lang='lat' dir='ltr'><strong>castra</strong></span> 
     </span>
     <span class='ocr_line' id='line_1_9' title="bbox 320 742 1436 798; baseline -0.012 -7"><span class='ocrx_word' id='word_1_51' title='bbox 320 754 518 798; x_wconf 81' lang='lat' dir='ltr'><strong>haberent,</strong></span> <span class='ocrx_word' id='word_1_52' title='bbox 569 751 726 789; x_wconf 82' lang='lat' dir='ltr'><strong>Pericles</strong></span> <span class='ocrx_word' id='word_1_53' title='bbox 762 750 915 785; x_wconf 85' lang='lat' dir='ltr'><strong>classem</strong></span> <span class='ocrx_word' id='word_1_54' title='bbox 966 753 1114 782; x_wconf 84' lang='lat' dir='ltr'><strong>centum</strong></span> <span class='ocrx_word' id='word_1_55' title='bbox 1153 742 1302 780; x_wconf 85' lang='lat' dir='ltr'><strong>navium</strong></span> <span class='ocrx_word' id='word_1_56' title='bbox 1341 742 1436 780; x_wconf 89' lang='lat' dir='ltr'><strong>duce</strong></span> 
     </span>
     <span class='ocr_line' id='line_1_10' title="bbox 319 812 1435 865; baseline -0.011 -4"><span class='ocrx_word' id='word_1_57' title='bbox 319 823 479 862; x_wconf 85' lang='lat' dir='ltr'><strong>Carcino</strong></span> <span class='ocrx_word' id='word_1_58' title='bbox 505 820 649 865; x_wconf 77' lang='lat' dir='ltr'><strong>emisit,</strong></span> <span class='ocrx_word' id='word_1_59' title='bbox 689 815 958 865; x_wconf 83' lang='lat' dir='ltr'>quinquaginta</span> <span class='ocrx_word' id='word_1_60' title='bbox 989 814 1286 860; x_wconf 83' lang='lat' dir='ltr'>Corcyraeorum</span> <span class='ocrx_word' id='word_1_61' title='bbox 1331 812 1435 851; x_wconf 87' lang='lat' dir='ltr'><strong>navi·</strong></span> 
     </span>
     <span class='ocr_line' id='line_1_11' title="bbox 322 882 1438 940; baseline -0.008 -11"><span class='ocrx_word' id='word_1_62' title='bbox 322 894 393 929; x_wconf 80' lang='lat' dir='ltr'><strong>bus</strong></span> <span class='ocrx_word' id='word_1_63' title='bbox 432 889 646 940; x_wconf 71' lang='lat' dir='ltr'><strong>adjunctis3</strong></span> <span class='ocrx_word' id='word_1_64' title='bbox 686 887 823 935; x_wconf 87' lang='lat' dir='ltr'><strong>quibus</strong></span> <span class='ocrx_word' id='word_1_65' title='bbox 863 885 923 922; x_wconf 76' lang='lat' dir='ltr'><strong>liic</strong></span> <span class='ocrx_word' id='word_1_66' title='bbox 969 884 1168 931; x_wconf 85' lang='lat' dir='ltr'><strong>imperator</strong></span> <span class='ocrx_word' id='word_1_67' title='bbox 1205 882 1438 930; x_wconf 80' lang='lat' dir='ltr'><strong>Peloponne-</strong></span> 
     </span>
     <span class='ocr_line' id='line_1_12' title="bbox 326 951 1439 1007; baseline -0.009 -8"><span class='ocrx_word' id='word_1_68' title='bbox 326 973 407 998; x_wconf 85' lang='lat' dir='ltr'><strong>sum</strong></span> <span class='ocrx_word' id='word_1_69' title='bbox 442 958 772 1007; x_wconf 81' lang='lat' dir='ltr'><strong>circumnavigavit</strong></span> <span class='ocrx_word' id='word_1_70' title='bbox 820 964 857 994; x_wconf 91' lang='lat' dir='ltr'><strong>et</strong></span> <span class='ocrx_word' id='word_1_71' title='bbox 895 954 1113 992; x_wconf 89' lang='lat' dir='ltr'><strong>Methonem</strong></span> <span class='ocrx_word' id='word_1_72' title='bbox 1160 951 1316 990; x_wconf 80' lang='lat' dir='ltr'><strong>tentavit</strong></span> <span class='ocrx_word' id='word_1_73' title='bbox 1334 979 1348 999; x_wconf 89' lang='lat'>‚</span> <span class='ocrx_word' id='word_1_74' title='bbox 1376 962 1439 989; x_wconf 91' lang='lat' dir='ltr'><strong>ve·</strong></span> 
     </span>
     <span class='ocr_line' id='line_1_13' title="bbox 326 1021 1443 1070; baseline -0.011 0"><span class='ocrx_word' id='word_1_75' title='bbox 326 1044 405 1070; x_wconf 82' lang='lat' dir='ltr'><strong>rum</strong></span> <span class='ocrx_word' id='word_1_76' title='bbox 431 1043 470 1068; x_wconf 86' lang='lat' dir='ltr'><strong>ea</strong></span> <span class='ocrx_word' id='word_1_77' title='bbox 494 1029 584 1067; x_wconf 81' lang='lat' dir='ltr'><strong>urbs</strong></span> <span class='ocrx_word' id='word_1_78' title='bbox 611 1027 776 1064; x_wconf 86' lang='lat' dir='ltr'><strong>Brasidae</strong></span> <span class='ocrx_word' id='word_1_79' title='bbox 805 1025 943 1063; x_wconf 88' lang='lat' dir='ltr'><strong>virtute</strong></span> <span class='ocrx_word' id='word_1_80' title='bbox 976 1030 1118 1060; x_wconf 87' lang='lat' dir='ltr'><strong>servata</strong></span> <span class='ocrx_word' id='word_1_81' title='bbox 1149 1030 1221 1060; x_wconf 88' lang='lat' dir='ltr'><strong>est.</strong></span> <span class='ocrx_word' id='word_1_82' title='bbox 1280 1021 1443 1060; x_wconf 86' lang='lat' dir='ltr'><strong>Classia-</strong></span> 
     </span>
     <span class='ocr_line' id='line_1_14' title="bbox 327 1087 1442 1149; baseline -0.011 -10"><span class='ocrx_word' id='word_1_83' title='bbox 327 1102 372 1140; x_wconf 86' lang='lat' dir='ltr'><strong>rii</strong></span> <span class='ocrx_word' id='word_1_84' title='bbox 409 1101 521 1149; x_wconf 86' lang='lat' dir='ltr'><strong>igitur</strong></span> <span class='ocrx_word' id='word_1_85' title='bbox 557 1098 640 1135; x_wconf 91' lang='lat' dir='ltr'><strong>inde</strong></span> <span class='ocrx_word' id='word_1_86' title='bbox 673 1097 889 1140; x_wconf 87' lang='lat' dir='ltr'><strong>solventes,</strong></span> <span class='ocrx_word' id='word_1_87' title='bbox 927 1093 1106 1131; x_wconf 90' lang='lat' dir='ltr'><strong>Eleorum</strong></span> <span class='ocrx_word' id='word_1_88' title='bbox 1143 1087 1272 1129; x_wconf 85' lang='lat' dir='ltr'><strong>urbem</strong></span> <span class='ocrx_word' id='word_1_89' title='bbox 1306 1091 1442 1129; x_wconf 83' lang='lat' dir='ltr'><strong>Pheam</strong></span> 
     </span>
     <span class='ocr_line' id='line_1_15' title="bbox 328 1161 1443 1218; baseline -0.01 -9"><span class='ocrx_word' id='word_1_90' title='bbox 328 1172 506 1218; x_wconf 75' lang='lat' dir='ltr'><strong>capiunt,</strong></span> <span class='ocrx_word' id='word_1_91' title='bbox 552 1167 695 1213; x_wconf 87' lang='lat' dir='ltr'><strong>aliaque</strong></span> <span class='ocrx_word' id='word_1_92' title='bbox 731 1165 769 1202; x_wconf 92' lang='lat' dir='ltr'><strong>in</strong></span> <span class='ocrx_word' id='word_1_93' title='bbox 812 1165 1071 1211; x_wconf 83' lang='lat' dir='ltr'><strong>Peloponneso</strong></span> <span class='ocrx_word' id='word_1_94' title='bbox 1105 1162 1188 1199; x_wconf 90' lang='lat' dir='ltr'><strong>loca</strong></span> <span class='ocrx_word' id='word_1_95' title='bbox 1225 1161 1443 1209; x_wconf 85' lang='lat' dir='ltr'><strong>depopulati</strong></span> 
     </span>
     <span class='ocr_line' id='line_1_16' title="bbox 330 1229 1443 1287; baseline -0.008 -10"><span class='ocrx_word' id='word_1_96' title='bbox 330 1249 418 1277; x_wconf 85' lang='lat' dir='ltr'><strong>sunt</strong></span> <span class='ocrx_word' id='word_1_97' title='bbox 441 1241 536 1287; x_wconf 72' lang='lat'>(2):</span> <span class='ocrx_word' id='word_1_98' title='bbox 566 1247 633 1274; x_wconf 86' lang='lat' dir='ltr'><strong>nec</strong></span> <span class='ocrx_word' id='word_1_99' title='bbox 660 1233 794 1272; x_wconf 87' lang='lat' dir='ltr'><strong>fefellit</strong></span> <span class='ocrx_word' id='word_1_100' title='bbox 813 1232 988 1271; x_wconf 84' lang='lat' dir='ltr'><strong>Periclem</strong></span> <span class='ocrx_word' id='word_1_101' title='bbox 1015 1229 1239 1268; x_wconf 84' lang='lat' dir='ltr'><strong>existimatio</strong></span> <span class='ocrx_word' id='word_1_102' title='bbox 1255 1258 1269 1277; x_wconf 83' lang='lat'><strong>,</strong></span> <span class='ocrx_word' id='word_1_103' title='bbox 1296 1229 1380 1268; x_wconf 83' lang='lat' dir='ltr'><strong>fore</strong></span> <span class='ocrx_word' id='word_1_104' title='bbox 1400 1239 1443 1268; x_wconf 87' lang='lat' dir='ltr'><strong>ut</strong></span> 
     </span>
     <span class='ocr_line' id='line_1_17' title="bbox 331 1299 1443 1356; baseline -0.006 -10"><span class='ocrx_word' id='word_1_105' title='bbox 331 1306 621 1356; x_wconf 79' lang='lat' dir='ltr'><strong>Peloponnesii‚</strong></span> <span class='ocrx_word' id='word_1_106' title='bbox 650 1306 681 1341; x_wconf 87' lang='lat' dir='ltr'><strong>si</strong></span> <span class='ocrx_word' id='word_1_107' title='bbox 716 1304 854 1340; x_wconf 84' lang='lat' dir='ltr'><strong>bellum</strong></span> <span class='ocrx_word' id='word_1_108' title='bbox 882 1302 919 1338; x_wconf 91' lang='lat' dir='ltr'><strong>in</strong></span> <span class='ocrx_word' id='word_1_109' title='bbox 953 1312 1056 1338; x_wconf 87' lang='lat' dir='ltr'><strong>suam</strong></span> <span class='ocrx_word' id='word_1_110' title='bbox 1087 1300 1255 1347; x_wconf 83' lang='lat' dir='ltr'><strong>ipsorum</strong></span> <span class='ocrx_word' id='word_1_111' title='bbox 1288 1299 1443 1348; x_wconf 84' lang='lat' dir='ltr'><strong>patriam</strong></span> 
     </span>
     <span class='ocr_line' id='line_1_18' title="bbox 333 1370 1442 1420; baseline -0.005 -5"><span class='ocrx_word' id='word_1_112' title='bbox 333 1378 539 1416; x_wconf 79' lang='lat' dir='ltr'><strong>traductum</strong></span> <span class='ocrx_word' id='word_1_113' title='bbox 563 1383 660 1412; x_wconf 88' lang='lat' dir='ltr'><strong>esset</strong></span> <span class='ocrx_word' id='word_1_114' title='bbox 675 1402 688 1420; x_wconf 77' lang='lat'>‚</span> <span class='ocrx_word' id='word_1_115' title='bbox 716 1373 820 1410; x_wconf 87' lang='lat' dir='ltr'><strong>brevi</strong></span> <span class='ocrx_word' id='word_1_116' title='bbox 847 1383 893 1410; x_wconf 85' lang='lat' dir='ltr'><strong>ex</strong></span> <span class='ocrx_word' id='word_1_117' title='bbox 913 1371 1039 1408; x_wconf 87' lang='lat' dir='ltr'><strong>Attica</strong></span> <span class='ocrx_word' id='word_1_118' title='bbox 1062 1370 1307 1408; x_wconf 84' lang='lat' dir='ltr'><strong>discederent.</strong></span> <span class='ocrx_word' id='word_1_119' title='bbox 1345 1371 1442 1410; x_wconf 88' lang='lat' dir='ltr'><strong>Nam</strong></span> 
     </span>
     <span class='ocr_line' id='line_1_19' title="bbox 333 1440 1445 1488; baseline -0.005 -4"><span class='ocrx_word' id='word_1_120' title='bbox 333 1448 370 1485; x_wconf 80' lang='lat' dir='ltr'><strong>hi</strong></span> <span class='ocrx_word' id='word_1_121' title='bbox 399 1447 524 1484; x_wconf 83' lang='lat' dir='ltr'><strong>nullos</strong></span> <span class='ocrx_word' id='word_1_122' title='bbox 558 1445 630 1481; x_wconf 85' lang='lat' dir='ltr'><strong>sibi</strong></span> <span class='ocrx_word' id='word_1_123' title='bbox 663 1451 855 1480; x_wconf 81' lang='lat' dir='ltr'><strong>occurrere</strong></span> <span class='ocrx_word' id='word_1_124' title='bbox 881 1440 1073 1486; x_wconf 86' lang='lat' dir='ltr'><strong>videntes,</strong></span> <span class='ocrx_word' id='word_1_125' title='bbox 1101 1440 1232 1477; x_wconf 83' lang='lat' dir='ltr'><strong>itinere</strong></span> <span class='ocrx_word' id='word_1_126' title='bbox 1257 1451 1323 1488; x_wconf 82' lang='lat' dir='ltr'><strong>per</strong></span> <span class='ocrx_word' id='word_1_127' title='bbox 1346 1440 1445 1478; x_wconf 90' lang='lat' dir='ltr'><strong>Oro·</strong></span> 
     </span>
     <span class='ocr_line' id='line_1_20' title="bbox 332 1510 1446 1566; baseline -0.005 -11"><span class='ocrx_word' id='word_1_128' title='bbox 332 1529 419 1566; x_wconf 79' lang='lat' dir='ltr'><strong>puin</strong></span> <span class='ocrx_word' id='word_1_129' title='bbox 446 1515 573 1561; x_wconf 84' lang='lat' dir='ltr'><strong>facto,</strong></span> <span class='ocrx_word' id='word_1_130' title='bbox 603 1514 639 1551; x_wconf 91' lang='lat' dir='ltr'><strong>in</strong></span> <span class='ocrx_word' id='word_1_131' title='bbox 669 1514 852 1550; x_wconf 80' lang='lat' dir='ltr'><strong>Boeotiam</strong></span> <span class='ocrx_word' id='word_1_132' title='bbox 881 1519 1088 1555; x_wconf 81' lang='lat' dir='ltr'><strong>venerunt,</strong></span> <span class='ocrx_word' id='word_1_133' title='bbox 1117 1521 1160 1547; x_wconf 87' lang='lat' dir='ltr'><strong>ex</strong></span> <span class='ocrx_word' id='word_1_134' title='bbox 1182 1521 1254 1557; x_wconf 87' lang='lat' dir='ltr'><strong>qua</strong></span> <span class='ocrx_word' id='word_1_135' title='bbox 1278 1510 1317 1547; x_wconf 88' lang='lat' dir='ltr'><strong>in</strong></span> <span class='ocrx_word' id='word_1_136' title='bbox 1340 1511 1446 1549; x_wconf 80' lang='lat' dir='ltr'><strong>Pelo·</strong></span> 
     </span>
     <span class='ocr_line' id='line_1_21' title="bbox 332 1564 1443 1636; baseline -0.005 -11"><span class='ocrx_word' id='word_1_137' title='bbox 332 1597 540 1636; x_wconf 78' lang='lat' dir='ltr'><strong>ponnesum</strong></span> <span class='ocrx_word' id='word_1_138' title='bbox 564 1581 724 1633; x_wconf 85' lang='lat' dir='ltr'><strong>profecti</strong></span> <span class='ocrx_word' id='word_1_139' title='bbox 740 1611 753 1629; x_wconf 94' lang='lat'>‚</span> <span class='ocrx_word' id='word_1_140' title='bbox 783 1580 920 1628; x_wconf 76' lang='lat' dir='ltr'><strong>singuli</strong></span> <span class='ocrx_word' id='word_1_141' title='bbox 945 1581 981 1617; x_wconf 88' lang='lat' dir='ltr'><strong>in</strong></span> <span class='ocrx_word' id='word_1_142' title='bbox 1002 1591 1088 1617; x_wconf 83' lang='lat' dir='ltr'><strong>suas</strong></span> <span class='ocrx_word' id='word_1_143' title='bbox 1115 1564 1443 1628; x_wconf 74' lang='lat' dir='ltr'><strong>quisqueurbes,¹</strong></span> 
     </span>
    </p>

    <p class='ocr_par' dir='ltr' id='par_1_4' title="bbox 1408 1640 1450 1689">
     <span class='ocr_line' id='line_1_22' title="bbox 1408 1640 1450 1689; baseline 0.024 -1"><span class='ocrx_word' id='word_1_144' title='bbox 1408 1640 1450 1689; x_wconf 72' lang='lat' dir='ltr'><strong>s&#39;e</strong></span> 
     </span>
    </p>

    <p class='ocr_par' dir='ltr' id='par_1_5' title="bbox 375 1759 1452 1804">
     <span class='ocr_line' id='line_1_23' title="bbox 375 1759 1452 1804; baseline -0.01 -9"><span class='ocrx_word' id='word_1_145' title='bbox 375 1769 425 1804; x_wconf 69' lang='lat' dir='ltr'><strong>(x)</strong></span> <span class='ocrx_word' id='word_1_146' title='bbox 441 1768 522 1801; x_wconf 20' lang='lat' dir='ltr'><strong>*Plutl</strong></span> <span class='ocrx_word' id='word_1_147' title='bbox 541 1767 563 1793; x_wconf 92' lang='lat'><strong>1.</strong></span> <span class='ocrx_word' id='word_1_148' title='bbox 584 1766 606 1792; x_wconf 92' lang='lat'><strong>1.</strong></span> <span class='ocrx_word' id='word_1_149' title='bbox 627 1778 663 1784; x_wconf 97' lang='lat'><strong>—</strong></span> <span class='ocrx_word' id='word_1_150' title='bbox 681 1771 717 1790; x_wconf 88' lang='lat' dir='ltr'><strong>an</strong></span> <span class='ocrx_word' id='word_1_151' title='bbox 733 1761 798 1790; x_wconf 85' lang='lat' dir='ltr'><strong>seni</strong></span> <span class='ocrx_word' id='word_1_152' title='bbox 815 1768 878 1795; x_wconf 85' lang='lat' dir='ltr'><strong>ger.</strong></span> <span class='ocrx_word' id='word_1_153' title='bbox 901 1759 941 1787; x_wconf 87' lang='lat' dir='ltr'><strong>sit</strong></span> <span class='ocrx_word' id='word_1_154' title='bbox 969 1766 1048 1793; x_wconf 84' lang='lat' dir='ltr'><strong>resp.</strong></span> <span class='ocrx_word' id='word_1_155' title='bbox 1066 1766 1133 1793; x_wconf 86' lang='lat' dir='ltr'><strong>cap.</strong></span> <span class='ocrx_word' id='word_1_156' title='bbox 1154 1767 1181 1786; x_wconf 65' lang='grc' dir='ltr'><strong>α.</strong></span> <span class='ocrx_word' id='word_1_157' title='bbox 1205 1767 1238 1793; x_wconf 86' lang='lat' dir='ltr'><strong>p.</strong></span> <span class='ocrx_word' id='word_1_158' title='bbox 1261 1763 1330 1796; x_wconf 85' lang='lat'><strong>784.</strong></span> <span class='ocrx_word' id='word_1_159' title='bbox 1351 1761 1386 1787; x_wconf 87' lang='lat' dir='ltr'><strong>D.</strong></span> <span class='ocrx_word' id='word_1_160' title='bbox 1403 1771 1452 1784; x_wconf 71' lang='grc'><strong>.-</strong></span> 
     </span>
    </p>

    <p class='ocr_par' dir='ltr' id='par_1_6' title="bbox 341 1815 1450 1854">
     <span class='ocr_line' id='line_1_24' title="bbox 341 1815 1450 1854; baseline -0.005 -3"><span class='ocrx_word' id='word_1_161' title='bbox 341 1825 426 1851; x_wconf 71' lang='lat' dir='ltr'><strong>conf</strong></span> <span class='ocrx_word' id='word_1_162' title='bbox 443 1824 538 1850; x_wconf 62' lang='lat' dir='ltr'>Thac,</span> <span class='ocrx_word' id='word_1_163' title='bbox 551 1823 570 1849; x_wconf 89' lang='lat'><strong>1.</strong></span> <span class='ocrx_word' id='word_1_164' title='bbox 589 1823 657 1849; x_wconf 79' lang='grc'><strong>1.-</strong></span> <span class='ocrx_word' id='word_1_165' title='bbox 669 1821 693 1848; x_wconf 91' lang='lat'><strong>1.</strong></span> <span class='ocrx_word' id='word_1_166' title='bbox 706 1827 768 1853; x_wconf 82' lang='lat' dir='ltr'><strong>cap.</strong></span> <span class='ocrx_word' id='word_1_167' title='bbox 783 1825 846 1854; x_wconf 76' lang='lat'><strong>143.</strong></span> <span class='ocrx_word' id='word_1_168' title='bbox 860 1831 901 1837; x_wconf 44' lang='grc' dir='ltr'>ω</span> <span class='ocrx_word' id='word_1_169' title='bbox 914 1815 1006 1844; x_wconf 89' lang='lat' dir='ltr'><strong>Diod.</strong></span> <span class='ocrx_word' id='word_1_170' title='bbox 1020 1815 1106 1842; x_wconf 88' lang='lat' dir='ltr'><strong>Sic.l.</strong></span> <span class='ocrx_word' id='word_1_171' title='bbox 1119 1817 1139 1842; x_wconf 88' lang='lat'><strong>1.</strong></span> <span class='ocrx_word' id='word_1_172' title='bbox 1152 1816 1309 1845; x_wconf 65' lang='lat' dir='ltr'><strong>-scholh</strong></span> <span class='ocrx_word' id='word_1_173' title='bbox 1327 1817 1362 1844; x_wconf 86' lang='lat' dir='ltr'><strong>ad</strong></span> <span class='ocrx_word' id='word_1_174' title='bbox 1380 1817 1450 1845; x_wconf 84' lang='lat' dir='ltr'><strong>Ari·</strong></span> 
     </span>
    </p>
   </div>
   <div class='ocr_carea' id='block_1_3' title="bbox 336 1870 1455 2206">
    <p class='ocr_par' dir='ltr' id='par_1_7' title="bbox 336 1870 1452 2092">
     <span class='ocr_line' id='line_1_25' title="bbox 336 1870 1450 1914; baseline -0.007 -6"><span class='ocrx_word' id='word_1_175' title='bbox 336 1881 437 1914; x_wconf 66' lang='lat' dir='ltr'><strong>steph.</strong></span> <span class='ocrx_word' id='word_1_176' title='bbox 458 1880 534 1906; x_wconf 69' lang='lat' dir='ltr'><strong>Rau.</strong></span> <span class='ocrx_word' id='word_1_177' title='bbox 557 1884 801 1910; x_wconf 70' lang='lat' dir='ltr'><strong>v3.1511‚i515.</strong></span> <span class='ocrx_word' id='word_1_178' title='bbox 823 1872 936 1908; x_wconf 87' lang='lat' dir='ltr'><strong>quique</strong></span> <span class='ocrx_word' id='word_1_179' title='bbox 959 1871 1029 1899; x_wconf 79' lang='lat' dir='ltr'><strong>inde</strong></span> <span class='ocrx_word' id='word_1_180' title='bbox 1047 1870 1179 1905; x_wconf 82' lang='lat' dir='ltr'><strong>profecit</strong></span> <span class='ocrx_word' id='word_1_181' title='bbox 1198 1871 1303 1899; x_wconf 84' lang='lat' dir='ltr'><strong>suidas</strong></span> <span class='ocrx_word' id='word_1_182' title='bbox 1322 1871 1352 1899; x_wconf 84' lang='lat' dir='ltr'><strong>in</strong></span> <span class='ocrx_word' id='word_1_183' title='bbox 1371 1880 1450 1900; x_wconf 84' lang='lat' dir='ltr'><strong>voce</strong></span> 
     </span>
     <span class='ocr_line' id='line_1_26' title="bbox 338 1933 1451 1980; baseline -0.009 -8"><span class='ocrx_word' id='word_1_184' title='bbox 338 1943 398 1976; x_wconf 69' lang='grc' dir='ltr'><strong>τῆν</strong></span> <span class='ocrx_word' id='word_1_185' title='bbox 424 1941 485 1980; x_wconf 66' lang='grc' dir='ltr'><strong>’γῆν</strong></span> <span class='ocrx_word' id='word_1_186' title='bbox 510 1936 603 1969; x_wconf 66' lang='lat' dir='ltr'><strong>firm.</strong></span> <span class='ocrx_word' id='word_1_187' title='bbox 633 1938 700 1967; x_wconf 88' lang='lat' dir='ltr'><strong>Vid.</strong></span> <span class='ocrx_word' id='word_1_188' title='bbox 719 1937 808 1965; x_wconf 82' lang='lat' dir='ltr'><strong>etiam</strong></span> <span class='ocrx_word' id='word_1_189' title='bbox 827 1936 880 1963; x_wconf 92' lang='lat' dir='ltr'><strong>sub</strong></span> <span class='ocrx_word' id='word_1_190' title='bbox 911 1941 989 1962; x_wconf 88' lang='lat' dir='ltr'><strong>voce</strong></span> <span class='ocrx_word' id='word_1_191' title='bbox 1010 1934 1088 1970; x_wconf 81' lang='grc' dir='ltr'>Περ.</span> <span class='ocrx_word' id='word_1_192' title='bbox 1112 1946 1149 1953; x_wconf 91' lang='lat'><em>-</em></span> <span class='ocrx_word' id='word_1_193' title='bbox 1171 1933 1283 1966; x_wconf 69' lang='lat' dir='ltr'><strong>Bergm.</strong></span> <span class='ocrx_word' id='word_1_194' title='bbox 1305 1933 1340 1960; x_wconf 86' lang='lat' dir='ltr'><strong>ad</strong></span> <span class='ocrx_word' id='word_1_195' title='bbox 1360 1933 1451 1962; x_wconf 86' lang='lat' dir='ltr'><strong>Isocr.</strong></span> 
     </span>
     <span class='ocr_line' id='line_1_27' title="bbox 340 1988 1452 2035; baseline -0.008 -8"><span class='ocrx_word' id='word_1_196' title='bbox 340 2004 452 2035; x_wconf 79' lang='lat' dir='ltr'><strong>Areop.</strong></span> <span class='ocrx_word' id='word_1_197' title='bbox 477 2008 507 2034; x_wconf 84' lang='lat' dir='ltr'><strong>p.</strong></span> <span class='ocrx_word' id='word_1_198' title='bbox 535 2007 596 2031; x_wconf 81' lang='lat'><strong>¹51·</strong></span> <span class='ocrx_word' id='word_1_199' title='bbox 610 1996 704 2023; x_wconf 85' lang='lat' dir='ltr'><strong>-Ad</strong></span> <span class='ocrx_word' id='word_1_200' title='bbox 723 1996 795 2021; x_wconf 85' lang='lat' dir='ltr'><strong>haec</strong></span> <span class='ocrx_word' id='word_1_201' title='bbox 812 1991 912 2020; x_wconf 80' lang='lat' dir='ltr'><strong>allusit</strong></span> <span class='ocrx_word' id='word_1_202' title='bbox 935 1990 1002 2019; x_wconf 89' lang='lat' dir='ltr'><strong>Cic.</strong></span> <span class='ocrx_word' id='word_1_203' title='bbox 1024 1990 1054 2017; x_wconf 85' lang='lat' dir='ltr'><strong>in</strong></span> <span class='ocrx_word' id='word_1_204' title='bbox 1079 1990 1136 2024; x_wconf 73' lang='lat' dir='ltr'><strong>Ep,</strong></span> <span class='ocrx_word' id='word_1_205' title='bbox 1158 1989 1192 2016; x_wconf 88' lang='lat' dir='ltr'><strong>ad</strong></span> <span class='ocrx_word' id='word_1_206' title='bbox 1214 1990 1277 2018; x_wconf 84' lang='lat' dir='ltr'><strong>Att.</strong></span> <span class='ocrx_word' id='word_1_207' title='bbox 1301 1988 1368 2018; x_wconf 90' lang='lat' dir='ltr'><strong>Lib.</strong></span> <span class='ocrx_word' id='word_1_208' title='bbox 1387 1991 1452 2019; x_wconf 87' lang='lat' dir='ltr'><strong>VII.</strong></span> 
     </span>
     <span class='ocr_line' id='line_1_28' title="bbox 336 2059 441 2092; baseline -0.01 -6"><span class='ocrx_word' id='word_1_209' title='bbox 336 2059 394 2092; x_wconf 76' lang='lat' dir='ltr'><strong>Ep.</strong></span> <span class='ocrx_word' id='word_1_210' title='bbox 415 2069 441 2086; x_wconf 60' lang='grc' dir='ltr'><strong>α.</strong></span> 
     </span>
    </p>

    <p class='ocr_par' dir='ltr' id='par_1_8' title="bbox 347 2103 1455 2206">
     <span class='ocr_line' id='line_1_29' title="bbox 381 2103 1453 2150; baseline -0.009 -10"><span class='ocrx_word' id='word_1_211' title='bbox 381 2113 433 2150; x_wconf 59' lang='grc' dir='ltr'><strong>(ς)</strong></span> <span class='ocrx_word' id='word_1_212' title='bbox 458 2115 535 2141; x_wconf 66' lang='lat' dir='ltr'><strong>plut.</strong></span> <span class='ocrx_word' id='word_1_213' title='bbox 566 2111 595 2138; x_wconf 87' lang='lat' dir='ltr'><strong>in</strong></span> <span class='ocrx_word' id='word_1_214' title='bbox 623 2113 688 2139; x_wconf 75' lang='lat' dir='ltr'><strong>Per.</strong></span> <span class='ocrx_word' id='word_1_215' title='bbox 715 2116 780 2141; x_wconf 77' lang='lat' dir='ltr'><strong>cap.</strong></span> <span class='ocrx_word' id='word_1_216' title='bbox 800 2115 848 2142; x_wconf 75' lang='lat'><strong>34.</strong></span> <span class='ocrx_word' id='word_1_217' title='bbox 866 2113 895 2139; x_wconf 88' lang='lat' dir='ltr'><strong>p.</strong></span> <span class='ocrx_word' id='word_1_218' title='bbox 920 2113 982 2138; x_wconf 81' lang='lat'><strong>170.</strong></span> <span class='ocrx_word' id='word_1_219' title='bbox 1005 2104 1039 2131; x_wconf 92' lang='lat' dir='ltr'><strong>E.</strong></span> <span class='ocrx_word' id='word_1_220' title='bbox 1064 2114 1109 2125; x_wconf 40' lang='grc'><strong>4-</strong></span> <span class='ocrx_word' id='word_1_221' title='bbox 1130 2103 1226 2130; x_wconf 87' lang='lat' dir='ltr'><strong>Thuc.</strong></span> <span class='ocrx_word' id='word_1_222' title='bbox 1246 2103 1287 2131; x_wconf 84' lang='grc' dir='ltr'><strong>Π.</strong></span> <span class='ocrx_word' id='word_1_223' title='bbox 1313 2110 1379 2137; x_wconf 85' lang='lat' dir='ltr'><strong>cap.</strong></span> <span class='ocrx_word' id='word_1_224' title='bbox 1405 2112 1453 2138; x_wconf 75' lang='lat'><strong>23.</strong></span> 
     </span>
     <span class='ocr_line' id='line_1_30' title="bbox 347 2158 1455 2206; baseline -0.01 -8"><span class='ocrx_word' id='word_1_225' title='bbox 347 2181 411 2206; x_wconf 79' lang='lat' dir='ltr'><strong>cap.</strong></span> <span class='ocrx_word' id='word_1_226' title='bbox 432 2179 478 2204; x_wconf 67' lang='lat'><strong>33·</strong></span> <span class='ocrx_word' id='word_1_227' title='bbox 502 2170 593 2196; x_wconf 74' lang='lat' dir='ltr'><strong>Diod.</strong></span> <span class='ocrx_word' id='word_1_228' title='bbox 622 2167 686 2195; x_wconf 75' lang='grc' dir='ltr'><strong>ΧΠ.</strong></span> <span class='ocrx_word' id='word_1_229' title='bbox 711 2173 775 2199; x_wconf 78' lang='lat' dir='ltr'><strong>cap.</strong></span> <span class='ocrx_word' id='word_1_230' title='bbox 794 2173 842 2198; x_wconf 56' lang='grc' dir='ltr'><strong>(ια.</strong></span> <span class='ocrx_word' id='word_1_231' title='bbox 869 2162 930 2196; x_wconf 84' lang='lat' dir='ltr'><strong>sqq.</strong></span> <span class='ocrx_word' id='word_1_232' title='bbox 954 2174 989 2181; x_wconf 93' lang='lat'><strong>—</strong></span> <span class='ocrx_word' id='word_1_233' title='bbox 1018 2161 1164 2194; x_wconf 71' lang='lat' dir='ltr'><strong>Polyaen.</strong></span> <span class='ocrx_word' id='word_1_234' title='bbox 1192 2158 1261 2190; x_wconf 87' lang='lat' dir='ltr'><strong>Lib.</strong></span> <span class='ocrx_word' id='word_1_235' title='bbox 1285 2160 1308 2188; x_wconf 89' lang='lat'><strong>1.</strong></span> <span class='ocrx_word' id='word_1_236' title='bbox 1326 2168 1390 2194; x_wconf 76' lang='lat' dir='ltr'>cap,</span> <span class='ocrx_word' id='word_1_237' title='bbox 1409 2168 1455 2195; x_wconf 79' lang='lat'><strong>37.</strong></span> 
     </span>
    </p>
   </div>
   <div class='ocr_carea' id='block_1_4' title="bbox 348 2228 449 2257">
    <p class='ocr_par' dir='ltr' id='par_1_9' title="bbox 348 2228 449 2257">
     <span class='ocr_line' id='line_1_31' title="bbox 348 2228 449 2257; baseline 0.01 -1"><span class='ocrx_word' id='word_1_238' title='bbox 348 2228 396 2257; x_wconf 70' lang='lat'><strong>51⁰.</strong></span> <span class='ocrx_word' id='word_1_239' title='bbox 423 2237 449 2257; x_wconf 83' lang='lat'><strong>1-</strong></span> 
     </span>
    </p>
   </div>
  </div>
 </body>
</html>
