1523 2745
229 159 278 195 60
453 153 1113 194 COMMENTATIO

227 274 319 311 quas
355 263 588 311 reportavit,
623 264 662 301 in
697 264 835 312 quibus
870 264 1058 302 fortunam
1094 274 1170 302 non
1206 275 1334 313 parum

222 335 438 385 adjutricem
471 342 643 383 expertus
682 333 834 381 fuerat,
869 333 976 372 facile
1021 334 1184 382 superari
1227 343 1336 383 puta-

221 405 286 442 bat
321 408 464 443 summa
499 404 737 442 humanitatis
768 405 874 443 laude
911 404 1006 454 (1);
1047 416 1155 452 quam
1198 405 1262 453 qui
1301 405 1335 443 ei

216 476 439 522 denegaret,
467 474 642 512 inventus
670 483 727 512 est
761 485 884 513 nemo.

711 627 749 673 §.
803 638 842 676 5.

276 773 466 812 Consulto
489 774 584 813 nihil
604 774 818 813 monuimus
843 776 889 813 de
912 775 990 825 ejus
1014 773 1209 823 prudentia
1235 785 1335 812 sum·

224 845 313 891 ma,
340 853 534 893 propterea
568 846 673 893 quod
713 857 752 883 ea
776 844 875 882 tertii
912 845 1055 893 Capitis
1079 843 1227 882 materia
1250 842 1333 881 erit.

223 912 315 951 Non
351 922 471 952 tamen
499 926 702 963 possumus
724 943 737 962 ‚
766 914 857 963 quin
876 915 938 953 hic
960 926 1037 954 eam
1061 914 1200 962 ubique
1224 914 1268 952 ab
1291 924 1336 950 eo

223 993 401 1022 servatam
435 985 704 1033 praedicemus.
770 985 836 1023 Illa
860 985 1065 1023 instructus
1098 994 1134 1023 et
1167 984 1335 1022 hostium

223 1053 346 1091 victor
385 1062 421 1092 et
466 1054 604 1093 civium
643 1056 777 1093 ductor
813 1055 979 1093 exstitit:
1034 1055 1095 1093 illa
1139 1054 1210 1093 sibi
1250 1063 1339 1102 pro-

222 1124 366 1171 spexit,
399 1135 446 1161 ne
479 1125 686 1172 aliquando·
713 1128 852 1163 mutata
877 1127 965 1163 aura
992 1124 1161 1173 populari
1186 1124 1232 1162 ab
1268 1123 1339 1161 ini-

225 1193 331 1232 micis
354 1205 504 1242 pessum
528 1195 687 1232 daretur.
742 1196 974 1241 Argumento
1004 1196 1053 1233 sit
1079 1195 1196 1241 ratio,
1225 1205 1336 1242 quarn

220 1275 240 1300 a
275 1264 406 1301 Phidia
431 1264 548 1301 teneri
575 1264 694 1301 voluit
730 1264 768 1301 in
796 1265 1005 1302 adornanda
1038 1264 1230 1301 Minervae
1264 1271 1339 1301 sta-

223 1333 313 1379 tua,
341 1335 401 1370 cui
440 1345 567 1371 aurum
609 1333 659 1371 ita
685 1334 898 1381 appositum
931 1342 1031 1379 erat,
1067 1341 1110 1371 ut
1148 1332 1257 1370 facile
1281 1343 1340 1370 se-

223 1401 340 1450 parari
368 1410 403 1440 et
437 1403 596 1451 appendi
621 1412 751 1451 posset
784 1402 880 1451 (233
927 1411 965 1441 et
1002 1402 1117 1451 magis
1155 1402 1262 1441 etiam
1295 1403 1342 1441 il·

226 1472 316 1522 lud,
367 1475 469 1519 quod
509 1474 579 1511 sub
620 1473 767 1511 initium
808 1473 896 1511 belli
931 1473 1192 1521 Peloponnesii
1229 1484 1338 1522 agros

225 1555 347 1591 suos,
388 1555 485 1592 quos
522 1545 560 1581 in
601 1543 730 1582 Attica
776 1543 927 1591 regione
971 1543 1156 1590 habebat,
1195 1545 1338 1592 populo

224 1613 402 1660 donavit,
433 1623 479 1651 ne
511 1612 610 1651 forte
645 1613 821 1651 incideret
848 1613 886 1651 in
913 1614 1047 1662 populi
1072 1613 1246 1652 invidiam
1263 1642 1278 1661 ,
1305 1613 1338 1651 si

226 1681 388 1722 hostilis'
414 1684 601 1721 exercitus
635 1684 680 1721 iis
719 1692 881 1732 parceret
908 1685 992 1732 (3).

276 1754 479 1792 Prudenter
512 1765 664 1801 quoque
701 1755 850 1792 modum
885 1754 924 1791 in
966 1754 1121 1792 dicendo
1161 1753 1339 1802 tenebat,

229 1824 295 1872 qui
320 1834 398 1861 non
434 1823 478 1861 de
512 1824 614 1862 omni
639 1835 676 1861 re
711 1824 792 1872 ipse
821 1824 867 1862 ad
885 1825 1067 1873 populum
1096 1824 1207 1862 verba
1229 1822 1341 1862 facie·

228 1893 319 1941 bat,
345 1894 411 1932 sed
441 1894 659 1942 plerumque
682 1893 885 1933 amicorum
910 1894 978 1943 (4)
1009 1894 1181 1933 utebatur
1214 1893 1342 1932 minis-

1287 1971 1343 2001 te-

264 2062 318 2099 (1)
340 2063 422 2091 Plut.
441 2062 512 2091 Per.
534 2065 581 2094 38.

265 2120 320 2157 (2)
341 2119 418 2148 lbid.
439 2126 486 2152 31.

263 2177 318 2214 (3)
337 2176 416 2206 ibid.
441 2186 489 2213 33.

265 2234 318 2272 (4)
340 2235 419 2264 Plnt.
443 2233 536 2269 Reip.
551 2240 615 2268 ger.
632 2233 734 2262 Praec.
760 2240 798 2268 p·
818 2233 889 2263 812.
