1523 2745
272 205 346 243 234
408 194 660 237 coMM.
711 195 1264 247 LtTERAnta„

270 302 365 341 bene
389 303 515 341 merita
535 331 549 350 ‚
576 304 701 352 plures
721 304 767 342 ab
788 305 846 343 his
870 315 1112 345 consecutum
1138 318 1219 346 esse
1247 308 1371 347 hono-

271 384 350 420 res;
380 373 429 411 ita
456 382 496 410 ut
521 373 600 421 ipse
622 386 662 411 ac
688 373 830 422 posteri
851 375 930 423 ejus
945 375 980 413 in
994 376 1173 423 Prytaneo
1199 377 1368 416 alimenta

270 442 420 490 publice
432 443 655 491 acceperint,
683 443 820 481 Verum
839 444 925 482 haec
945 445 991 482 ab
1015 445 1276 484 Ackermauno
1302 448 1370 497 (1)

269 511 365 548 inter
388 514 587 559 permultas
609 511 698 551 istas
708 510 859 551 fabellas
873 512 1085 552 referuntur
1101 543 1114 562 ‚
1128 526 1221 562 quae
1232 543 1246 563 ,
1260 516 1374 555 nullis

268 581 473 629 aequalium
500 581 723 620 testimoniis
742 581 1002 631 confirmatae,
1030 593 1161 632 postea
1184 585 1332 625 demum
1354 598 1375 625 a

270 650 428 689 Medicis
440 679 453 698 ,
464 650 527 698 qui
540 651 779 700 Hippocratis
800 661 935 691 sectam
955 654 1225 701 profitebantur
1240 684 1252 699 ‚
1268 667 1381 695 exco-

269 720 400 768 gitatae
426 730 460 758 et
488 720 594 758 fictae
618 719 799 769 fuerunt,
822 732 887 768 ut,
919 735 997 771 quo
1022 724 1230 772 insigniore
1251 725 1375 775 ipsum

270 788 386 837 gloria
410 787 583 827 floruisse
621 788 704 829 aliis
729 791 947 839 persuadere
978 800 1163 841 possent,
1190 804 1236 833 eo
1260 795 1377 844 majo-

269 869 344 896 rem
372 869 460 897 suae
487 868 606 897 sectae
632 859 868 898 conciliatum
895 859 940 898 iri
967 861 1250 901 arbitrarentur.

318 930 565 969 Athenienses
599 930 806 969 diutissime
850 931 966 979 pestis
1011 932 1213 988 calamitate
1256 933 1378 972 afflicti

270 1010 384 1039 sunt:
437 1011 503 1039 nec
553 1001 752 1048 quidquam
801 1001 996 1049 proderat,
1037 1003 1140 1050 quod
1191 1002 1374 1050 plurimos

269 1071 370 1108 cives
421 1080 466 1108 ex
511 1070 600 1109 urbe
653 1070 690 1108 in
733 1070 985 1119 expeditiones
1038 1073 1284 1121 emitterent;
1336 1072 1378 1110 hi

270 1138 364 1176 enim
404 1139 574 1176 morbum
624 1151 900 1187 quaquaversus
949 1140 1172 1189 afferentes,
1224 1150 1260 1180 et
1304 1142 1377 1191 ipsi

269 1208 399 1246 misere
440 1208 655 1256 perierunt,
700 1218 735 1246 et
776 1210 996 1257 contagione
1034 1222 1098 1250 eos
1137 1210 1377 1259 infecerunt,

272 1278 336 1326 qui
380 1279 498 1316 adhuc
533 1278 648 1326 pestis
684 1278 864 1316 immunes
898 1289 1132 1328 manserant3
1175 1281 1283 1329 quus
1327 1281 1379 1318 rei

271 1348 448 1384 nonnulla
475 1348 637 1394 exempla
659 1347 696 1384 in
720 1356 824 1385 textu
860 1349 1075 1388 memoravi.
1113 1349 1156 1387 In
1182 1350 1272 1387 urbe
1299 1349 1380 1389 lues

270 1416 428 1464 primum
461 1427 526 1464 per
547 1416 731 1455 biennium
758 1417 888 1455 saeviit
906 1445 919 1465 ‚
947 1427 983 1456 et
1017 1429 1238 1467 quamquam
1275 1420 1380 1458 dein·

272 1486 317 1524 de
351 1486 618 1533 aliquantulum
646 1487 767 1524 sedata
803 1496 888 1534 est,
927 1487 1045 1526 hieme
1071 1497 1188 1528 tamen
1221 1490 1377 1539 Olymp.

272 1553 523 1594 LXXXVIII.
566 1569 603 1594 2.
641 1558 689 1595 A.
724 1558 774 1596 C.
818 1570 909 1605 427.
956 1558 1086 1596 iterum
1126 1560 1290 1598 Athenas
1325 1562 1381 1599 in-

274 1626 369 1662 vasit
393 1653 406 1672 ,
470 1636 510 1662 ac
559 1637 623 1673 per
670 1635 789 1665 totum
838 1638 972 1665 annum
1014 1627 1065 1665 ibi
1108 1639 1269 1676 grassata
1308 1640 1383 1670 est.

274 1693 362 1744 Quo
413 1694 543 1732 morbo
600 1695 692 1733 nihil
739 1707 900 1743 unquam
951 1697 1233 1736 Atheniensium
1281 1699 1380 1738 vires

275 1764 388 1812 magis
430 1765 604 1803 attrivit:
654 1776 828 1803 numerus
876 1766 970 1803 enim
1007 1777 1166 1814 eorum,
1217 1769 1282 1816 qui
1319 1780 1385 1807 oc-

275 1834 506 1881 cubuerunt,
564 1843 686 1873 tantus
728 1834 829 1882 fuit,
879 1845 921 1873 ut
959 1847 1003 1875 ex
1049 1836 1215 1885 Hoplitis
1254 1847 1385 1885 quater

274 1905 372 1943 mille
405 1914 440 1942 et
477 1904 760 1953 quadringenti,
808 1916 852 1945 ex
884 1905 1089 1954 Equitibus
1125 1906 1280 1950 trecenti
1318 1919 1386 1948 ex·

1314 1989 1390 2027 spi-

314 2136 364 2174 (ι)
386 2137 420 2165 In
430 2137 548 2168 Fabrici
560 2138 641 2167 Bibl.
661 2138 773 2166 Graeca
791 2138 839 2166 ed.
855 2138 970 2168 Harles.
988 2139 1077 2167 Tom.
1095 2139 1135 2168 11.
1148 2147 1178 2174 p.
1199 2146 1313 2173 512.-—
1325 2140 1384 2167 ve-

276 2201 372 2223 terum
389 2194 568 2231 scriptorum
588 2197 750 2224 nonnullos
770 2197 856 2224 locos
864 2194 987 2230 collegit
999 2195 1223 2230 narthelemyus
1234 2216 1243 2232 ,
1254 2196 1344 2226 Tom.
1362 2198 1386 2227 1.

296 2258 340 2285 ag.
368 2261 434 2288 243·
458 2259 525 2288 sqq.
550 2253 599 2281 ed.
620 2260 647 2281 2.
669 2249 731 2280 Bar.
