1538 2689
566 101 917 146 Mssnlcm
1285 114 1309 151 7

190 211 354 252 chemica
392 210 584 250 acidorum
619 210 793 261 actione3
820 221 979 259 namque
1012 210 1095 249 illae
1122 210 1303 249 solubiles

190 290 283 323 sunt
303 282 343 320 in
366 281 472 321 acido
498 280 666 329 acetico,
693 281 760 320 hae
787 292 864 320 non
892 280 980 319 item
1006 280 1091 329 (ι).

239 351 387 392 Tunica
416 353 561 391 tandem
594 351 723 390 intima
764 359 822 389 est
855 349 1076 398 tenerrima,
1111 349 1300 398 expolita,

185 422 403 472 glaberrima
426 449 441 471 ‚
493 421 595 462 vasis
637 430 673 460 et
719 421 843 460 nervis
896 420 1073 460 destituta
1117 427 1154 457 et
1199 429 1302 457 sero-

188 502 230 531 sa
255 492 341 541 (2).

234 561 378 601 Omnes
407 562 491 601 illae
530 561 676 600 tunicae
709 562 780 600 tela
817 561 996 600 cellulosa
1027 560 1123 599 inter
1148 573 1189 599 se
1211 571 1302 599 con-

178 632 330 681 junctae
376 639 490 680 sunt,
544 643 638 680 quae
679 642 810 681 magna
845 631 1050 679 quantitate
1095 630 1302 670 circumdat

182 702 378 751 arteriam,
418 710 454 740 et
486 703 567 752 ers
600 702 639 740 in
681 701 926 740 substantiam
959 701 1071 739 intrat
1097 701 1181 750 (3).
1232 701 1302 740 Pa·

182 771 294 810 rietes
329 772 542 811 arteriarum
574 783 594 809 e
627 771 789 810 minimis
809 770 908 809 vasis
934 770 1178 817 nutriuntur,
1206 781 1302 817 quae

181 842 242 880 vel
278 852 328 881 ex
361 841 503 880 arteriis
545 841 659 890 ipsis,
707 842 768 879 vel
809 852 856 878 ex
890 841 1031 879 arteriis
1070 840 1300 879 substantiae

180 912 380 949 cellulosae
407 911 582 949 oriuntur
607 918 644 947 et
664 909 828 948 formant
851 910 941 948 retia
965 921 1168 958 vasorum,
1199 922 1300 959 mag-

179 992 227 1022 na
259 990 363 1030 parte
387 981 426 1019 in
459 980 585 1019 tunica
621 989 770 1021 externa
801 979 887 1018 sita.
941 979 1110 1018 Tunicae
1145 992 1299 1029 quoque

178 1051 365 1101 praeditae
395 1058 484 1089 sunt
518 1049 653 1098 venis,
682 1050 782 1088 vasis
817 1049 1054 1099 lymphaticis
1087 1058 1125 1088 et
1148 1051 1297 1098 nervis,

175 1121 487 1171 provenientibus
517 1132 538 1159 a
563 1128 763 1170 systemate
795 1120 1029 1169 gangliorum
1068 1120 1154 1169 (4).
1217 1120 1301 1158 Ho-

176 1203 259 1230 rum
296 1199 420 1230 autem
458 1202 632 1230 vasorum
670 1201 861 1229 concursu
894 1190 940 1228 ad
972 1190 1295 1228 inflammationem

174 1261 432 1311 disponuntur
458 1259 546 1311 (5).

207 1412 263 1452 (1)
282 1413 524 1450 Berzelius,
547 1414 589 1441 im
615 1411 833 1449 Schwaigger’s
848 1412 991 1450 Journal
1009 1411 1071 1449 fiir
1096 1411 1215 1439 Chcmio
1237 1412 1300 1439 und

174 1469 311 1507 Phystk,
331 1472 390 1500 ΛΟ.
411 1474 499 1508 1814.
521 1470 590 1500 ΧΠ.

165 1521 169 1525 ’
208 1525 261 1565 (2)
283 1526 557 1562 sommeringtr,
577 1527 600 1556 1.
620 1527 643 1556 1.
661 1533 694 1562 p.
718 1532 768 1561 57.

209 1582 262 1621 (3)
283 1583 584 1620 Hildebrandt,
603 1584 628 1614 1.
646 1584 670 1613 1.
693 1583 783 1611 band.
804 1582 860 1612 111.
876 1590 910 1618 p-
927 1589 975 1618 72.

209 1641 265 1677 (4)
287 1642 318 1669 S.
341 1641 406 1669 Ch.
435 1641 591 1675 Lucae,
632 1640 784 1677 Quaedam
818 1640 1047 1669 observationes
1084 1647 1172 1669 anat.
1207 1642 1293 1669 circa

168 1705 278 1727 nervos
305 1698 447 1726 arterias
471 1697 640 1733 adeuntes,
661 1697 770 1726 Tranc.
789 1704 817 1726 a.
835 1697 882 1726 M.
899 1699 986 1727 1810.
1009 1706 1039 1734 4.
1083 1697 1202 1728 Reil’s
1227 1700 1294 1727 Ar-

170 1753 254 1791 chiv.
265 1772 277 1789 ‚
299 1753 389 1782 band.
408 1754 459 1784 IX.
479 1757 565 1790 1809.
584 1754 646 1783 tab.
666 1755 720 1785 vl.
749 1754 781 1784 b.

208 1808 261 1848 (5)
281 1809 310 1846 J.
331 1810 367 1839 L.
389 1810 428 1839 C.
450 1811 682 1839 schroeder
701 1818 775 1840 van
795 1811 866 1839 der
886 1812 1013 1848 Kolk‚
1043 1813 1170 1843 observ.
1188 1814 1288 1844 Anat.

166 1860 268 1898 -Pa'tb,
286 1874 320 1896 er
328 1873 437 1904 praet.
453 1877 523 1904 arg.
535 1888 547 1905 ‚
567 1868 641 1898 fasc.
659 1868 684 1897 Ι.
702 1876 732 1904 p.
753 1871 801 1905 48.
825 1868 878 1898 111.
