1523 2745
435 173 941 216 LITERAR1A‚
1196 184 1240 224 91

145 282 223 319 tuin
252 280 427 330 haberetg
457 284 628 333 maJorern
654 285 779 322 saltem
808 283 845 321 in
869 294 913 321 eo
948 282 1064 322 fuisse
1089 277 1249 333 pruden-

145 351 232 390 tii't'rn
255 354 464 400 contendo,
491 365 599 401 quam
625 363 667 392 ut
687 353 831 392 facinus
859 354 1129 399 committeret,
1145 355 1247 401 quod

149 419 332 470 imprimis
361 424 498 461 valeret
534 424 578 461 ad
611 423 737 463 odium
781 424 974 462 universae
1012 423 1191 462 Graeciae
1226 424 1264 462 in

151 490 322 530 auctores
344 491 592 534 excitandum.

640 618 676 665 §a
720 629 779 654 10.

207 771 360 820 Singula
386 774 543 821 exposui
579 772 733 812 consilia
773 773 920 814 Periclis
957 773 1136 821 pontica,
1171 784 1265 820 quae

157 841 304 889 quidem
335 853 498 891 magnam
538 844 696 891 aliquam
729 843 770 881 in
802 843 950 882 civitate
987 843 1060 880 vim
1095 853 1265 880 exercue-
1315 882 1317 884 ,

155 921 257 951 runt.
309 913 428 951 Pauca
468 913 514 950 in.
541 913 754 951 universum
787 914 916 950 addere
949 913 1079 958 lubet,
1108 915 1146 949 in
1185 912 1268 959 qui·

155 982 228 1021 bus
267 984 505 1032 exploretur,
544 984 681 1021 satisne
716 984 777 1021 ille
813 983 998 1020 civitatem
1039 981 1264 1030 praestiterit

156 1063 318 1089 securam
343 1063 362 1089 a
386 1061 487 1089 metu
508 1052 685 1089 hostium.
753 1050 869 1089 Urbis
897 1051 1111 1088 muniendae
1138 1062 1263 1088 curam

156 1119 430 1159 Themistocles
456 1122 524 1168 (1)
547 1119 729 1169 imprimis
762 1119 799 1157 in
832 1131 873 1157 se
898 1127 1133 1167 susceperat:
1164 1120 1266 1167 quod

153 1190 200 1229 ab
236 1198 289 1228 ‘eo
327 1189 494 1227 relictum
540 1197 617 1227 erat
649 1197 867 1237 persecutus
902 1198 958 1227 est
991 1189 1128 1228 Cimon
1165 1191 1262 1238 (α),

157 1258 209 1297 ita
243 1267 285 1296 ut
321 1258 476 1305 Pericli,
503 1267 692 1296 exstructo
728 1261 776 1308 τῷ
809 1260 866 1299 διὰ
893 1260 1002 1308 μέσου
1038 1266 1183 1308 τειχεῖ,
1211 1259 1269 1298 in·

158 1337 301 1377 tegrum
331 1337 430 1367 esset
465 1327 593 1365 urbem
626 1336 756 1365 contra
792 1328 866 1365 vim
897 1328 1062 1365 hostium
1089 1328 1265 1368 munitam

159 1409 335 1437 exornare
379 1407 417 1436 et
450 1398 541 1436 mira
572 1406 648 1435 arte
684 1399 764 1447 eJ'us
797 1399 1011 1445 adspectum
1051 1398 1265 1437 exhilarare.

160 1469 348 1517 Apparuit
382 1468 454 1505 hoc
499 1467 629 1515 primis
665 1467 752 1505 belli
787 1468 1092 1516 Peloponnesiaci
1131 1469 1266 1515 annis,

108 1525 111 1529 ἢ
160 1549 276 1587 quum
304 1538 468 1586 ingentes
506 1537 671 1574 hostium
692 1536 823 1584 copiae
854 1537 899 1574 ad
925 1536 1005 1584 ipsa
1046 1538 1188 1575 moenia
1213 1549 1274 1575 ac·

160 1608 289 1646 cedere
327 1605 408 1644 ausi
446 1617 524 1644 non
556 1614 658 1645 sunt.
730 1606 846 1656 Quod
876 1615 996 1644 autem
1035 1607 1271 1646 advenientes

161 1677 290 1715 hostes
327 1676 482 1714 retinere
521 1687 568 1714 ne
599 1677 817 1725 cogitaverit
865 1676 1043 1724 quidem,
1096 1678 1271 1725 prudenti

161 1745 321 1785 consilio
346 1745 503 1785 factum.
569 1746 692 1784 Probe
725 1746 821 1785 enim
852 1746 988 1785 sciebat
1022 1756 1116 1786 terra
1156 1750 1277 1788 Athe-

165 1816 312 1854 nienses
360 1815 518 1864 impares
561 1827 642 1854 esse
687 1816 1010 1865 Lacedaemoniis,
1060 1820 1274 1868 clademque

164 1886 205 1924 in
237 1885 332 1935 ipsis
377 1885 590 1923 confinibus
628 1886 790 1935 regionis
824 1899 911 1925 suae
946 1897 1132 1936 acceptam
1164 1892 1276 1929 vehe-

165 1964 306 1996 menter
343 1955 539 1996 fracturam
579 1955 717 1995 civium
755 1956 911 1997 animos.
987 1960 1040 1997 At
1078 1970 1195 2008 vero,
1235 1969 1278 1999 ut

1188 2031 1276 2071 olim

209 2139 263 2179 (ι)
282 2142 364 2172 Plut.
384 2142 456 2172 Per.
480 2149 526 2179 ¹9·
548 2142 648 2172 Thuc.
676 2143 704 2173 1.
727 2151 853 2182 90-93.
875 2144 979 2175 schol.
997 2146 1034 2174 ad
1057 2144 1151 2176 Arist.
1168 2146 1282 2183 {Equit-

123 2196 128 2200 ”
170 2205 205 2227 v·
225 2200 297 2228 811·

208 2253 263 2293 ες)
283 2255 359 2285 Plut.
383 2248 463 2288 cim.
488 2263 532 2291 15.
