1507 2876
396 210 923 261 '20R-AT10..
1203 214 1260 259 25

138 338 428 391 Oeconomiae
444 344 592 389 Rurali
618 357 793 404 operam
822 344 1095 398 navantibus,
1127 345 1259 401 aeque

140 436 192 466 ac
214 421 396 467 Scholae
422 429 591 466 nostrae
606 420 891 467 Veterina‘riae
916 422 1114 475 alumnis,
1145 422 1263 470 aliis-

142 510 224 557 que
247 500 344 544 {sive
370 499 440 544 «rei
477 493 658 544 rusticae
696 499 900 553 curiosis,
946 499 1031 544 sive
1067 498 1263 558 agricolis

68 598 76 605 ν
139 575 402 620 utilissimum
431 575 522 620 fieri
551 590 677 635 posse
708 591 937 621 censemus.

160 676 165 681 *
187 653 268 698 De'
290 654 439 698 Museo
469 653 1043 713 Anatomico-pathologico
1075 654 1265 711 quamvis

140 729 246 774 nihil
282 730 504 774 nobiscum
546 731 897 776 communicatum
933 732 1082 786 fuerit,
1111 732 1156 776 id
1193 739 1264 776 ta-

141 821 238 853 men
273 821 605 852 commemorare
636 808 806 862 licebit,
838 808 979 853 omnia
1010 809 1263 868 specimina,

143 898 251 942 quae
289 885 333 928 in
373 885 445 930 illo
487 885 636 930 Museo
674 885 849 939 adsunt,
906 886 1036 930 nitide
1081 887 1262 940 servari,

141 961 319 1019 usuique
346 962 577 1006 studiorum
608 962 771 1021 egregie
800 963 1017 1008 inservire.

199 1038 425 1097 Zoologiae
449 1046 575 1096 atque
594 1039 844 1085 Anatomiae
872 1040 1153 1101 Comparatae
1175 1048 1268 1087 stu-

141 1115 221 1160 diis
251 1115 481 1161 inserviens
510 1118 703 1162 Museum
744 1132 853 1163 nova
889 1117 973 1163 hoc
1004 1119 1126 1164 eliam
1153 1134 1267 1164 anno

140 1192 255 1255 cepit
287 1193 560 1240 incrementa.
623 1195 969 1241 Vertebr'atorum
997 1197 1128 1250 enim,
1157 1212 1266 1255 quae
1304 1253 1309 1257 ἱ

141 1269 362 1325 dicuntur,
391 1272 641 1317 Animalium
667 1288 865 1319 numerus
890 1283 1035 1320 auctus
1056 1276 1134 1319 suit
1152 1290 1266 1319 non-

141 1347 264 1392 nullis
293 1349 581 1394 Mammalium
606 1346 1000 1411 ethmphibiorum
1017 1385 1029 1406 ,
1060 1352 1276 1412 imprimis.

141 1432 245 1470 vero
279 1426 469 1486 plurimis
507 1428 657 1472 Avium
697 1428 1018 1488 speciminibus,
1052 1444 1182 1487 quae,
1216 1445 1266 1474 ex

139 1503 320 1549 Brasilia
357 1512 601 1564 reportata,
654 1513 824 1550 nostrae
858 1506 1111 1551 Academiae
1150 1507 1265 1551 dono

142 1580 258 1625 dedit
296 1581 374 1626 Vir
400 1583 695 1628 Nobilissimus
724 1584 996 1636 Martini,
1026 1584 1070 1627 in
1096 1584 1268 1634 Ameri-

141 1673 217 1704 cae
245 1659 594 1718 Septentrionalis
612 1660 859 1706 Foederatis
888 1661 1150 1720 Regionibus
1170 1662 1264 1706 Au-

82 1746 85 1748 ’
140 1737 367 1796 gustissimi
397 1738 528 1797 Regis
552 1738 686 1783 nostri
717 1739 925 1798 Legatu53
971 1739 1267 1797 cujusmuni-

136 1815 359 1860 ficentiam.
396 1824 518 1875 grato
556 1816 696 1861 animo
734 1824 1141 1870 commemorantes,
1169 1831 1265 1860 ma*-

138 1893 274 1939 ximas
312 1893 435 1938 simul
473 1893 634 1953 agimus
672 1895 830 1952 gratias
859 1895 963 1939 Viro
993 1894 1266 1954 Amplissimo

138 1971 324 2016 Paulo
351 1971 616 2015 Adriano
659 1972 962 2016 Beelaerts
992 1985 1094 2016 van
1125 1971 1266 2016 Oos-

138 2047 386 2106 terwijk‚
424 2047 470 2091 in
497 2048 580 2092 hac
610 2048 716 2093 urbe
745 2049 1034 2108 Magistratui,
1066 2064 1150 2106 quo
1181 2048 1266 2093 im-

139 2124 288 2184 primis
328 2132 499 2170 auctore
539 2125 623 2170 hoc
667 2126 825 2171 donum
864 2126 1120 2172 Academiae
1158 2140 1265 2171 nos-

136 2207 230 2246 trae
260 2201 450 2261 contigit.
1144 2204 1148 2208 ’

198 2278 408 2327 Institutio
433 2280 865 2341 ‘Medico-practica
911 2281 957 2325 in
1003 2279 1261 2327 Nosocomio
