1502 2767
433 139 1031 186 THEOLOGICA.
1224 161 1291 197 119

182 277 209 300 „
233 250 300 294 Ex,
323 262 400 300 quo
416 250 559 303 ,Belgae
582 252 694 292 novis
715 253 941 292 studuerunt
974 255 1087 294 rebus
1101 283 1115 304 ,
1143 258 1289 305 omnia,

181 347 207 372 „
232 332 327 370 quae
357 321 486 361 turbas
514 322 642 362 sedare
667 332 849 372 possent,
887 323 983 372 feci,
1021 335 1058 364 et
1086 327 1131 364 ad
1164 338 1289 374 pacem

181 418 210 440 „
230 394 543 441 conservandam,
564 402 600 432 et
619 394 665 432 ad
683 405 723 432 ea
744 393 944 432 obtinenda
961 423 974 442 ,
1004 406 1098 442 quae
1115 407 1193 433 non
1213 407 1291 434 tan-

179 489 205 512 „
231 470 311 502 tum
337 463 494 514 honori,
523 464 588 502 sed
612 475 766 512 quoque
789 465 899 503 saluti
924 464 1182 503 Neerlandiae
1206 457 1291 514 sep-

179 558 205 582 „
231 533 462 573 tentrionalis
478 561 492 582 ‚
529 534 619 573 mihi
653 534 886 573 fidelissimae
907 563 919 581 ‚
942 535 1145 573 necessaria
1184 543 1286 573 sunt.

177 630 205 654 „
228 603 400 644 Eventus
435 612 555 643 autem
603 616 661 643 me
703 605 864 652 fefellit,
903 614 940 644 et
986 605 1109 644 omnia
1149 604 1288 644 frustra

174 701 201 723 „
224 675 372 714 institui
392 703 407 724 ‚
461 676 508 714 ad
548 676 703 715 dilectos
753 688 855 714 meos
906 676 1009 714 cives
1051 676 1096 714 ab
1146 676 1290 714 incom-

172 771 205 794 „,
225 745 347 784 modis
371 755 407 784 et
429 746 636 794 oneribus,
663 745 737 784 illis
761 746 948 795 impositis
963 758 1169 795 eorumque
1190 746 1290 789 vires,

172 842 198 864 ‚‚
223 816 335 864 longe
354 816 615 864 superantibus
633 844 646 864 ‚
673 816 900 856 liberandos.
950 816 1125 864 Idcirco,
1154 828 1200 855 ne
1221 828 1284 873 pa-

171 914 198 936 „
222 887 292 926 tria
344 887 524 933 intereat,
588 888 670 925 Deo
710 886 847 934 vreique
883 895 1035 924 nostrae
1059 887 1286 936 justissimae

170 983 196 1006 ,‚
220 956 450 996 confidamus
465 984 480 1004 ,
505 957 660 995 etat-mis
679 966 721 994 ea
742 952 853 994 nobis
868 967 1038 1004 paremus
1054 983 1068 1002 ‚
1094 968 1187 1003 quae
1209 967 1285 994 non

170 1025 367 1075 „aliunde
387 1026 570 1074 consequi
602 1027 792 1074 possimus
805 1026 920 1075 ’'(1).
951 1026 1057 1064 Talia
1087 1026 1286 1074 profitetur

167 1104 206 1135 et
235 1095 312 1146 agit
334 1095 510 1145 princeps
540 1096 803 1135 Christianus!
841 1118 895 1126 —
921 1097 1036 1135 Cives
1066 1097 1139 1145 ipsi
1160 1109 1284 1145 ‚quos

162 1176 297 1205 sensus
322 1167 418 1204 alere
453 1167 645 1215 coeperint
664 1195 678 1214 ‚
707 1165 870 1205 breviter
891 1167 1010 1215 adhuc
1037 1178 1281 1214 exponamus.

160 1236 245 1285 Illi,
274 1236 638 1285 quiChristinomen
659 1245 820 1286 gerunt,
849 1236 982 1274 variam
1010 1237 1169 1284 ingressi
1194 1246 1284 1275 sunt

160 1307 274 1347 viam.
328 1308 445 1346 Multi
471 1319 629 1355 eorum,
656 1319 702 1345 ne
715 1307 834 1346 dicam
856 1307 950 1345 hanc
972 1307 1117 1345 illamve
1138 1317 1280 1355 gentem

159 1386 276 1417 totam
292 1405 305 1426 ,
326 1377 438 1417 nimis
464 1379 583 1416 adhuc
611 1377 769 1416 bellandi
794 1378 920 1415 studio
947 1377 1164 1425 indulgent,
1193 1389 1280 1417 v-c.

159 1448 396 1487 Francorum
430 1447 582 1496 plurimi
611 1450 778 1486 nondum
815 1459 835 1485 a
869 1447 967 1485 bello
1005 1448 1112 1486 valde
1144 1448 1282 1486 ahhor-

158 1527 242 1557 rent
259 1546 274 1566 ,
301 1525 338 1556 et
364 1517 457 1556 inter
478 1518 568 1556 alias
591 1526 744 1566 gentes,
780 1528 874 1565 quae
904 1516 1053 1555 clariori
1082 1518 1282 1566 Euangelii

156 1588 329 1628 fruantur
346 1589 432 1626 -luce
446 1615 459 1635 ‚
481 1588 615 1635 multi,
626 1587 777 1626 militiae
789 1585 988 1636 fungentes
1008 1599 1163 1626 munere
1177 1617 1189 1635 ‚
1205 1589 1282 1627 bel-

156 1659 232 1700 lico
255 1658 528 1699 inflammantur
545 1657 695 1706 furore,
721 1669 818 1705 quos
843 1667 965 1696 autem
991 1657 1206 1706 saepissime
1227 1670 1282 1697 re-

156 1730 333 1778 Hgionem
348 1738 512 1768 nostram
525 1728 711 1777 ignorare,
725 1740 801 1766 non
817 1737 874 1767 est
889 1756 902 1775 ,
917 1728 1021 1776 quod
1038 1728 1172 1767 dicam.
1199 1729 1282 1766 Bel·

155 1800 285 1840 licosis
304 1808 425 1840 autem
440 1800 499 1838 his
513 1799 733 1837 hominibus
749 1798 856 1838 multi
872 1798 1042 1847 oppositi
1067 1808 1155 1838 sunt
1178 1799 1279 1849 pacis

154 1871 405 1918 amantiores,
434 1869 693 1917 quimilitaria
720 1869 839 1908 officia
867 1878 1039 1908 recusant
1066 1868 1216 1917 facere,
1244 1879 1278 1909 et
1321 1893 1324 1897 ·

153 1941 306 1981 nomine
327 1941 661 1988 Memnonitarum,
690 1939 949 1990 Quakerormn
964 1967 981 1989 ,
1007 1940 1159 1988 alioque
1189 1942 1282 1990 cog<

1219 2021 1277 2048 m-

190 2124 244 2160 (1)
265 2125 307 2153 Ita
323 2124 355 2152 in
374 2123 509 2160 scripto,
527 2125 610 2159 quod
620 2131 676 2153 rex
691 2123 743 2152 ille
762 2123 859 2153 edidit
878 2132 905 2154 a.
926 2127 1013 2159 1831.
1037 2131 1077 2153 m.
1097 2125 1176 2159 Aug.
1188 2104 1224 2154 (1.ι
1246 2134 1273 2155 1.

152 2180 245 2210 Vidd.
260 2180 363 2209 diaria
380 2181 517 2215 ejusdem
538 2181 608 2221 anni
633 2189 662 2210 e.
685 2189 714 2216 g.
739 2182 870 2209 staats·
881 2182 1019 2210 Caurum
1044 2179 1084 2208 ad
1100 2181 1184 2218 Aug.
1198 2181 1228 2212 d.
1242 2190 1273 2217 3,.

153 2244 184 2266 et
202 2238 371 2266 Bradasche
396 2238 533 2267 Com-ant
555 2239 595 2267 ad
614 2240 697 2275 Aug.
720 2239 751 2267 d.
774 2248 806 2276 4.
