1523 2745
293 148 364 185 226
429 143 682 184 COMM.
737 142 1250 184 LITERARIA.

295 255 360 293 vix
384 261 533 303 putem,
569 252 755 291 Plutarchi
789 252 1033 290 narrationem
1070 260 1141 290 tam
1176 252 1396 300 scrupulose

295 324 412 372 accipi
450 333 646 371 oportere,
688 322 792 369 quasi
836 333 899 370 per
942 333 1016 358 eam
1064 321 1271 368 indicetur,
1310 327 1399 369 po'st

297 393 477 440 Aspasiae
489 391 759 429 accusationem
785 391 994 438 psephisma
1008 391 1052 427 de
1073 391 1259 438 impietate
1274 390 1403 428 aDio-

296 463 399 511 pithe
435 473 515 499 esse
548 461 755 508 scriptum3
816 461 881 497 sed
914 469 1072 508 contra,
1105 472 1218 507 quum
1258 460 1402 499 Anaxa-

297 542 406 580 gorae
440 531 625 568 accusatio
660 529 860 567 narrationi
895 529 940 566 de
967 529 1146 577 Aspasiae
1176 528 1317 578 Judicio
1344 530 1401 568 in·

295 609 538 648 terponatur,
567 599 799 645 existimem,
841 599 927 636 haec
952 598 1075 637 onmia
1114 600 1158 638 ad
1194 600 1288 638 idem
1324 600 1401 638 fere

300 670 480 718 temporis
507 668 665 717 spatium
695 667 882 706 referenda
910 680 1006 708 esse.

346 737 599 787 Anaxagoram
625 747 709 776 tuto
741 749 781 776 se
806 748 1047 786 aggressuros
1070 738 1248 787 putabant
1281 737 1402 777 inimi-

296 809 329 846 ci
345 837 358 856 ,
384 808 558 856 quoniam
583 808 738 846 Pericles
760 835 773 855 ‚
789 807 898 845 rebus
914 808 1075 856 publicis
1103 809 1212 846 unice
1237 819 1370 846 vacans
1385 836 1400 856 ,

297 879 412 926 inque
426 877 568 915 bellicis
592 876 892 925 expeditionibus
904 885 1002 915 extra
1017 878 1182 916 Athenas
1202 886 1370 916 versatus
1385 905 1399 925 ‚

296 948 514 996 Philosophi
539 947 796 985 ‘familiaritate
827 947 949 985 minus
982 959 1090 995 quam
1127 957 1230 986 antea
1273 947 1402 986 uteba-

295 1027 355 1056 tur
393 1018 476 1067 (1).
541 1017 660 1055 Simul
701 1016 915 1062 instabant,
955 1027 997 1055 ut
1030 1018 1188 1056 Pericles
1229 1017 1401 1066 pecunia·

294 1100 404 1134 rum,
432 1087 504 1126 sibi
536 1087 812 1125 commissarum
836 1115 848 1134 ‚
888 1088 986 1135 apud
1019 1088 1195 1134 Prytanes
1237 1087 1398 1125 rationes

293 1158 481 1195 redderet:
536 1157 666 1193 deinde
709 1168 790 1193 eum
831 1167 952 1193 coram
989 1156 1193 1194 Heliastico
1222 1156 1397 1194 tribunali

293 1226 573 1274 repetundarum
605 1225 663 1264 vel
687 1225 840 1275 injuriae
869 1236 1039 1263 accusare
1073 1227 1273 1263 voluerunt
1299 1226 1391 1275 (2):

294 1295 397 1341 quod
418 1303 644 1342 postremum
672 1301 791 1331 tamen
818 1302 953 1331 eventu
978 1294 1138 1331 caruisse
1156 1295 1320 1332 videtur.

343 1362 536 1410 Aspasiam
559 1363 730 1410 precibus
758 1362 991 1410 lacrimisque
1012 1363 1235 1401 damnationi
1259 1364 1394 1413 eripuit

292 1432 470 1480 Pericles3
501 1443 718 1480 quamquam
743 1431 780 1469 id
806 1441 932 1470 contra
947 1434 1068 1480 leges,
1095 1441 1135 1470 ut
1156 1437 1397 1473 testaturAe-

293 1502 440 1539 schines
463 1503 561 1550 apud
583 1501 817 1539 Plutarchum
843 1501 927 1550 (3).
955 1504 1012 1540 Ex
1032 1514 1109 1550 quo
1121 1504 1291 1541 nonnulli
1305 1516 1396 1542 con-

289 1572 456 1620 Jecerunt
473 1599 486 1618 ‚
508 1571 700 1620 Aspasiam
726 1572 999 1609 condemnatam
1019 1571 1136 1610 fuisse
1160 1573 1203 1611 ab
1229 1574 1395 1624 Areopa·

292 1640 446 1688 gitarum
478 1640 638 1690 Judici03
677 1641 763 1686 ubi,
799 1642 832 1679 si
861 1641 945 1689 quis
968 1645 1197 1690 prooemium
1228 1645 1391 1694 diceret,

290 1712 347 1748 vel
371 1710 638 1749 miserationem
654 1720 717 1748 aut
731 1710 1016 1760 indignationem
1035 1723 1165 1751 causae
1177 1714 1365 1752 induceret
1379 1742 1392 1762 ,

1289 1791 1393 1833 prae·-

288 1913 341 1941 dus
370 1912 449 1940 idem
483 1913 518 1941 V.
546 1914 582 1941 c.
612 1911 641 1938 in
670 1911 768 1946 Epist.
798 1913 833 1939 nd
858 1912 1001 1946 Ampliss.
1031 1913 1135 1941 Collot
1156 1913 1320 1950 d’Escury3
1358 1916 1388 1944 in

285 1970 333 1998 (ΣΙ.
359 1968 504 2003 Kampeni
532 1969 640 1996 Museo
658 1969 728 1996 voi.
747 1968 781 1996 X.
802 1968 889 1996 Tom.
908 1969 934 1996 Ι.
957 1977 987 2004 p.
1005 1976 1033 2002 7.

323 2024 374 2061 (ι)
397 2025 492 2058 Hujus
508 2024 553 2052 rei
574 2025 746 2059 exemplum
763 2024 846 2052 dedit
883 2028 961 2056 Plut.
985 2025 1014 2053 in
1032 2026 1100 2056 Per.
1126 2035 1192 2063 cap.
1215 2029 1258 2058 16.
1279 2029 1310 2058 in
1328 2031 1386 2059 fine

283 2089 314 2114 p.
343 2085 408 2111 162.
431 2081 467 2110 C.
490 2095 526 2102 —
545 2081 636 2109 Conf.
656 2083 734 2109 sect.
750 2081 786 2108 11.
807 2081 833 2114 ἢ.
851 2089 880 2116 7.

319 2136 370 2174 (2)
393 2140 470 2167 Plut.
491 2137 522 2165 in
541 2141 608 2167 Per.
632 2146 698 2173 cap·
722 2146 769 2172 32·
792 2146 824 2172 p.
849 2142 915 2175 169.
937 2140 974 2167 Ε.

315 2194 369 2228 (3)
389 2196 421 2222 1η
445 2195 513 2223 Per.
537 2197 558 2222 l.
580 2196 601 2224 1.
625 2209 670 2215 --
693 2194 783 2223 Conf,
807 2195 928 2224 Luciani
951 2197 1070 2225 Amorr.
1094 2204 1160 2232 pag.
1181 2205 1249 2233 43¹·
1270 2200 1312 2229 R.
