<?xml version="1.0" encoding="UTF-8"?>
<!DOCTYPE html PUBLIC "-//W3C//DTD XHTML 1.0 Transitional//EN"
    "http://www.w3.org/TR/xhtml1/DTD/xhtml1-transitional.dtd">
<html xmlns="http://www.w3.org/1999/xhtml" xml:lang="en" lang="en">
 <head>
  <title>
</title>
<meta http-equiv="Content-Type" content="text/html;charset=utf-8" />
  <meta name='ocr-system' content='tesseract 3.04.00' />
  <meta name='ocr-capabilities' content='ocr_page ocr_carea ocr_par ocr_line ocrx_word'/>
</head>
<body>
  <div class='ocr_page' id='page_1' title='image "annalesacademiae33rhen_0066.png"; bbox 0 0 1507 2876; ppageno 0'>
   <div class='ocr_carea' id='block_1_1' title="bbox 239 195 1203 249">
    <p class='ocr_par' dir='ltr' id='par_1_1' title="bbox 239 195 1203 249">
     <span class='ocr_line' id='line_1_1' title="bbox 239 195 1203 249; baseline -0.007 0"><span class='ocrx_word' id='word_1_1' title='bbox 239 204 300 249; x_wconf 81' lang='lat'><strong>26</strong></span> <span class='ocrx_word' id='word_1_2' title='bbox 386 202 474 247; x_wconf 81' lang='grc' dir='ltr'><strong>ΤΗ.</strong></span> <span class='ocrx_word' id='word_1_3' title='bbox 498 199 550 243; x_wconf 88' lang='lat' dir='ltr'><strong>G.</strong></span> <span class='ocrx_word' id='word_1_4' title='bbox 578 210 682 243; x_wconf 73' lang='lat' dir='ltr'><strong>vAN</strong></span> <span class='ocrx_word' id='word_1_5' title='bbox 707 195 890 243; x_wconf 84' lang='lat' dir='ltr'><strong>LIDTH</strong></span> <span class='ocrx_word' id='word_1_6' title='bbox 916 210 982 242; x_wconf 73' lang='lat' dir='ltr'><strong>nn</strong></span> <span class='ocrx_word' id='word_1_7' title='bbox 1009 195 1203 243; x_wconf 82' lang='lat' dir='ltr'><strong>JEUDE</strong></span> 
     </span>
    </p>
   </div>
   <div class='ocr_carea' id='block_1_2' title="bbox 226 324 1359 2009">
    <p class='ocr_par' dir='ltr' id='par_1_2' title="bbox 226 324 1359 2009">
     <span class='ocr_line' id='line_1_2' title="bbox 238 324 1359 383; baseline -0.005 -6"><span class='ocrx_word' id='word_1_8' title='bbox 238 330 516 383; x_wconf 89' lang='lat' dir='ltr'><strong>Academico,</strong></span> <span class='ocrx_word' id='word_1_9' title='bbox 584 335 673 373; x_wconf 89' lang='lat' dir='ltr'><strong>tum</strong></span> <span class='ocrx_word' id='word_1_10' title='bbox 713 340 763 371; x_wconf 86' lang='lat' dir='ltr'><strong>ex</strong></span> <span class='ocrx_word' id='word_1_11' title='bbox 808 324 1125 371; x_wconf 83' lang='lat' dir='ltr'><strong>adventantibus</strong></span> <span class='ocrx_word' id='word_1_12' title='bbox 1166 324 1359 383; x_wconf 78' lang='lat' dir='ltr'><strong>quotidie</strong></span> 
     </span>
     <span class='ocr_line' id='line_1_3' title="bbox 240 402 1355 468; baseline -0.006 -14"><span class='ocrx_word' id='word_1_13' title='bbox 240 407 574 468; x_wconf 83' lang='lat' dir='ltr'><strong>aegrotantibus,</strong></span> <span class='ocrx_word' id='word_1_14' title='bbox 603 404 676 462; x_wconf 92' lang='lat' dir='ltr'><strong>qui</strong></span> <span class='ocrx_word' id='word_1_15' title='bbox 703 402 937 448; x_wconf 86' lang='lat' dir='ltr'><strong>Medicinae</strong></span> <span class='ocrx_word' id='word_1_16' title='bbox 963 403 1233 449; x_wconf 84' lang='lat' dir='ltr'><strong>Professores</strong></span> <span class='ocrx_word' id='word_1_17' title='bbox 1257 402 1355 448; x_wconf 87' lang='lat' dir='ltr'><strong>adi-</strong></span> 
     </span>
     <span class='ocr_line' id='line_1_4' title="bbox 237 480 1354 541; baseline -0.007 -8"><span class='ocrx_word' id='word_1_18' title='bbox 237 503 310 541; x_wconf 86' lang='lat' dir='ltr'><strong>re,</strong></span> <span class='ocrx_word' id='word_1_19' title='bbox 352 498 577 541; x_wconf 85' lang='lat' dir='ltr'><strong>eorumque</strong></span> <span class='ocrx_word' id='word_1_20' title='bbox 612 480 782 527; x_wconf 89' lang='lat' dir='ltr'><strong>consilia</strong></span> <span class='ocrx_word' id='word_1_21' title='bbox 815 486 959 539; x_wconf 86' lang='lat' dir='ltr'><strong>petere</strong></span> <span class='ocrx_word' id='word_1_22' title='bbox 987 481 1142 535; x_wconf 87' lang='lat' dir='ltr'><strong>solent,</strong></span> <span class='ocrx_word' id='word_1_23' title='bbox 1178 487 1268 525; x_wconf 89' lang='lat' dir='ltr'><strong>tum</strong></span> <span class='ocrx_word' id='word_1_24' title='bbox 1301 495 1354 526; x_wconf 87' lang='lat' dir='ltr'><strong>ex</strong></span> 
     </span>
     <span class='ocr_line' id='line_1_5' title="bbox 235 557 1356 620; baseline -0.005 -11"><span class='ocrx_word' id='word_1_25' title='bbox 235 564 344 618; x_wconf 88' lang='lat' dir='ltr'><strong>illis,</strong></span> <span class='ocrx_word' id='word_1_26' title='bbox 377 562 449 620; x_wconf 92' lang='lat' dir='ltr'><strong>qui</strong></span> <span class='ocrx_word' id='word_1_27' title='bbox 476 558 729 605; x_wconf 90' lang='lat' dir='ltr'><strong>Nosocomio</strong></span> <span class='ocrx_word' id='word_1_28' title='bbox 771 564 1036 602; x_wconf 87' lang='lat' dir='ltr'><strong>assumuntur</strong></span> <span class='ocrx_word' id='word_1_29' title='bbox 1069 564 1196 615; x_wconf 90' lang='lat' dir='ltr'><strong>atque</strong></span> <span class='ocrx_word' id='word_1_30' title='bbox 1229 557 1356 603; x_wconf 84' lang='lat' dir='ltr'><strong>alun-</strong></span> 
     </span>
     <span class='ocr_line' id='line_1_6' title="bbox 236 634 1355 693; baseline -0.006 -8"><span class='ocrx_word' id='word_1_31' title='bbox 236 648 333 693; x_wconf 80' lang='lat' dir='ltr'><strong>tur,</strong></span> <span class='ocrx_word' id='word_1_32' title='bbox 363 639 508 683; x_wconf 85' lang='lat' dir='ltr'><strong>eodem</strong></span> <span class='ocrx_word' id='word_1_33' title='bbox 538 635 703 680; x_wconf 86' lang='lat' dir='ltr'><strong>tramite</strong></span> <span class='ocrx_word' id='word_1_34' title='bbox 731 634 822 678; x_wconf 89' lang='lat' dir='ltr'><strong>fieri</strong></span> <span class='ocrx_word' id='word_1_35' title='bbox 851 635 979 688; x_wconf 89' lang='lat' dir='ltr'><strong>solet,</strong></span> <span class='ocrx_word' id='word_1_36' title='bbox 1011 648 1096 691; x_wconf 90' lang='lat' dir='ltr'><strong>quo</strong></span> <span class='ocrx_word' id='word_1_37' title='bbox 1127 634 1250 683; x_wconf 87' lang='lat' dir='ltr'><strong>annis</strong></span> <span class='ocrx_word' id='word_1_38' title='bbox 1276 649 1355 679; x_wconf 88' lang='lat' dir='ltr'><strong>su·-</strong></span> 
     </span>
     <span class='ocr_line' id='line_1_7' title="bbox 234 711 1355 776; baseline -0.005 -15"><span class='ocrx_word' id='word_1_39' title='bbox 234 716 496 776; x_wconf 77' lang='lat' dir='ltr'><strong>perioribu53</strong></span> <span class='ocrx_word' id='word_1_40' title='bbox 525 713 636 757; x_wconf 86' lang='lat' dir='ltr'><strong>uude</strong></span> <span class='ocrx_word' id='word_1_41' title='bbox 672 713 934 756; x_wconf 83' lang='lat' dir='ltr'><strong>fructuosam</strong></span> <span class='ocrx_word' id='word_1_42' title='bbox 962 711 1150 768; x_wconf 88' lang='lat' dir='ltr'><strong>quotidie</strong></span> <span class='ocrx_word' id='word_1_43' title='bbox 1183 711 1355 757; x_wconf 79' lang='lat' dir='ltr'><strong>exhibet</strong></span> 
     </span>
     <span class='ocr_line' id='line_1_8' title="bbox 232 788 1356 842; baseline -0.006 -3"><span class='ocrx_word' id='word_1_44' title='bbox 232 792 470 840; x_wconf 87' lang='lat' dir='ltr'><strong>Medicinae</strong></span> <span class='ocrx_word' id='word_1_45' title='bbox 503 789 703 835; x_wconf 90' lang='lat' dir='ltr'><strong>studiosis</strong></span> <span class='ocrx_word' id='word_1_46' title='bbox 741 789 919 834; x_wconf 89' lang='lat' dir='ltr'><strong>morbos</strong></span> <span class='ocrx_word' id='word_1_47' title='bbox 958 788 1238 842; x_wconf 89' lang='lat' dir='ltr'><strong>observandi,</strong></span> <span class='ocrx_word' id='word_1_48' title='bbox 1283 795 1356 832; x_wconf 89' lang='lat' dir='ltr'><strong>at-</strong></span> 
     </span>
     <span class='ocr_line' id='line_1_9' title="bbox 234 865 1356 929; baseline -0.004 -14"><span class='ocrx_word' id='word_1_49' title='bbox 234 886 315 929; x_wconf 88' lang='lat' dir='ltr'><strong>que</strong></span> <span class='ocrx_word' id='word_1_50' title='bbox 350 869 607 914; x_wconf 88' lang='lat' dir='ltr'><strong>curationem</strong></span> <span class='ocrx_word' id='word_1_51' title='bbox 637 865 892 926; x_wconf 89' lang='lat' dir='ltr'><strong>suscipiendi</strong></span> <span class='ocrx_word' id='word_1_52' title='bbox 915 865 1196 911; x_wconf 84' lang='lat' dir='ltr'><strong>occasionem.</strong></span> <span class='ocrx_word' id='word_1_53' title='bbox 1255 865 1356 913; x_wconf 84' lang='lat' dir='ltr'><strong>Non</strong></span> 
     </span>
     <span class='ocr_line' id='line_1_10' title="bbox 231 943 1359 1004; baseline -0.003 -12"><span class='ocrx_word' id='word_1_54' title='bbox 231 948 394 992; x_wconf 88' lang='lat' dir='ltr'><strong>minore</strong></span> <span class='ocrx_word' id='word_1_55' title='bbox 427 960 528 990; x_wconf 89' lang='lat' dir='ltr'><strong>cura</strong></span> <span class='ocrx_word' id='word_1_56' title='bbox 561 951 709 1004; x_wconf 92' lang='lat' dir='ltr'><strong>partus</strong></span> <span class='ocrx_word' id='word_1_57' title='bbox 742 943 981 1002; x_wconf 83' lang='lat' dir='ltr'><strong>negotium,</strong></span> <span class='ocrx_word' id='word_1_58' title='bbox 1012 950 1138 1001; x_wconf 88' lang='lat' dir='ltr'><strong>atque</strong></span> <span class='ocrx_word' id='word_1_59' title='bbox 1165 956 1359 1002; x_wconf 65' lang='lat' dir='ltr'><strong>puerpe-</strong></span> 
     </span>
     <span class='ocr_line' id='line_1_11' title="bbox 231 1020 1354 1081; baseline -0.004 -12"><span class='ocrx_word' id='word_1_60' title='bbox 231 1038 375 1069; x_wconf 87' lang='lat' dir='ltr'><strong>rarum</strong></span> <span class='ocrx_word' id='word_1_61' title='bbox 412 1023 585 1067; x_wconf 90' lang='lat' dir='ltr'><strong>morbos</strong></span> <span class='ocrx_word' id='word_1_62' title='bbox 623 1021 877 1067; x_wconf 89' lang='lat' dir='ltr'><strong>observandi</strong></span> <span class='ocrx_word' id='word_1_63' title='bbox 918 1020 1215 1081; x_wconf 90' lang='lat' dir='ltr'><strong>opportunitas</strong></span> <span class='ocrx_word' id='word_1_64' title='bbox 1254 1034 1354 1065; x_wconf 85' lang='lat' dir='ltr'><strong>om-</strong></span> 
     </span>
     <span class='ocr_line' id='line_1_12' title="bbox 232 1097 1354 1157; baseline -0.004 -12"><span class='ocrx_word' id='word_1_65' title='bbox 232 1102 356 1145; x_wconf 88' lang='lat' dir='ltr'><strong>nibus</strong></span> <span class='ocrx_word' id='word_1_66' title='bbox 387 1100 467 1144; x_wconf 92' lang='lat' dir='ltr'><strong>illis</strong></span> <span class='ocrx_word' id='word_1_67' title='bbox 503 1099 692 1144; x_wconf 82' lang='lat' dir='ltr'><strong>exhiberi</strong></span> <span class='ocrx_word' id='word_1_68' title='bbox 731 1099 858 1152; x_wconf 89' lang='lat' dir='ltr'><strong>solet,</strong></span> <span class='ocrx_word' id='word_1_69' title='bbox 905 1098 978 1157; x_wconf 93' lang='lat' dir='ltr'><strong>qui</strong></span> <span class='ocrx_word' id='word_1_70' title='bbox 1009 1099 1158 1144; x_wconf 87' lang='lat' dir='ltr'><strong>Artem</strong></span> <span class='ocrx_word' id='word_1_71' title='bbox 1188 1097 1354 1144; x_wconf 87' lang='lat' dir='ltr'><strong>Obste-</strong></span> 
     </span>
     <span class='ocr_line' id='line_1_13' title="bbox 231 1176 1268 1243; baseline -0.003 -20"><span class='ocrx_word' id='word_1_72' title='bbox 231 1179 394 1223; x_wconf 87' lang='lat' dir='ltr'><strong>triciam</strong></span> <span class='ocrx_word' id='word_1_73' title='bbox 425 1176 617 1221; x_wconf 81' lang='lat' dir='ltr'><strong>factitare</strong></span> <span class='ocrx_word' id='word_1_74' title='bbox 648 1176 787 1222; x_wconf 88' lang='lat' dir='ltr'><strong>velint.</strong></span> <span class='ocrx_word' id='word_1_75' title='bbox 1247 1218 1268 1243; x_wconf 71' lang='lat' dir='ltr'><strong>a</strong></span> 
     </span>
     <span class='ocr_line' id='line_1_14' title="bbox 287 1250 1356 1313; baseline -0.004 -14"><span class='ocrx_word' id='word_1_76' title='bbox 287 1256 374 1300; x_wconf 89' lang='lat' dir='ltr'><strong>Tot</strong></span> <span class='ocrx_word' id='word_1_77' title='bbox 408 1254 535 1313; x_wconf 81' lang='lat' dir='ltr'><strong>igitur</strong></span> <span class='ocrx_word' id='word_1_78' title='bbox 568 1261 769 1311; x_wconf 88' lang='lat' dir='ltr'><strong>tantaque</strong></span> <span class='ocrx_word' id='word_1_79' title='bbox 803 1259 926 1307; x_wconf 84' lang='lat' dir='ltr'><strong>sunt,</strong></span> <span class='ocrx_word' id='word_1_80' title='bbox 971 1267 1079 1310; x_wconf 92' lang='lat' dir='ltr'><strong>quae</strong></span> <span class='ocrx_word' id='word_1_81' title='bbox 1104 1250 1356 1297; x_wconf 25' lang='lat' dir='ltr'><strong>*Academia</strong></span> 
     </span>
     <span class='ocr_line' id='line_1_15' title="bbox 229 1328 1351 1390; baseline -0.004 -13"><span class='ocrx_word' id='word_1_82' title='bbox 229 1340 375 1378; x_wconf 85' lang='lat' dir='ltr'><strong>nostra</strong></span> <span class='ocrx_word' id='word_1_83' title='bbox 411 1331 494 1376; x_wconf 91' lang='lat' dir='ltr'><strong>suis</strong></span> <span class='ocrx_word' id='word_1_84' title='bbox 533 1331 732 1384; x_wconf 88' lang='lat' dir='ltr'><strong>alumnis,</strong></span> <span class='ocrx_word' id='word_1_85' title='bbox 761 1329 968 1390; x_wconf 78' lang='lat' dir='ltr'><strong>imprimis</strong></span> <span class='ocrx_word' id='word_1_86' title='bbox 997 1328 1228 1375; x_wconf 87' lang='lat' dir='ltr'><strong>Medicinae</strong></span> <span class='ocrx_word' id='word_1_87' title='bbox 1254 1334 1351 1373; x_wconf 91' lang='lat' dir='ltr'><strong>stu-</strong></span> 
     </span>
     <span class='ocr_line' id='line_1_16' title="bbox 230 1404 1351 1469; baseline -0.004 -14"><span class='ocrx_word' id='word_1_88' title='bbox 230 1409 358 1455; x_wconf 89' lang='lat' dir='ltr'><strong>diosis</strong></span> <span class='ocrx_word' id='word_1_89' title='bbox 398 1409 575 1469; x_wconf 87' lang='lat' dir='ltr'><strong>praebet</strong></span> <span class='ocrx_word' id='word_1_90' title='bbox 609 1407 820 1461; x_wconf 89' lang='lat' dir='ltr'><strong>subsidia,</strong></span> <span class='ocrx_word' id='word_1_91' title='bbox 863 1407 918 1451; x_wconf 89' lang='lat' dir='ltr'><strong>ad</strong></span> <span class='ocrx_word' id='word_1_92' title='bbox 949 1420 1129 1463; x_wconf 90' lang='lat' dir='ltr'><strong>quorum</strong></span> <span class='ocrx_word' id='word_1_93' title='bbox 1167 1404 1351 1463; x_wconf 66' lang='lat' dir='ltr'><strong>diligen-</strong></span> 
     </span>
     <span class='ocr_line' id='line_1_17' title="bbox 229 1481 1349 1545; baseline -0.007 -13"><span class='ocrx_word' id='word_1_94' title='bbox 229 1495 312 1532; x_wconf 89' lang='lat' dir='ltr'><strong>tem</strong></span> <span class='ocrx_word' id='word_1_95' title='bbox 342 1502 462 1531; x_wconf 86' lang='lat' dir='ltr'><strong>usum</strong></span> <span class='ocrx_word' id='word_1_96' title='bbox 498 1486 628 1545; x_wconf 80' lang='lat' dir='ltr'><strong>magis</strong></span> <span class='ocrx_word' id='word_1_97' title='bbox 660 1486 808 1537; x_wconf 88' lang='lat' dir='ltr'><strong>etiam,</strong></span> <span class='ocrx_word' id='word_1_98' title='bbox 848 1483 893 1527; x_wconf 92' lang='lat' dir='ltr'><strong>ni</strong></span> <span class='ocrx_word' id='word_1_99' title='bbox 913 1484 1078 1536; x_wconf 83' lang='lat' dir='ltr'><strong>,fallor‚</strong></span> <span class='ocrx_word' id='word_1_100' title='bbox 1106 1481 1349 1530; x_wconf 85' lang='lat' dir='ltr'><strong>incitabun-</strong></span> 
     </span>
     <span class='ocr_line' id='line_1_18' title="bbox 227 1558 1358 1619; baseline -0.004 -10"><span class='ocrx_word' id='word_1_101' title='bbox 227 1573 324 1619; x_wconf 83' lang='lat' dir='ltr'><strong>tur,</strong></span> <span class='ocrx_word' id='word_1_102' title='bbox 352 1565 397 1609; x_wconf 93' lang='lat' dir='ltr'><strong>in</strong></span> <span class='ocrx_word' id='word_1_103' title='bbox 423 1564 573 1609; x_wconf 88' lang='lat' dir='ltr'><strong>Museo</strong></span> <span class='ocrx_word' id='word_1_104' title='bbox 593 1563 845 1608; x_wconf 90' lang='lat' dir='ltr'><strong>Anatomico</strong></span> <span class='ocrx_word' id='word_1_105' title='bbox 860 1560 1134 1607; x_wconf 86' lang='lat' dir='ltr'><strong>Bleulandino</strong></span> <span class='ocrx_word' id='word_1_106' title='bbox 1160 1558 1358 1617; x_wconf 45' lang='lat' dir='ltr'><strong>quotidie)-</strong></span> 
     </span>
     <span class='ocr_line' id='line_1_19' title="bbox 229 1637 1348 1702; baseline -0.006 -15"><span class='ocrx_word' id='word_1_107' title='bbox 229 1643 561 1702; x_wconf 85' lang='lat' dir='ltr'><strong>contemplantes</strong></span> <span class='ocrx_word' id='word_1_108' title='bbox 608 1640 760 1686; x_wconf 89' lang='lat' dir='ltr'><strong>summi</strong></span> <span class='ocrx_word' id='word_1_109' title='bbox 807 1638 1035 1696; x_wconf 90' lang='lat' dir='ltr'><strong>aliquando</strong></span> <span class='ocrx_word' id='word_1_110' title='bbox 1081 1637 1126 1681; x_wconf 90' lang='lat' dir='ltr'><strong>in</strong></span> <span class='ocrx_word' id='word_1_111' title='bbox 1173 1637 1348 1695; x_wconf 87' lang='lat' dir='ltr'><strong>Europa</strong></span> 
     </span>
     <span class='ocr_line' id='line_1_20' title="bbox 226 1715 1347 1777; baseline -0.007 -13"><span class='ocrx_word' id='word_1_112' title='bbox 226 1720 406 1773; x_wconf 87' lang='lat' dir='ltr'><strong>Medici,</strong></span> <span class='ocrx_word' id='word_1_113' title='bbox 449 1718 751 1764; x_wconf 89' lang='lat' dir='ltr'><strong>Boerhavii</strong></span> <span class='ocrx_word' id='word_1_114' title='bbox 784 1717 940 1777; x_wconf 86' lang='lat' dir='ltr'><strong>pictam</strong></span> <span class='ocrx_word' id='word_1_115' title='bbox 969 1715 1173 1774; x_wconf 84' lang='lat' dir='ltr'><strong>effigiem,</strong></span> <span class='ocrx_word' id='word_1_116' title='bbox 1218 1728 1347 1771; x_wconf 90' lang='lat' dir='ltr'><strong>quam</strong></span> 
     </span>
     <span class='ocr_line' id='line_1_21' title="bbox 228 1791 1359 1855; baseline -0.003 -14"><span class='ocrx_word' id='word_1_117' title='bbox 228 1796 491 1841; x_wconf 89' lang='lat' dir='ltr'><strong>Clarissimus</strong></span> <span class='ocrx_word' id='word_1_118' title='bbox 552 1796 593 1840; x_wconf 91' lang='lat' dir='ltr'>D</span> <span class='ocrx_word' id='word_1_119' title='bbox 612 1795 742 1855; x_wconf 81' lang='lat' dir='ltr'><strong>yliu</strong></span> <span class='ocrx_word' id='word_1_120' title='bbox 760 1810 808 1847; x_wconf 94' lang='lat' dir='ltr'><strong>s,</strong></span> <span class='ocrx_word' id='word_1_121' title='bbox 870 1792 1125 1840; x_wconf 87' lang='lat' dir='ltr'><strong>Academiae</strong></span> <span class='ocrx_word' id='word_1_122' title='bbox 1164 1791 1359 1839; x_wconf 14' lang='lat' dir='ltr'><strong>Rheno—A</strong></span> 
     </span>
     <span class='ocr_line' id='line_1_22' title="bbox 227 1869 1358 1932; baseline -0.004 -13"><span class='ocrx_word' id='word_1_123' title='bbox 227 1873 514 1932; x_wconf 82' lang='lat' dir='ltr'><strong>Trajectinae‚</strong></span> <span class='ocrx_word' id='word_1_124' title='bbox 558 1873 602 1917; x_wconf 92' lang='lat' dir='ltr'><strong>in</strong></span> <span class='ocrx_word' id='word_1_125' title='bbox 648 1889 732 1930; x_wconf 89' lang='lat' dir='ltr'><strong>qua</strong></span> <span class='ocrx_word' id='word_1_126' title='bbox 778 1871 1033 1917; x_wconf 87' lang='lat' dir='ltr'><strong>salutiferam</strong></span> <span class='ocrx_word' id='word_1_127' title='bbox 1078 1876 1213 1914; x_wconf 88' lang='lat' dir='ltr'><strong>artem</strong></span> <span class='ocrx_word' id='word_1_128' title='bbox 1253 1869 1358 1929; x_wconf 88' lang='lat' dir='ltr'><strong>ipse-</strong></span> 
     </span>
     <span class='ocr_line' id='line_1_23' title="bbox 228 1944 1202 2009; baseline -0.006 -14"><span class='ocrx_word' id='word_1_129' title='bbox 228 1951 443 2009; x_wconf 90' lang='lat' dir='ltr'><strong>quondam</strong></span> <span class='ocrx_word' id='word_1_130' title='bbox 482 1951 711 2004; x_wconf 87' lang='lat' dir='ltr'><strong>docuerat,</strong></span> <span class='ocrx_word' id='word_1_131' title='bbox 749 1955 999 1994; x_wconf 89' lang='lat' dir='ltr'><strong>testamento</strong></span> <span class='ocrx_word' id='word_1_132' title='bbox 1035 1944 1202 2005; x_wconf 82' lang='lat' dir='ltr'><strong>legavit.</strong></span> 
     </span>
    </p>
   </div>
   <div class='ocr_carea' id='block_1_3' title="bbox 660 2084 900 2099">
    <p class='ocr_par' dir='ltr' id='par_1_3' title="bbox 660 2084 900 2099">
     <span class='ocr_line' id='line_1_24' title="bbox 660 2084 900 2099; baseline 0 777"><span class='ocrx_word' id='word_1_133' title='bbox 660 2084 900 2099; x_wconf 95' lang='lat' dir='ltr'><strong> </strong></span> 
     </span>
    </p>
   </div>
   <div class='ocr_carea' id='block_1_4' title="bbox 556 2084 1011 2099">
    <p class='ocr_par' dir='ltr' id='par_1_4' title="bbox 556 2084 1011 2099">
     <span class='ocr_line' id='line_1_25' title="bbox 556 2084 1011 2099; baseline 0.002 -3"><span class='ocrx_word' id='word_1_134' title='bbox 556 2087 657 2099; x_wconf 53' lang='grc' dir='ltr'><strong>-αι</strong></span> <span class='ocrx_word' id='word_1_135' title='bbox 907 2084 1011 2098; x_wconf 74' lang='grc'><strong>1-</strong></span> 
     </span>
    </p>
   </div>
   <div class='ocr_carea' id='block_1_5' title="bbox 226 2176 1345 2319">
    <p class='ocr_par' dir='ltr' id='par_1_5' title="bbox 226 2176 1345 2319">
     <span class='ocr_line' id='line_1_26' title="bbox 284 2176 1345 2238; baseline -0.006 -11"><span class='ocrx_word' id='word_1_136' title='bbox 284 2183 340 2227; x_wconf 89' lang='lat' dir='ltr'><strong>Et</strong></span> <span class='ocrx_word' id='word_1_137' title='bbox 373 2181 433 2226; x_wconf 88' lang='lat' dir='ltr'><strong>sic</strong></span> <span class='ocrx_word' id='word_1_138' title='bbox 463 2182 633 2226; x_wconf 89' lang='lat' dir='ltr'><strong>tandem</strong></span> <span class='ocrx_word' id='word_1_139' title='bbox 674 2184 726 2227; x_wconf 82' lang='lat' dir='ltr'><strong>A.</strong></span> <span class='ocrx_word' id='word_1_140' title='bbox 743 2184 795 2227; x_wconf 89' lang='lat' dir='ltr'><strong>A.</strong></span> <span class='ocrx_word' id='word_1_141' title='bbox 810 2181 863 2226; x_wconf 90' lang='lat' dir='ltr'><strong>H.</strong></span> <span class='ocrx_word' id='word_1_142' title='bbox 879 2179 960 2226; x_wconf 92' lang='lat' dir='ltr'><strong>H.!</strong></span> <span class='ocrx_word' id='word_1_143' title='bbox 993 2179 1048 2223; x_wconf 91' lang='lat' dir='ltr'><strong>ad</strong></span> <span class='ocrx_word' id='word_1_144' title='bbox 1088 2176 1345 2238; x_wconf 89' lang='lat' dir='ltr'><strong>jucundissi-</strong></span> 
     </span>
     <span class='ocr_line' id='line_1_27' title="bbox 226 2256 1343 2319; baseline -0.004 -15"><span class='ocrx_word' id='word_1_145' title='bbox 226 2274 338 2304; x_wconf 86' lang='lat' dir='ltr'><strong>mam</strong></span> <span class='ocrx_word' id='word_1_146' title='bbox 374 2259 456 2304; x_wconf 88' lang='lat' dir='ltr'><strong>mei</strong></span> <span class='ocrx_word' id='word_1_147' title='bbox 493 2259 620 2304; x_wconf 86' lang='lat' dir='ltr'><strong>officii</strong></span> <span class='ocrx_word' id='word_1_148' title='bbox 653 2266 818 2319; x_wconf 86' lang='lat' dir='ltr'><strong>partem</strong></span> <span class='ocrx_word' id='word_1_149' title='bbox 851 2256 1072 2318; x_wconf 81' lang='lat' dir='ltr'><strong>perveni03</strong></span> <span class='ocrx_word' id='word_1_150' title='bbox 1133 2262 1179 2302; x_wconf 91' lang='lat' dir='ltr'><strong>ut</strong></span> <span class='ocrx_word' id='word_1_151' title='bbox 1203 2268 1343 2315; x_wconf 82' lang='lat' dir='ltr'><strong>prae-</strong></span> 
     </span>
    </p>
   </div>
  </div>
 </body>
</html>
