1538 2689
411 113 923 154 LITERARIA.
1190 130 1232 157 11

115 223 166 267 tis
191 223 353 263 nominis
364 223 615 264 celebritatem
628 225 784 273 adeptus
798 236 871 264 est.
898 224 1011 273 (Vid.
1030 226 1115 265 Obs.
1130 227 1230 276 IL).

114 296 238 335 Mater
250 306 340 334 vero
351 293 423 332 fuit
434 295 624 344 Agarista‚
639 295 713 333 filia
728 296 987 344 Hippocratis,
1000 296 1232 344 (cumfratre

112 367 310 406 Clisthene
323 393 336 413 ,
366 366 464 413 qui}‚
481 365 689 415 tyrannide-j
702 366 864 404 Athenis
893 366 1037 405 sublata
1052 395 1065 415 ,
1081 379 1231 415 rempu-

112 437 245 476 blicam
257 435 464 484 ordinavit)
489 449 510 475 e
535 437 768 476 nobilissima
788 437 850 474 illa
872 437 1045 484 Agarista
1061 466 1074 485 ‚
1098 438 1232 486 Sicyo-

109 507 164 551 nii
185 507 335 556 tyranni
366 507 469 555 filia,
500 508 683 555 Megaclis
704 507 787 546 filii.
840 508 969 555 Itaque
992 507 1092 555 suit,
1129 509 1231 547 Peri·

108 578 176 617 elis
203 588 319 617 mater
347 578 536 617 Clistheni
568 591 587 616 e
612 578 726 616 fratre
749 578 970 627 neptiso).
1000 579 1113 627 (Vid.
1139 579 1227 618 Obs.

106 649 224 697 HL).
247 649 341 696 Illa,
367 650 454 687 dum
479 660 636 698 puerum
662 650 781 687 adhuc
819 649 857 686 in
891 657 998 687 utero
1032 649 1226 697 gestabat,

105 721 146 759 in
178 720 326 758 somnio
353 719 426 757 sibi
448 719 644 768 videbat-ur
667 720 813 757 leonem
840 719 1058 768 peperisse,
1087 728 1123 757 et
1143 720 1226 757 bre-

104 790 144 829 vi
166 800 259 839 post
283 790 459 829 Periclem
492 791 532 828 in
559 784 679 829 lucem
705 790 848 838 edidit;
878 791 929 828 ita
956 800 998 828 ut
1024 791 1096 840 jam
1124 799 1225 828 ante-

104 873 214 909 quam
251 872 362 900 natus
393 871 519 908 esset,
563 862 734 909 piurimis
767 861 901 899 terrori
946 861 1145 908 evaderet,
1187 870 1224 899 et

103 942 232 979 magna
270 932 431 969 oriretur
463 931 700 980 popularium
736 931 993 979 exspectatio,
1037 932 1134 968 hunc
1165 931 1222 968 in-

98 997 234 1044 fantem
255 1000 452 1047 aliquando
472 1000 710 1038 memorabile
733 1008 770 1038 et
791 1001 1016 1047 praeclarum
1033 1001 1219 1047 quoddam

97 1068 245 1107 facinus
279 1058 510 1118 patratur-um
543 1082 625 1108 esse
649 1071 730 1119 (2).
787 1071 931 1109 Habuit
963 1070 1111 1110 fratrem
1133 1072 1220 1110 Ari-

95 1141 278 1189 phronem
293 1168 306 1187 ,
334 1141 379 1179 ab
401 1152 472 1179 avo
500 1151 653 1189 paterno
674 1141 728 1179 sic
756 1141 895 1179 dictum
917 1142 984 1192 (3)
1002 1170 1014 1189 ,
1031 1151 1067 1179 et
1080 1154 1220 1179 memo-

94 1219 199 1248 ratur
221 1223 332 1249 soror
350 1224 371 1249 a
408 1212 635 1258 Plutarcho,
665 1224 758 1260 quae
788 1222 895 1261 peste
920 1212 1081 1251 Athenis
1116 1225 1217 1262 gras·

94 1290 202 1321 sante
221 1292 367 1320 mortua
394 1291 451 1319 est
475 1283 543 1331 (4)
568 1281 679 1333 (Vid.
709 1282 794 1320 Obs.
818 1281 919 1330 IV).

143 1351 201 1390 De
223 1352 381 1399 pueritia
403 1353 887 1399 adolescentiaquePericlis
912 1354 1109 1391 admodum
1123 1366 1213 1403 pau-

91 1432 135 1459 ca
156 1422 307 1469 cognita
332 1431 446 1469 sunt;
480 1433 604 1470 neque
633 1423 682 1461 ita
717 1435 738 1460 a
759 1423 979 1472 parentibus
1013 1425 1210 1464 institutus

92 1503 173 1534 esse
200 1492 371 1540 videtur,
399 1501 443 1531 ut
478 1495 779 1543 exspectavefis,
817 1495 848 1532 si
874 1495 942 1532 tibi
978 1495 1016 1532 in
1046 1494 1209 1533 animum

1153 1577 1210 1604 re-

88 1678 89 1681 =
129 1657 180 1694 (ι)
202 1659 319 1687 Herod.
343 1659 397 1687 VI.
420 1667 488 1693 cap.
513 1668 577 1694 131.

125 1716 176 1754 (2)
198 1718 275 1746 Plut.
293 1717 410 1745 Herod.
422 1718 456 1746 11.
472 1717 700 1746 cc.-Aristid.
719 1718 851 1753 Sophist.
863 1719 903 1747 11.
919 1728 952 1754 p.
970 1719 1131 1756 143.Jebb.
1154 1719 1207 1747 ubi

85 1774 189 1813 Sehol.
222 1783 339 1804 causam
374 1776 529 1811 explicat,
566 1777 605 1805 ob
636 1784 724 1811 quam
754 1776 887 1805 Pericles
915 1777 950 1804 ab
974 1776 1108 1805 Aristide
1138 1785 1206 1805 cum

86 1833 242 1866 Meleagro
254 1840 456 1874 eomparetur.
477 1835 563 1862 Plura
572 1834 662 1876 habet
672 1833 768 1862 editio
780 1834 964 1862 scholiastae
976 1834 1207 1868 Frommeliana,

83 1904 121 1937 *1³*
131 1901 197 1933 189.
207 1897 347 1928 ——Suitb
358 1897 390 1925 in
397 1906 467 1926 voc.
480 1898 595 1936 Περικ.
608 1912 645 1919 -
654 1900 771 1927 Galeno
783 1898 836 1933 qui
854 1899 930 1927 falso
947 1898 1105 1933 tribuitur,
1117 1898 1204 1927 libel·

83 1961 130 1993 ins
150 1956 181 1994 εἶ,
195 1957 275 1999 ζῶον
291 1958 330 1991 τὸ
355 1960 450 1997 κατὰ
471 1954 635 2000 ysam-piae.
660 1962 692 1990 in
712 1962 773 1990 fine
789 1964 863 1991 haec
880 1963 986 1991 habet:
999 1958 1087 1992 οὔπω
1104 1963 1204 2001 Περι-

83 2021 170 2060 κλῆς
197 2020 336 2064 ἐγένετο
366 2018 559 2064 Ὀλυμπίας
577 2023 635 2057 καὶ
661 2024 765 2056 πᾶσιν
781 2021 925 2066 Φόβερσς
953 2019 985 2062 ἦν
1013 2023 1088 2062 τοῖς
1111 2019 1202 2056 ’Ἑλ-

81 2089 163 2124 λησι
196 2083 254 2120 διὰ
275 2087 321 2120 ,τὸ
343 2085 506 2121 ἐνυπνίου.

118 2144 173 2182 (3)
193 2148 271 2176 Plut.
294 2148 325 2176 in
346 2148 409 2178 Vit.
430 2149 532 2177 Alcib.
550 2157 619 2185 cap.
629 2150 656 2178 1.
673 2158 706 2185 p.
727 2151 836 2187 19¹·F·
849 2158 953 2186 -cap
982 2158 1012 2185 3.
1030 2159 1061 2186 p.
1081 2153 1196 2187 193.A,

116 2203 169 2241 (4)
191 2206 270 2235 Plut.
291 2205 322 2234 in
340 2207 400 2237 t'it.
421 2208 488 2236 Per.
508 2214 576 2243 cap.
593 2209 641 2243 36,
658 2216 691 2243 p.
715 2216 783 2243 172·
805 2209 842 2238 Β.
