1564 2750
78 1653 245 1695 Lxxxvn.

161 1702 189 1726 3.

315 140 362 186 56
567 131 1225 174 COMMENTATIO

314 257 355 285 ac
373 273 385 290 ‚
412 245 497 282 licet
521 244 622 282 cives
648 244 747 283 intus
778 243 991 292 gravissima
1014 245 1102 291 lue,
1130 243 1223 282 foris
1247 241 1421 280 hostibus

317 324 431 352 totam
470 314 633 352 Atticam
665 325 784 360 usque
815 314 862 351 ad
898 312 1099 359 Lamiam,
1133 313 1197 351 ubi
1220 308 1424 361 argentifo-

316 384 420 422 dinae
449 383 541 422 sitae
561 392 690 428 erant,
708 394 884 430 oramque
897 383 1107 421 orientalem
1131 380 1395 422 infestantibus
1410 409 1423 428 ,

319 461 593 501 premerentur,
642 463 705 490 eos
736 453 774 489 in
812 452 905 489 urbe
938 452 1154 498 continuit,
1194 454 1259 490 sed
1292 452 1425 490 iterum

319 523 472 560 classem
509 521 716 568 instruxit,
765 521 810 558 ad
846 521 1143 569 Peloponnesum
1185 521 1429 559 circumnavi-

321 593 502 641 gandam,
529 592 684 641 ejtisque
714 602 797 634 oras
819 591 1075 628 devastandas.
1111 591 1319 629 Constabat
1342 601 1428 628 cen·

321 669 401 699 tum
448 661 604 698 navibus
620 688 633 707 ‚
671 660 809 708 quibus
835 659 925 698 Chii
949 660 1155 708 Lesbiique
1178 660 1428 708 quinquagin-

322 739 358 769 ta
393 731 632 777 addiderant,
669 730 792 777 iisque
841 729 1007 767 collectis
1040 728 1232 777 profectus
1270 728 1426 767 Pericles

322 799 551 848 Epidaurum
591 799 774 845 tentavit,
812 800 876 837 sed
901 811 1015 847 quum
1041 799 1168 837 urbem
1198 808 1328 846 capere
1350 807 1425 835 non

322 878 454 918 posset
469 897 482 916 .,
509 868 604 916 agris
632 868 728 906 circa
747 879 822 906 eam
840 897 854 915 ‚
883 869 1113 906 Troezenem
1132 897 1144 915 ‚
1173 869 1299 906 Halias
1318 877 1430 915 atque

325 938 564 976 Hermionem
602 933 710 985 sitis,
737 938 915 985 vastatis,
956 949 997 976 se
1037 938 1211 984 Prasias,
1250 938 1433 975 Laconiae

325 1007 476 1054 urbem,
504 1008 693 1054 contulit,
720 1015 942 1055 captamque
964 1008 1126 1055 delevit,
1155 1006 1291 1055 quibus
1321 1006 1430 1044 factis

323 1077 452 1114 classis
488 1077 637 1113 domum
668 1076 873 1126 rediit<1).
927 1077 1018 1114 Non
1049 1086 1168 1116 tamen
1197 1077 1355 1126 amplius
1392 1077 1431 1114 in

327 1146 449 1185 Attica
488 1146 729 1184 versabantur
777 1146 1067 1194 Peloponnesii3
1117 1146 1182 1194 qui
1221 1146 1299 1184 suis
1336 1146 1432 1194 ipsis

325 1215 661 1264 possessionibus,
699 1227 826 1253 verum
865 1225 901 1253 et
933 1217 1052 1253 multo
1092 1215 1205 1263 magis
1244 1215 1435 1263 contagio-

326 1299 409 1325 nem
446 1295 678 1333 metuentes,
721 1298 828 1334 quam
869 1286 907 1323 in
934 1287 1025 1324 urbe
1059 1287 1180 1324 adhue
1227 1286 1382 1336 grassari
1418 1298 1437 1323 e

327 1355 529 1406 transfugis
551 1363 804 1405 cognoverant
819 1383 832 1402 ‚
847 1355 1013 1393 celeriter
1039 1367 1058 1392 e
1085 1355 1234 1404 regione
1254 1354 1434 1393 discesse-

328 1435 438 1473 runt;
469 1437 584 1473 quum
632 1436 698 1473 per
730 1424 970 1472 quadraginta
1005 1424 1113 1470 dies,
1153 1435 1230 1472 quo
1270 1433 1435 1472 ternpore

327 1506 516 1543 nunquam
543 1495 685 1533 diutius
707 1493 947 1542 irruptionem
971 1493 1163 1541 fecerunt,
1192 1494 1242 1531 ibi
1271 1504 1440 1542 perman·

331 1574 453 1603 serant
475 1566 560 1614 (ε).
583 1578 586 1581 ’
1452 1562 1456 1563 ’

385 1635 457 1672 Sed
488 1635 631 1672 tandem
661 1634 808 1681 nubes,
837 1646 930 1681 quae
952 1634 1087 1672 sensim
1119 1633 1331 1681 sensimque
1357 1626 1438 1671 sese

335 1716 446 1752 supra
484 1703 633 1742 Periclis
668 1714 778 1752 caput
812 1705 1152 1750 condensaverant‚
1180 1703 1342 1741 tonitrua
1366 1702 1441 1741 ful-

336 1784 502 1822 guraque
529 1773 760 1822 emiserunt3
788 1783 823 1811 et
852 1773 982 1822 populi
1010 1773 1179 1820 animus,
1203 1773 1275 1822 J‘am
1298 1773 1438 1821 pridem

337 1853 464 1885 contra
493 1856 573 1881 eum
601 1844 774 1882 incitatus
793 1871 805 1890 ‚
846 1855 1000 1891 prorsus
1024 1843 1070 1880 ab
1097 1854 1140 1880 eo
1165 1842 1343 1880 alienatus
1368 1851 1438 1881 est.

1294 1911 1442 1962 Quum·

377 2032 427 2070 (ι)
451 2034 527 2062 Plut.
549 2033 578 2060 in
595 2036 660 2063 Per.
679 2042 746 2069 cap.
764 2042 812 2069 35.
830 2033 862 2068 p.
887 2042 950 2068 ¹70·
970 2034 1006 2062 C.
1021 2033 1168 2061 -Thuc.
1187 2033 1226 2061 11.
1246 2040 1314 2068 cap.
1332 2036 1380 2067 56.
1401 2046 1441 2056 —

340 2089 431 2117 Diod.
451 2090 511 2118 Sic.
538 2091 598 2118 1.1.
619 2104 656 2111 -
677 2090 831 2118 confundi
856 2090 976 2118 videtur
1001 2096 1126 2124 utraque
1149 2089 1178 2117 in
1198 2091 1439 2125 Peloponnesum

339 2146 497 2180 expeditio
516 2147 551 2174 ab
571 2146 723 2181 Aristide,
746 2147 838 2175 Tom.
861 2148 900 2176 11.
917 2155 946 2181 p.
968 2155 1033 2183 142.

377 2202 428 2249 (ᾳ)
449 2203 546 2240 Tium.
568 2204 605 2232 ll.
624 2212 689 2238 cap.
712 2207 759 2238 56.
780 2203 831 2232 fin.
850 2211 917 2238 sqq.
935 2218 972 2229 -
995 2202 1088 2232 Diod.
1110 2202 1171 2238 Sic,
1192 2203 1216 2231 l.
1240 2203 1261 2239 ¹.-
