1507 2876
284 217 420 250 XVIII

339 315 712 361 Institutionibus
742 313 929 355 Clinicis
956 311 1217 353 morborum
1243 313 1392 354 inter-

285 403 449 432 norum
477 383 641 430 vacabit
671 378 1217 432 LLVVOLTERREEK,
1249 378 1394 438 singu-

270 458 336 502 iis
360 456 529 509 diebus,
558 454 604 497 in
630 450 885 496 Nosocomio
916 449 1185 494 Academico.
1258 497 1261 499 ,

343 533 525 576 Praxin
557 529 871 582 chirurgicam
901 525 1039 568 tradet
1078 525 1125 569 B.
1141 524 1190 569 F.
1209 524 1398 570 SUER-

286 603 437 654 MAN,
482 606 628 656 quater
652 612 729 655 per
758 597 918 639 dierum
945 595 1280 650 hebdomadem,
1311 595 1398 640 ho-

287 687 336 716 ra
363 670 477 715 VIII.

350 748 649 802 Operationes
709 744 1003 799 chirurgicas
1093 743 1398 788 demonstrabit

287 818 338 864 Β.
357 816 407 861 F.
432 813 716 860 SUERMAN
732 845 743 865 ‚
772 820 964 871 tempore
1000 813 1206 872 hyemali,
1248 821 1399 871 quater

286 902 366 948 per
404 885 561 930 dierum
596 883 931 937 hebdomadem,
962 884 1065 928 hora
1090 885 1140 928 V.

347 963 722 1007 Institutionibas
755 963 801 1003 in
832 970 934 1003 arte
965 964 1258 1019 chirurgica,
1290 975 1402 1019 quo-

291 1034 354 1081 vis
383 1033 476 1087 die,
521 1032 684 1077 vacabit
710 1032 760 1076 B.
778 1031 828 1076 F.
854 1018 1156 1078 sUERMAN.

354 1113 595 1154 Theoriam
625 1111 744 1152 artis
774 1110 1062 1152 obstetriciae
1109 1111 1142 1155 l.
1168 1109 1200 1154 Ῑ.
1223 1109 1402 1156 WOL-

293 1180 596 1234 TERBEEK,
628 1179 695 1223 die
712 1179 879 1234 martis,
908 1179 1012 1226 iovis
1037 1188 1078 1226 et
1099 1180 1287 1232 veneris,
1317 1180 1403 1224 ho-

293 1267 342 1295 ra
368 1252 442 1297 IX.

351 1330 722 1372 Institutionibus
779 1329 1081 1381 obstetriciis,
1172 1330 1404 1384 imprimis

277 1414 280 1419 '
286 1403 544 1459 practicis,
588 1403 634 1444 in
674 1401 938 1442 Nosocomio
977 1400 1196 1442 habendis
1239 1398 1405 1444 vacabit

296 1474 331 1518 Ι.
347 1473 381 1518 Ι.
394 1470 835 1519 WOLTERBEEK.

355 1552 578 1593 Politiam
611 1552 832 1591 medicam
866 1548 1004 1591 tradet
1040 1548 1093 1592 N.
1113 1546 1161 1592 C.
1181 1547 1407 1595 DRFRE-

298 1620 487 1674 MERY,
518 1620 664 1663 diebus
688 1619 882 1663 mercurii
907 1626 946 1663 et
961 1618 1144 1670 saturni,
1168 1618 1282 1662 ‘hora
1292 1618 1405 1663 Vlll.

355 1700 641 1753 Disputancli
681 1696 1073 1749 exercitationibus,
1106 1695 1274 1739 alternis
1297 1695 1410 1739 heb-

300 1767 572 1821 domadibus,
614 1767 881 1811 Professores
921 1766 965 1809 in
999 1766 1214 1810 Facultate
1242 1766 1409 1811 Medica

301 1845 534 1897 praeerunt.
1310 1842 1313 1844 '

357 1914 744 1966 LBLEULAND,
775 1914 870 1958 licet
898 1922 1084 1973 propter,
1114 1921 1289 1958 aetatem
1327 1913 1413 1958 ho-

302 1985 470 2028 norifice
483 1985 586 2028 rude
605 1985 806 2037 donatus,
838 1985 1214 2040 commilitonibus,
1239 1985 1310 2043 qui
1336 2001 1413 2029 ex-

301 2056 564 2117 plicationem
610 2056 909 2100 accuratiorem
947 2057 1221 2115 speciminum
1249 2058 1416 2100 Anato-

294 2127 504 2170 ‘micorum
537 2132 576 2169 et
607 2125 974 2184 Pathologicorum
1016 2128 1058 2170 in
1099 2128 1246 2172 Museo
1281 2142 1411 2186 prae-

248 2252 251 2258 ἱ
303 2197 476 2243 sentium
511 2195 835 2246 desiderabunt,
880 2213 953 2242 sua
996 2198 1162 2252 officia,
1209 2205 1411 2255 quantum

302 2267 494 2315 valetudo
523 2266 759 2325 permittet,
791 2265 933 2312 offert.

1372 2339 1420 2382 In
