1502 2767
266 227 335 275 1¹30
499 215 1155 265 CO-MMENTA'TIO

761 352 796 407 §ss
837 374 874 399 2.

267 476 346 526 Qut
361 477 463 527 apud
480 478 625 529 populos
641 505 653 522 ‚
685 489 753 515 non
791 478 1046 532 Christianos,
1083 481 1205 518 omnia
1226 493 1264 519 eo
1289 490 1367 519 tm-

313 547 448 585 debant
460 576 476 594 ,
502 556 543 585 ut
564 548 721 586 homines
735 575 747 595 ‚
759 561 804 586 ex
813 551 998 600 perversis
1013 579 1025 596 ‚
1039 563 1132 601 quas
1145 549 1316 589 doceren-

356 611 430 653 rtter
442 617 575 665 fovere
586 643 599 662 ,
609 610 797 655 sententiis
812 643 824 663 ‚
839 618 935 655 bella
949 631 1020 656 non
1037 629 1178 669 possent
1200 633 1271 659 non

402 687 524 734 facile
539 689 705 725 excitare
717 715 731 734 ,
749 686 943 737 eademque
955 698 991 725 et
1005 689 1113 726 malis
1133 688 1221 727 duc·

464 759 498 794 ti
507 759 704 808 principiis
721 766 756 795 et
774 759 1000 795 atrocissime
1019 770 1165 808 gerere.

314 887 399 924 Hoc
433 896 473 924 ut
499 887 702 935 probemus
718 914 731 931 ‚
759 899 799 924 ea
824 887 935 924 nobis
967 885 1231 927 consideranda
1253 898 1369 936 sunt,

265 965 358 1001 quae
367 956 537 993 homines
551 956 650 993 varie
669 956 868 994 sentientes
883 956 1040 994 reddunt
1055 965 1090 994 et
1105 968 1231 995 eorum
1252 969 1374 996 mora-

264 1035 335 1062 tam
352 1026 603 1063 conditionem
618 1025 817 1064 informare
839 1028 978 1065 solent.
1005 1027 1079 1065 Pro
1103 1027 1213 1065 variis
1245 1027 1369 1074 enim,

265 1107 354 1142 quas
377 1096 545 1134 homines
575 1096 935 1143 fovent,sententiis
956 1106 994 1135 et
1020 1096 1118 1135 varia
1142 1097 1226 1135 inde
1247 1097 1370 1135 homi-

263 1177 350 1203 num
375 1176 512 1205 morata
548 1166 793 1213 conditione,
837 1168 958 1205 variae
989 1179 1142 1216 quoque
1171 1176 1279 1205 erunt
1303 1166 1373 1204 ho-

262 1237 402 1275 minum
438 1237 483 1274 de
510 1237 608 1275 bello
630 1238 797 1285 gerundo
824 1237 1040 1276 sententiae.

313 1308 396 1345 Huc
422 1307 591 1345 facientia
617 1316 818 1345 occurrunt
837 1307 1009 1356 Religio,
1037 1306 1189 1356 Imperii
1203 1306 1365 1353 forma,

262 1378 377 1427 Leges
404 1386 439 1414 et
470 1378 666 1416 Instituta.

312 1449 354 1485 ld
386 1449 475 1486 adeo
518 1447 630 1485 nobis
676 1446 745 1484 erit
780 1446 1076 1492 ostendendum,
1127 1446 1215 1484 haec
1248 1446 1371 1483 omnia

264 1530 398 1567 pravos
434 1519 625 1556 hominum
665 1516 820 1554 affectus
870 1516 1075 1562 excitasse,
1131 1516 1296 1563 aluisse,
1335 1523 1372 1552 et

263 1589 521 1627 inflammasse.
599 1587 681 1625 Nec
720 1598 835 1624 unum
871 1588 1071 1624 alterumve
1109 1586 1178 1624 erit
1219 1586 1258 1623 in
1298 1596 1384 1623 me-

263 1660 361 1696 dium
391 1657 681 1706 proferendum,
710 1669 754 1695 ex
781 1668 880 1705 qUO,
909 1658 1011 1705 quod
1033 1657 1234 1704 volumus,
1263 1657 1376 1694 maxi-

264 1740 321 1765 me
346 1727 495 1775 probari
529 1736 664 1775 queat3
694 1728 760 1765 sed
791 1738 884 1774 quae
914 1727 1054 1774 ubique
1076 1736 1280 1774 terrarum,
1307 1726 1375 1764 ubi

263 1797 472 1845 Religionis
511 1797 722 1835 Christiana
764 1798 930 1835 doctrina
975 1797 1196 1845 ignoratur,
1247 1796 1374 1836 locum

263 1867 434 1905 habeant.
484 1867 520 1904 T
523 1877 646 1905 autum
679 1877 798 1905 autem
835 1867 964 1913 abest,
994 1875 1036 1904 ut
1063 1867 1124 1904 hic
1154 1868 1263 1905 causa
1292 1866 1376 1904 des-

267 1949 462 1986 peremus,
504 1947 544 1975 ut
577 1937 814 1985 potissimum
853 1948 920 1983 ea.,
960 1949 1051 1984 quae
1089 1937 1187 1985 apud
1220 1925 1403 1985 gentes,⁴

264 2010 308 2046 ab
335 2007 562 2045 humanitate
589 2006 750 2044 nominis
787 2006 1031 2044 celebritatem
1063 2015 1214 2052 nactas,
1248 2007 1393 2043 locum

267 2077 511 2124 obtinebant,
539 2077 799 2126 proferentes,
841 2077 961 2114 thesin
995 2076 1190 2124 probatum
1223 2075 1268 2113 iri
1294 2088 1378 2124 spe-

268 2159 404 2186 remus.
459 2148 595 2196 Neque
631 2157 751 2185 tamen
785 2159 960 2196 negamus
985 2147 1044 2185 hic
1077 2155 1112 2184 et
1140 2145 1237 2192 illic,
1265 2145 1376 2184 variis

266 2218 524 2265 temporibus,
565 2218 601 2254 in
629 2217 738 2255 variis
769 2216 1011 2262 civitatibus,
1046 2215 1175 2253 mellus
1204 2215 1294 2262 quid
1322 2214 1380 2252 in·

269 2288 467 2332 stitutum,
512 2295 547 2323 et
579 2286 747 2323 homines
786 2287 986 2324 nonnullos
1024 2285 1142 2324 fuisse
1178 2292 1375 2334 repertos,

1308 2359 1373 2403 qui
