1507 2876
488 232 870 278 ORATIO,¹
1209 230 1236 273 9

124 362 292 420 uiros,
316 369 403 407 tum
440 360 646 420 imprimis
688 359 956 405 Richeum
987 371 1083 403 van
1114 356 1238 401 Om-

134 433 341 491 meren,
371 437 502 482 virum
533 451 659 480 unum
693 436 737 480 in
764 435 909 495 paucis
943 433 1133 478 doctrina
1170 439 1238 476 at·-

124 524 228 573 iq'ue-
245 513 487 559 eruditione>
501 513 715 571 insignem.

78 634 81 637 ,
121 586 394 649 Ῑ““”Εςῐ·οςίυε
430 590 500 633 hic
531 588 756 647 juventutis
793 588 902 642 dux,
929 595 975 631 ut
1017 588 1239 646 plerosque

135 667 191 712 ad
225 668 374 712 artium
408 674 448 711 et
474 667 687 711 literarum
723 665 859 710 studia
898 664 1134 708 informavit
1172 663 1241 721 ju-

129 758 283 799 venes,
313 743 384 801 qui
423 750 570 802 postea
607 743 650 786 in
687 741 813 787 variis
848 741 1133 786 doctrinarum
1164 756 1241 799 ge·-

135 821 306 866 neribus
343 821 653 873 inclaruerunt,
710 818 768 863 ita
812 826 1001 862 tenerum
1049 832 1240 875 quoque,

137 897 211 942 sed
257 896 423 956 pulchri
449 896 541 952 ,jam
589 896 831 951 venustique
879 909 1002 948 sensu
1044 902 1241 938 aestuan-

83 995 86 998 ·
137 979 244 1026 tem,
285 970 594 1015 Simonidi-s
626 969 763 1031 nostri
791 969 974 1012 animum
1013 969 1068 1012 ad
1098 969 1243 1013 litera-

63 1064 67 1071 ¹
135 1063 231 1092 rum
272 1047 515 1106 elegantiam
548 1053 688 1103 'atque
732 1045 1031 1089 humanitatem
1083 1045 1242 1105 primus

134 1125 326 1169 instit-uit.
387 1125 484 1183 Quo
508 1123 868 1183 praestantissimo
895 1122 985 1166 viro
1014 1122 1119 1166 duce
1148 1137 1242 1166 cum

137 1201 239 1247 alios
260 1209 476 1255 auctores,
512 1208 597 1244 tum
624 1200 850 1259 praecipue
868 1199 1121 1243 *Latinorum
1154 1199 1245 1243 exi-

126 1279 244 1323 *mios
277 1281 447 1338 po'e'tas,
479 1277 794 1335 Virgilium,
823 1277 1110 1329 Tibullum,
1143 1275 1244 1319 Ho-

137 1354 323 1399 ratium
362 1361 403 1398 et
435 1354 555 1412 legit,
599 1361 640 1399 et
676 1353 720 1396 in
765 1353 954 1397 intimam
994 1367 1137 1396 eorum
1178 1353 1246 1396 fa-

125 1431 415 1475 miliaritatem
446 1443 491 1475 se
520 1430 757 1475 insinuavit.
816 1430 885 1474 Ab
917 1430 1000 1473 hoc
1027 1429 1152 1487 igitur
1175 1430 1246 1471 in·-

135 1508 191 1553 de
208 1514 427 1567 tempore,
461 1522 584 1564 quem
615 1522 639 1550 a
675 1508 831 1550 Natura
864 1513 1105 1564 acceperat,
1138 1506 1247 1548 ado-

132 1585 299 1632 lescens
335 1584 459 1637 aluit,
505 1591 545 1627 et
589 1598 667 1642 per
702 1590 852 1626 totam.
879 1583 977 1626 dein.
1134 1582 1244 1626 r'tam

138 1660 343 1721 expressit
372 1675 494 1705 verae
523 1661 706 1705 P-oiiseos
732 1674 932 1703 amorem.

196 1738 263 1782 Ex
296 1737 495 1782 Richei
533 1736 753 1795 disciplina
785 1735 829 1779 in
855 1736 1114 1780 Athenaeum
1138 1738 1247 1780 Am-

140 1814 444 1860 stelodamense
478 1814 722 1865 traductus,
754 1813 1034 1857 studiosorum
1073 1828 1256 1858 numero·

140 1890 376 1949 adscriptus
400 1890 497 1943 fuit,
526 1904 678 1934 annum
702 1889 907 1933 decimum
925 1897 1085 1933 sextum
1106 1905 1246 1948 agens.

139 1966 207 2030 Ibi
242 1973 286 2011 et
311 1966 818 2026 Wyttenbachium
851 1966 1029 2020 audivit,
1064 1967 1247 2012 Graecas

141 2042 397 2100 Latinasque
431 2042 616 2097 Literas,
660 2050 700 2087 et
727 2043 1128 2097 Walravenum,
1173 2044 1249 2087 Li-

139 2127 253 2187 teras
281 2118 541 2173 Orientales,
586 2126 627 2163 et
668 2118 1059 2174 Swindenum,
1099 2120 1249 2164 Philo-

140 2195 332 2255 sophiam
356 2195 589 2240 docentem.
651 2182 734 2253 Qui
759 2195 925 2253 quidem
953 2196 999 2239 in
1026 2211 1100 2240 sua
1128 2198 1248 2254 quis-

141 2287 222 2330 que
259 2271 475 2331 disciplina
511 2272 859 2331 praestantissimi
891 2273 992 2328 viri,
1049 2281 1245 2331 quantam
