1502 2767
415 169 1010 212 THEOLDGICA.
1218 180 1262 216 19

649 283 687 330 ἕ.
727 295 764 320 2.

205 422 348 462 Bellum
385 422 599 462 inevitabile
623 434 696 460 esse
719 417 871 460 videtur'
889 433 935 459 ex
959 421 1042 472 ipsa
1060 420 1214 472 physica

522 491 653 531 mundi
685 491 904 531 conditione.

213 638 425 688 Antequam
465 639 538 677 hoc
581 644 838 686 argumentum
878 647 1067 685 exponere
1101 635 1270 686 aggredi·

163 720 268 757 mur,
292 709 602 758 praemonendum
625 709 794 747 ducimus
812 735 825 755 ‚
851 718 920 745 nos
935 735 948 753 ‚
976 716 1019 745 ut
1042 706 1176 745 deinde
1203 718 1267 754 pa-

163 779 285 827 tebit,
311 791 388 817 non
411 781 500 818 adeo
525 790 697 827 magnum
712 778 798 815 huic
817 776 981 815 tribuere
991 776 1273 826 pretiumsed,

165 860 215 888 ne
247 858 526 898 argumentum,
570 849 672 896 quod
710 846 930 896 philosophi
964 847 1191 892 attulerunt,
1230 854 1275 883 ut

167 921 307 960 bellurn
337 919 464 958 evitari
485 928 563 956 non
586 928 702 965 posse
730 915 956 964 probarent,
985 913 1276 962 praetermittere

168 989 398 1036 videremur,
435 987 527 1025 illud
559 994 597 1024 et
628 985 688 1024 hic
721 986 846 1023 locum
883 983 1049 1022 invenire
1080 993 1277 1033 oportere,

165 1068 311 1108 putare.

216 1127 366 1178 Quodsi
377 1127 422 1165 ad
444 1125 611 1165 omnium
637 1136 758 1163 rerum
773 1133 939 1163 naturam
965 1132 1001 1162 et
1022 1123 1276 1161 conditionem

167 1199 334 1237 attendas
349 1226 362 1246 ‚
378 1197 545 1246 quinque
572 1195 810 1245 potissimum
833 1195 871 1233 in
899 1188 1032 1234 oculor>
1056 1194 1278 1241 incurrunt,

170 1278 190 1305 e
219 1266 357 1315 quibus
385 1265 524 1304 bellurn
541 1293 555 1313 ‚
584 1265 688 1313 quod
710 1263 833 1303 variae
864 1274 989 1313 gentes
1023 1265 1120 1302 inter
1142 1276 1183 1303 se
1217 1275 1282 1313 ge-

168 1345 282 1384 runt,
308 1336 590 1385 phaenomenon
617 1336 882 1382 necessarium‚
921 1336 959 1373 in
994 1335 1087 1383 ipsis
1111 1333 1280 1383 physicis

168 1407 298 1447 mundi
321 1407 467 1457 legibus
489 1406 683 1445 fundatum
705 1434 718 1453 ‚
747 1417 828 1444 esse
854 1404 1033 1447 effeceris.
1090 1404 1187 1443 Sunt
1218 1415 1283 1441 au-

169 1485 245 1516 tem
269 1477 386 1515 haec:
1219 1510 1222 1513 .

225 1546 287 1592 1.)
312 1546 422 1587 Vires
450 1544 583 1596 ubique
607 1543 676 1584 sibi
698 1556 745 1582 ex
777 1542 931 1582 adverso
958 1551 1138 1594 opposttae
1156 1541 1284 1593 depre-

168 1617 399 1656 handuntur.

224 1687 332 1737 Quot
382 1684 480 1724 enim
526 1684 667 1722 faciunt
719 1684 765 1722 ad
802 1683 1136 1732 conjunctionetm
1196 1680 1286 1718 toti·

176 1758 259 1796 dem
302 1756 347 1793 ad
378 1754 667 1804 disjunctionem
711 1753 969 1802 reperiuntur3
1012 1760 1054 1789 ut
1105 1738 1285 1789 elementa³

175 1826 391 1865 consistunt
416 1824 454 1862 vi
474 1822 682 1872 centrifuga
706 1826 742 1861 et'
780 1823 988 1871 centripeta
1007 1851 1019 1869 ,
1055 1821 1109 1859 sic
1146 1829 1185 1858 et
1217 1832 1287 1869 ρο-Δ

173 1897 285 1947 puli,
312 1905 463 1934 naturae
489 1897 589 1944 leges
625 1904 766 1932 mutare
793 1904 870 1932 non
901 1894 1090 1940 valentes,
1125 1892 1290 1940 Jungun·

175 1975 260 2015 tur,
306 1966 372 2004 ubi
413 1965 674 2004 benevolentia
711 1965 770 2002 vel
810 1963 998 2002 commodi
1045 1973 1155 2000 causa
1207 1950 1294 2000 sese¹

176 2048 260 2075 eum
288 2036 368 2074 aliis
388 2038 543 2086 jungere
566 2046 716 2073 necesse
752 2034 987 2082 existimant3
1018 2032 1082 2071 sed
1100 2032 1209 2070 iidem
1235 2031 1290 2069 illi

181 2106 344 2156 populi,
384 2106 418 2144 si
441 2108 500 2144 vel
533 2113 617 2144 ante
647 2105 855 2143 arctissimo
890 2102 1176 2142 necessitudinis
1208 2100 1290 2138 vin-

184 2177 269 2214 cu10
299 2176 418 2226 juncti
437 2175 603 2224 fuerint,
630 2176 695 2214 ubi
724 2176 911 2223 cujusque
944 2174 1104 2213 rationes
1130 2180 1166 2211 et
1189 2183 1291 2211 com-

184 2248 291 2289 moda
324 2259 458 2287 nexum
493 2256 644 2296 vetant,
670 2246 911 2285 divelluntur.

708 2312 739 2354 B
768 2325 792 2354 2·
1232 2310 1294 2360 α.)
