1507 2876
270 237 312 273 18
492 210 1155 269 COMMENTATIO

275 340 471 389 Apostolis
509 341 631 377 datum
660 346 732 375 est.
787 336 840 373 Ita
868 345 904 374 et
930 336 1064 374 Paulus
1093 335 1162 383 (1)
1200 346 1220 372 a
1252 334 1385 373 Chris-

276 411 384 450 tianis
423 421 499 448 non
535 407 740 456 postulavit
778 408 924 453 θλίψιν,
967 414 1009 443 ut
1044 406 1125 443 aliis
1161 406 1278 450 ἄνεσις
1325 404 1387 443 fo-

280 488 335 517 ret
363 481 444 529 (2).
486 476 633 526 Quodsi
666 475 779 524 igitur
815 475 899 521 quis
931 476 1041 513 vitam
1067 484 1232 514 nostram
1261 486 1389 523 aggre-

280 550 409 595 ditur,
449 559 557 595 quam
581 557 678 592 nos,
715 544 791 582 nisi
814 543 892 582 vita
919 544 951 581 ei
980 547 1136 593 erepta,
1170 555 1390 582 conservare

281 619 470 668 possimus
487 646 499 664 ‚
514 624 613 664 patet
629 615 781 653 omnino
794 615 904 652 licere
915 643 928 661 ‚
944 615 1057 652 immo
1085 623 1258 653 nostrum
1282 625 1364 653 esse
1375 643 1389 662 ‚

282 697 325 726 ut
348 696 511 725 nostram
539 687 694 723 saiutem
724 696 896 723 curemus
921 693 958 722 et
981 685 1056 723 vim
1083 686 1121 724 vi
1143 686 1394 734 repellamus,

285 758 366 796 sive
408 767 603 805 aggressor
645 754 795 793 inermis
841 755 995 802 evadat,
1047 755 1156 803 sive,
1210 756 1284 794 nisi
1320 757 1395 794 ulla

282 827 413 866 salutis
448 825 695 875 expediendae
727 825 838 864 nobis
876 825 971 862 ratio
1004 825 1080 873 sit,
1131 825 1203 863 iste
1245 836 1397 864 occum-

283 898 361 935 bat.
399 919 451 927 —
502 896 602 935 Cum
646 906 735 933 vero
772 895 877 934 miles
923 895 963 932 in
1004 895 1103 933 bello
1145 895 1296 934 adhibet
1341 891 1398 933 ai·-

284 978 369 1012 ma,
411 977 506 1012 quae
549 964 727 1003 hostibus
757 973 912 1002 mortem
952 965 1168 1012 minentur,
1204 963 1310 1003 hisce
1340 975 1400 1002 ea-

284 1037 366 1074 dem
403 1044 492 1073 sunt
535 1035 752 1073 adhibenda.
831 1035 928 1073 Nam
974 1034 1163 1080 vidimus,
1215 1032 1400 1072 Christia-

287 1118 377 1144 num
414 1118 496 1144 sese
525 1105 570 1144 ab
608 1106 702 1153 1110,
745 1105 809 1152 qui
846 1105 879 1142 ei
917 1104 1029 1142 vitam
1072 1105 1272 1152 bonaque,
1318 1103 1401 1141 sine

289 1178 428 1226 quibus
466 1177 542 1216 vita
576 1188 653 1214 non
679 1185 735 1214 est
762 1174 911 1222 vitalis,
939 1173 1069 1223 eripiat
1085 1202 1099 1221 ‚
1126 1174 1223 1211 tueri
1245 1173 1401 1211 omnino

289 1248 424 1295 licere,
475 1247 587 1284 immo
624 1246 736 1293 huic,
782 1244 1002 1283 necessitate
1052 1252 1234 1292 urgente,
1285 1242 1401 1282 vitam

290 1318 444 1365 eripere.
496 1317 540 1354 In
569 1316 629 1353 iiia
655 1300 776 1353 rei-um
803 1313 1021 1352 conditione
1054 1313 1200 1361 saepius
1234 1319 1403 1350 versatur

291 1387 556 1434 Christianus,
611 1385 667 1423 uti
700 1395 735 1422 et
771 1385 809 1422 in
844 1384 959 1423 bello,
1038 1383 1167 1430 Itaque
1207 1392 1285 1420 non
1319 1390 1402 1428 est,

293 1458 395 1506 quod
437 1466 517 1494 tum
551 1457 585 1494 ei
622 1467 798 1505 negemus
837 1453 1088 1493 subsidiorum
1137 1463 1273 1500 usum,
1322 1453 1429 1508 qui--

294 1529 365 1566 bus
390 1527 506 1574 solis,
536 1525 704 1573 quamvis
727 1525 788 1563 illa
812 1524 987 1563 hostibus
1013 1531 1171 1560 mortem
1194 1523 1400 1572 instruant,

295 1599 405 1636 vitam
432 1608 653 1636 conservare
679 1595 804 1644 possit
831 1596 915 1645 (3).

333 1754 386 1790 (1)
407 1764 422 1782 2
443 1753 516 1782 Cor.
537 1753 624 1781 VIII.
648 1760 701 1786 13,
726 1760 771 1788 14.

333 1810 384 1848 (2)
404 1811 495 1838 Conf.
518 1808 707 1845 Grotius,
735 1809 771 1837 ad
792 1808 899 1835 Matth.
923 1807 960 1834 V.
983 1815 1031 1841 40.
1052 1813 1084 1840 p.
1109 1808 1175 1840 189.
1205 1811 1263 1832 nec
1285 1811 1348 1832 non
1370 1805 1404 1833 S.

295 1869 335 1896 D.
357 1869 395 1896 de
420 1867 583 1900 Keizer.
605 1868 685 1895 Over
712 1866 746 1893 tle
774 1864 907 1900 Geloofs-
934 1872 969 1890 en
996 1862 1142 1891 cheleer
1158 1870 1218 1890 van
1237 1862 1357 1891 Paulus
1375 1861 1408 1890 in

300 1925 374 1959 Opp.
407 1925 556 1951 Socieatis
584 1925 731 1958 Haganac
765 1920 833 1949 anni
861 1924 943 1955 1817.
971 1928 1001 1954 p.
1023 1921 1099 1954 236,
1121 1908 1195 1955 Ι245,
1216 1919 1284 1948 262.
1318 1919 1412 1949 Vetus

296 1981 414 2012 codex,
433 1980 503 2014 qui:
533 1989 567 2007 ne
586 1979 736 2014 occiano,
758 1977 861 2011 jubet,
883 1975 1020 2012 permisit
1041 1975 1195 2004 nonnullis
1223 1975 1340 2005 casibus
1358 1977 1409 2004 de·

296 2037 467 2064 sensionem
491 2035 537 2064 sui
563 2044 721 2069 armatam,
742 2035 805 2065 vid.
826 2034 926 2062 Exod.
949 2034 1039 2062 XXII.
1064 2044 1092 2063 2.

335 2091 388 2129 (3)
411 2091 504 2121 Cons.
536 2092 659 2121 omnino
693 2091 894 2127 Driseke,
921 2093 943 2119 l.
966 2092 990 2119 1.
1011 2098 1044 2125 p.
1067 2092 1116 2119 σε.
1139 2098 1225 2126 seqq.
1254 2104 1292 2112 —
1318 2091 1411 2119 conf.

297 2149 525 2182 newham,
548 2150 667 2179 Moral.
690 2151 733 2179 11.
757 2159 788 2186 p.
813 2155 877 2180 128.
898 2148 949 2177 ubi
969 2145 999 2187 §.
1024 2157 1092 2177 200.
1116 2147 1175 2183 agit
1201 2148 1239 2176 de
1253 2154 1411 2182 argumen-

299 2216 350 2236 toz
371 2209 437 2236 Wie
459 2207 621 2236 Collisions
635 2207 735 2244 ·fiille
758 2217 796 2236 zu
815 2207 1007 2236 ausscheiden
1024 2214 1122 2242 seyen.

1305 2375 1341 2423 §.
1364 2388 1405 2423 4.
