1502 2767
400 199 1001 239 THEOLOGICA.
1198 208 1268 246 155

141 317 252 361 que,
289 311 323 349 si
355 310 564 351 accuratius
599 309 895 359 investigemus,
947 309 1094 356 qualem
1126 306 1201 344 vim
1228 306 1265 343 in

149 381 341 420 hominum
375 381 421 418 de
456 380 556 418 bello
587 381 755 429 gerundo
785 378 987 418 sententias
1025 377 1268 415 emendandas

140 451 460 490 -Christianismus
499 450 696 497 habuerit,
724 451 823 488 haud
857 461 974 498 pauca
1009 448 1106 485 bona
1144 447 1272 494 depre-

149 521 368 560 hendemus.
432 520 605 560 Primaria
643 521 738 558 enim
783 520 940 569 placita,
979 518 1136 567 ipsaque
1181 517 1269 563 illa,

142 602 245 640 ¹quae
275 591 469 630 hominum
510 592 555 629 de
590 590 689 628 bello
718 591 884 640 gerundo
916 589 1118 628 sententias
1150 599 1273 625 emen-

148 662 235 700 dare
271 663 422 708 valent,
480 671 700 701 conservata
752 669 870 699 erant.
936 659 1271 707 Promulgabantur

149 732 283 781 placita
315 733 362 770 de
389 733 472 771 Deo
509 744 584 771 uno
618 742 742 780 eoque
774 732 912 781 justo,
953 738 1113 786 sancto,
1150 728 1272 766 onmi-

147 802 258 849 scio,
286 802 473 850 benign03
501 803 548 840 de
567 802 660 850 Jesu
686 801 843 841 Christo
871 800 1043 837 homines
1061 827 1073 846 ,
1101 800 1167 847 qui
1192 810 1274 836 om-

149 883 215 911 nes
241 881 330 911 sunt
352 881 591 922 peccatores,
619 871 847 916 redimente3
879 871 924 907 de
948 869 1113 906 omnium
1140 879 1274 915 aequa-

145 941 275 991 litate3
304 943 349 981 de
376 942 452 980 vita
478 950 567 990 post
597 950 779 988 mortemg,
807 940 852 977 de
885 940 953 976 hac
988 939 1064 976 vita
1098 938 1136 975 in
1167 938 1271 976 futu-

146 1023 221 1050 ram
259 1011 578 1061 peregrinatione:
638 1021 706 1048 nec
746 1020 823 1047 non
862 1017 1057 1057 praecepta
1090 1007 1270 1054 moralia,

147 1081 344 1118 obscurata
380 1083 450 1119 etsi
478 1089 514 1118 et
538 1081 761 1128 depravata,
788 1080 833 1117 de
863 1090 988 1118 amore
1026 1089 1110 1127 erga
1139 1089 1267 1116 ornnes

142 1151 315 1189 homines
330 1179 343 1198 ‚
372 1151 416 1188 de
440 1149 681 1199 temperantia
705 1159 740 1188 et
765 1150 966 1198 aequitate.
1018 1149 1128 1188 Licet
1149 1149 1269 1186 medio

144 1231 236 1258 aevo
273 1221 426 1269 proprie
465 1221 678 1259 Hierarchia
733 1231 1032 1267 quaquaversum
1087 1230 1269 1267 propaga-

142 1299 291 1337 tetur,
328 1299 450 1328 tamen
490 1291 622 1339 populi
661 1290 835 1337 barbari,
889 1291 1180 1338 quibuscunque
1221 1290 1268 1328 de

142 1361 266 1399 causis
293 1360 506 1409 religionem
530 1360 1151 1413 Christianamamplecterentur,
1179 1361 1269 1398 haec

144 1430 279 1480 placita
307 1439 344 1468 et
375 1440 571 1478 praecepta
606 1431 886 1479 edocebantur3
929 1430 1051 1478 iisque
1088 1431 1134 1468 ad
1168 1430 1272 1480 prin·

141 1500 269 1549 cipum
293 1512 447 1549 quoque
471 1502 572 1539 aulas
602 1501 726 1540 aditus
761 1501 924 1549 patebat.
980 1501 1079 1539 Hinc
1115 1502 1266 1550 Religio

144 1570 384 1616 Christiana,
423 1571 696 1619 qualiscunque
731 1570 803 1608 hoc
838 1579 1011 1618 tempore
1036 1569 1171 1616 fuerit,
1199 1582 1269 1619 po-

145 1640 246 1689 pulis
274 1640 347 1677 illis
377 1648 476 1681 certe
510 1651 619 1687 quam
661 1640 818 1678 maxime
852 1649 960 1689 apta,
1001 1649 1151 1679 eatenus
1190 1641 1265 1682 vim

145 1711 185 1750 in
216 1711 410 1749 hominum
438 1712 484 1750 de
510 1711 610 1749 bello
637 1711 803 1759 gerundo
841 1711 1041 1749 sententias
1073 1713 1267 1750 emendan-

146 1782 211 1820 das
247 1781 404 1828 habuit,
432 1791 475 1820 ut
509 1784 674 1831 populos
712 1781 882 1820 diversos
914 1783 1178 1831 conjungeret,
1205 1783 1272 1820 ali-

148 1860 331 1899 quatenus
376 1852 542 1890 redderet
582 1852 789 1901 pacatiores
833 1861 869 1889 et
911 1853 1109 1900 mitiores,
1167 1853 1269 1899 iique

144 1922 230 1961 talia
273 1922 540 1969 edocerentur,
582 1922 721 1970 quibus
764 1923 916 1971 antiqua
959 1923 1144 1961 barbaries
1189 1935 1268 1962 non

146 2001 292 2040 poterat
325 2003 402 2031 non
433 1992 599 2041 aboler13
643 2000 756 2040 atque
794 1994 886 2032 adeo
929 1993 1110 2031 bellorum
1141 2004 1269 2032 nume·

1171 2072 1265 2110 TuS‚

149 2172 176 2207 R
187 2171 359 2206 ooyensi
370 2179 450 2209 um,
470 2171 502 2200 iu
530 2171 678 2200 Oratione
693 2191 704 2206 ‚
722 2179 780 2206 qun
790 2179 898 2200 munus
924 2171 1112 2206 Theologiae
1136 2171 1270 2201 doctoris

149 2227 318 2263 auspicatus
340 2236 404 2268 2⁵¹3
452 2228 772 2266 Royaardsium,
820 2237 893 2258 over
922 2228 974 2255 het
995 2228 1204 2258 christanum
1231 2231 1264 2256 in

148 2284 185 2323 (a
211 2285 341 2325 midfielz-
349 2294 467 2319 unwan
478 2307 487 2323 ‚
517 2285 568 2313 int
595 2286 737 2322 Archief
765 2294 838 2315 vocar
857 2284 1115 2321 Kerkgeschied„
1140 2286 1178 2313 T.
1200 2286 1238 2313 Π.
