1538 2689
279 209 327 244 70
504 190 1168 239 COMMENTATio

282 305 437 352 ahisque
476 301 760 348 instrumentis,
788 301 894 339 valde
931 299 1193 348 repudiamus,
1222 297 1308 346 quia
1334 298 1398 335 de-

284 375 436 412 nudatio
469 372 697 422 operationis
722 383 832 409 causa
855 369 966 409 nimis
994 379 1125 418 magna
1156 376 1236 414 est,
1261 367 1392 406 deinde

287 445 388 491 quod
433 443 506 480 illis
548 442 695 490 quidem
739 440 957 489 producitur
996 438 1187 477 exsudatio
1224 437 1396 485 lymphae

285 513 482 560 plasticae3
512 522 607 559 quae
641 519 763 548 autem
791 520 869 546 non
904 509 993 547 satis
1018 508 1185 547 celeriter
1208 515 1292 556 apta
1315 515 1399 554 est,

289 593 328 620 ut
367 582 483 620 fluxui
519 581 708 628 sanguinis
747 585 916 617 resistere
955 579 1094 627 possit.
1144 578 1310 617 Eandem
1347 578 1397 616 ob

286 663 432 689 causam
455 651 630 700 ligatura,
651 651 749 688 dicta
770 649 967 688 d’atteinte
983 677 995 696 ,
1010 658 1278 697 supervacanea
1299 647 1402 685 vide-

288 732 363 761 tur.
416 721 639 768 Inquirenda
673 720 787 770 igitur
823 719 933 758 nobis
969 719 1099 757 ultimo
1126 719 1210 756 loco
1242 725 1299 755 est
1324 728 1399 754 rne-

289 792 453 838 thodus‚
509 802 602 839 quae
646 789 784 828 auxilio
822 798 894 827 tarn
940 789 1082 827 incerto
1120 798 1198 826 non
1234 785 1402 834 indiget,

287 862 395 911 cujus
426 860 593 909 operatio
617 860 715 898 haud
738 858 897 898 difficilis
923 867 983 898 est
1017 867 1053 897 et
1079 869 1173 907 quae
1195 867 1273 895 non
1298 868 1399 905 mag-

288 942 369 967 nam
405 930 690 968 denudationem
723 930 875 967 arteriae
901 930 1085 979 postulat.

340 999 575 1046 Methodus,
614 1007 789 1047 usurpata
822 1011 843 1037 a
864 998 1183 1037 Lauwrencio
1218 995 1400 1042 aliisque,

289 1080 568 1117 nonnumquam
591 1069 760 1107 adhiberi
778 1077 932 1118 potest,
947 1077 1058 1116 atque
1071 1067 1218 1116 quidem
1243 1074 1404 1115 quatuor

290 1138 571 1176 observationes
607 1138 788 1176 adducere
819 1138 926 1175 liceat
963 1138 1008 1175 de
1047 1139 1125 1187 ejus
1171 1136 1404 1174 indicationi-

290 1208 389 1245 bus:
430 1207 572 1245 scilicet
604 1206 829 1245 instituenda
860 1216 940 1254 est,
996 1210 1040 1245 1⁰
1072 1205 1136 1243 ubi
1164 1207 1234 1244 alia
1262 1207 1404 1244 emolu-

294 1285 447 1322 menta,
489 1287 584 1323 quae
621 1276 798 1314 celeriore
835 1276 1092 1314 obliteratione
1116 1276 1402 1323 producuntur,

290 1346 370 1395 eJus
406 1356 526 1383 noxas
560 1354 765 1394 superant,
812 1358 872 1384 ex.
901 1357 957 1393 gr.
997 1344 1035 1382 in
1071 1345 1200 1383 castris
1236 1353 1272 1382 et
1298 1356 1401 1394 prae-

290 1415 414 1453 sertim
450 1416 487 1452 in
512 1415 774 1462 nosocomiis,
815 1427 930 1464 quum
967 1414 1168 1453 necessitas
1195 1423 1329 1464 urget,
1359 1423 1401 1453 ut

290 1485 387 1534 aegri
423 1486 585 1532 abeant,
613 1494 807 1533 antequam
831 1497 1035 1534 gangraena
1070 1484 1314 1523 nosocomiali
1346 1484 1418 1532 af-v

292 1556 495 1603 ficiuntur3
549 1556 596 1593 20
625 1555 771 1592 institui
806 1563 933 1603 potest
971 1554 1127 1592 forsitan
1164 1554 1202 1592 in
1242 1553 1402 1591 homini-

290 1626 361 1662 bus
413 1623 608 1671 robustisg.
663 1628 704 1672 3⁰
745 1625 790 1662 ad
837 1623 1087 1672 operationem
1133 1623 1400 1672 aneurysmatis

291 1705 481 1742 nunquam
516 1694 742 1732 instituenda
777 1702 863 1740 est,
900 1705 984 1732 cum
1025 1693 1088 1731 hic
1114 1694 1260 1731 fistulae
1283 1693 1400 1741 magis

290 1774 474 1810 noceant,
512 1775 622 1810 quam
654 1764 701 1801 ad
730 1763 1048 1811 amputationem3
1099 1774 1182 1800 nam
1217 1763 1255 1801 in
1288 1774 1400 1800 aneu-

289 1843 451 1883 rysmate
495 1834 645 1871 arteriae
693 1844 801 1881 saepe
847 1844 964 1881 prope
1007 1841 1188 1870 tumorem
1225 1833 1263 1869 in
1299 1841 1399 1870 statu

290 1904 468 1942 morboso
513 1913 624 1950 sunt3
660 1904 819 1950 ideoque
849 1903 1065 1940 transcissio
1098 1903 1214 1940 totius
1249 1902 1398 1940 arteriae

290 1974 481 2012 metuenda
508 1982 633 2020 esset3
660 1980 705 2020 40
735 1973 818 2018 hoc*
832 1971 937 2009 etiam
971 1972 1067 2009 valet
1090 1972 1189 2020 apud
1215 1972 1401 2010 cachecti-

289 2055 382 2090 cos,
412 2045 474 2091 qui
497 2043 600 2081 valde
620 2042 807 2090 proclives
837 2051 922 2079 sunt
948 2042 992 2079 ad
1012 2041 1289 2080 ulcerationem.

1506 2365 1515 2689 Ἣ...-
