1564 2750
93 213 191 245 sectio
202 215 240 243 11.
256 210 288 252 §.
299 222 329 249 3.

349 159 398 204 76
543 153 1262 195 ..εοΜΜΕΝΤΑΤΙο

344 264 443 303 dulci
469 264 699 314 volubilique
727 276 822 304 voce
857 265 1045 313 praeditus
1081 267 1164 316 (ι).
1217 266 1312 316 Ejus
1352 265 1456 314 inge-

345 335 447 373 nium
470 343 590 372 autem
626 347 734 384 quam
761 335 924 382 subtile,
962 345 1138 383 acutum,
1174 342 1360 384 promtum
1395 347 1453 374 es-

347 414 430 451 set,
459 414 536 442 turn
575 404 613 442 in
646 405 862 451 quotidiano
893 417 1013 443 rerum
1052 417 1148 452 usu,
1192 413 1270 443 tum
1298 406 1338 444 in
1372 417 1456 444 ora-

346 473 542 520 tionibus,
604 474 816 522 saepissime
860 477 1054 513 ostendere
1095 475 1273 523 solebatg,
1329 475 1378 513 ita
1413 485 1456 514 ut

347 544 406 581 vel
442 542 665 591 imprudenti
703 545 737 582 ei
775 545 881 593 plura
912 546 1144 592 exciderent,
1176 557 1335 594 quorum
1360 554 1456 583 non·

349 612 450 650 nulla
485 613 704 652 Plutarchus
752 612 790 651 in
824 615 1194 663 Apophthegmatum
1233 615 1454 653 collectione

348 682 536 729 servavit,
588 684 658 721 alia
693 684 754 721 hic
799 684 874 721 illic
909 685 1007 732 apud
1044 684 1220 732 antiquos
1251 684 1453 732 scriptores

357 752 522 801 dispersa
562 752 820 792 inveniuntur:
853 766 1020 802 quaeque
1065 753 1220 792 totidem
1257 755 1457 792 documen-

350 831 386 860 ta
435 831 547 867 sunt,
602 822 739 871 ingenii
774 823 981 872 sagacitatis
1016 822 1275 871 dictionisque
1316 824 1459 872 elegan-

349 892 448 939 tiae3
490 901 601 939 atque
639 893 792 942 insuper
821 905 903 930 sese
939 893 1050 930 nobis
1092 904 1137 930 eo
1173 893 1458 940 commendant,

350 962 454 1008 quod
485 963 591 1000 etiam
619 962 761 1010 absque
786 962 902 1001 dubio
922 962 1115 1000 manifesta
1142 963 1460 1011 prudentiaeani-

351 1031 477 1078 mique
500 1031 696 1079 probitatis
719 1032 852 1070 indicia
876 1031 998 1071 vocari
1024 1041 1225 1071 merentur.
1243 1030 1354 1082 (Vid.
1371 1031 1458 1070 Obs.

352 1100 501 1149 LIV.>.

404 1171 517 1208 Nulla
543 1171 661 1208 adhuc
687 1170 846 1208 Athenis
873 1171 975 1208 litera
997 1170 1144 1217 fuerat,
1173 1181 1267 1218 quae
1287 1178 1458 1207 ornatum

351 1240 508 1288 aliquem
538 1240 690 1277 haberet
716 1249 830 1286 atque
855 1240 1029 1277 Oratoris
1054 1251 1135 1277 esse
1162 1240 1362 1277 videretur.
1391 1239 1460 1278 Et·

352 1311 384 1347 si
414 1318 489 1347 erat
512 1309 641 1357 opinio
680 1309 880 1355 Solonem,
910 1309 1138 1347 Pisistratum
1158 1337 1170 1356 ‚
1199 1309 1459 1356 Clisthenem,

352 1381 508 1417 multum
528 1407 540 1425 ‚
567 1388 609 1416 ut
633 1379 864 1426 temporibus
891 1379 962 1416 illis
981 1407 993 1424 ‚
1021 1379 1181 1417 valuisse
1204 1378 1389 1427 dicend03
1417 1390 1458 1416 ac

351 1449 625 1487 Themistocles
659 1460 736 1486 non
772 1450 882 1487 modo
917 1448 1139 1496 prudentia,
1186 1459 1313 1486 verum
1349 1447 1456 1485 etiam

348 1520 559 1567 eloquentia
582 1519 825 1566 excelluerat3
847 1528 1016 1565 tempora
1038 1526 1182 1564 tamen,
1199 1517 1334 1564 quibus
1357 1516 1458 1561 vives

350 1590 466 1636 bant,
495 1589 789 1637 prohibuerant,
819 1587 1019 1635 quominus
1058 1587 1130 1624 ulla
1164 1594 1261 1625 esset
1292 1587 1459 1625 doctrina

349 1659 506 1697 dicendi.
565 1686 589 1705 ‚‚
612 1659 694 1696 Nec
717 1660 811 1695 enim
839 1658 876 1695 in
896 1656 1215 1697 constituentibus
1243 1658 1428 1706 rempubl.
1445 1685 1459 1704 ‚

356 1756 378 1775 „
405 1740 472 1766 nec
500 1728 539 1766 in
575 1729 670 1766 bella
697 1727 934 1775 gerentibus,
962 1736 1029 1764 nec
1059 1724 1096 1763 in
1122 1725 1308 1773 impeditis
1334 1737 1374 1764 ac
1405 1737 1462 1766 re.-

357 1827 380 1845 „
406 1809 491 1846 gum
516 1796 972 1836 dominationedevinctis
989 1785 1113 1843 ,nasci
1138 1795 1321 1844 cupiditas
1337 1796 1459 1838 dicen-

355 1897 386 1914 „
416 1868 451 1905 di
477 1869 587 1906 solet.
615 1867 719 1905 Pacis
746 1876 800 1904 est
821 1878 949 1925 comes
967 1894 979 1912 ‚
1006 1865 1146 1912 otiique
1169 1865 1291 1911 socia,
1327 1873 1364 1902 et
1386 1866 1458 1914 jam

322 1983 324 1985 Ι
358 1966 382 1983 ,,
408 1938 501 1975 bene
538 1937 762 1974 constitutae
798 1935 959 1973 civitatis
1000 1935 1106 1982 quasi
1152 1936 1296 1973 alumna
1349 1947 1461 1983 quae,-

360 2036 383 2054 „
410 2008 491 2045 dam
525 2005 777 2054 eloquentia.”
805 2005 888 2055 (α).
918 2004 1039 2046 Persis
1060 2004 1174 2053 igitur
1195 2004 1377 2052 devictis,
1394 2016 1461 2043 nec

1387 2086 1463 2113 am-

398 2128 451 2165 (ι)
472 2131 548 2158 Plut.
573 2128 603 2156 in
624 2129 690 2156 Per.
710 2135 776 2162 cap.
799 2136 828 2161 7.
849 2134 881 2161 p.
905 2134 973 2160 1⁵5-
995 2127 1033 2154 C.

396 2186 452 2224 (ε)
468 2184 534 2213 Cic.
559 2184 589 2212 in
610 2185 693 2212 Brut.
717 2191 783 2217 cap.
800 2191 849 2211 12.
872 2197 907 2205 -
929 2183 1012 2212 conf.
1035 2190 1099 2217 cap.
1132 2192 1147 2217 7
1168 2189 1195 2210 et
1220 2190 1261 2210 11.
1284 2190 1321 2202 να·
1352 2182 1461 2218 Quinc·

363 2244 393 2271 til
430 2244 502 2271 lust.
524 2244 573 2271 Or.
599 2241 666 2269 lib,
694 2241 748 2269 m,
774 2248 838 2275 capr
868 2250 890 2270 r.
