1523 2745
228 184 276 218 42
443 170 1116 216 COMMENTATVIO

234 279 345 326 brat,
375 287 410 315 et
447 280 560 318 multa
598 280 791 327 continet,
830 292 924 328 quae
956 281 1002 318 ad
1041 281 1234 320 historiam
1261 282 1344 320 illo·

235 360 316 386 rum
350 359 556 397 temporum
574 376 588 397 ,
616 352 816 397 nonnulla,
847 363 940 398 quae
976 352 1020 388 ad
1048 351 1170 399 ipsius
1196 353 1343 390 Periclis

233 418 396 456 indolem
423 418 565 456 faciunt
592 420 918 468 cognoscendam,⁴
944 421 1051 459 inviti
1077 421 1161 459 licet
1192 417 1254 471 ad⁴
1274 422 1343 460 alia

232 489 431 526 transimus
451 517 463 535 ,
494 501 606 536 quum
634 501 674 527 ea
693 518 706 536 ‚
735 491 878 537 qualem
917 502 988 531 nos
1024 492 1228 539 habemus,
1265 503 1343 529 non

233 558 279 595 ab
322 558 407 606 ipso
448 556 586 597 Pericle
625 559 791 607 profecta
828 561 996 609 adeoque
1035 573 1055 599 a
1079 570 1211 600 nostro
1238 573 1347 611 argu-

229 638 364 667 mento
387 629 501 667 aliena
527 629 591 667 sit.

725 773 762 819 S.
808 785 870 822 13.

286 907 467 956 Sequenti
501 918 598 948 anno
639 911 746 949 rediit
780 911 961 951 exercitus
1000 911 1181 960 hostilis,
1226 911 1350 952 omnia

235 978 356 1016 denuo
377 988 549 1027 vastans,
571 979 679 1028 eique
702 980 874 1019 comitem
897 993 937 1020 se
956 982 1124 1031 adjtinxit
1147 982 1186 1019 in
1217 991 1352 1020 vexan—

238 1048 293 1086 dis
320 1049 479 1087 Athenis
511 1049 587 1088 dira
610 1052 717 1098 lues,
748 1063 855 1099 quam
891 1053 991 1090 nulla
1015 1052 1169 1091 scientia
1193 1052 1350 1091 humana

237 1127 398 1156 avertere
426 1119 568 1157 valebat
606 1121 690 1168 (ι).
743 1121 849 1159 Sicut
880 1131 1001 1159 autem
1040 1123 1126 1160 belli
1161 1131 1349 1161 auctorem

238 1186 405 1225 ferebant
449 1188 589 1225 inimici
623 1201 736 1228 unum
775 1191 977 1239 Periclem,
1016 1191 1065 1229 ita
1108 1202 1206 1229 nunc
1244 1193 1352 1230 etiarn

242 1257 320 1304 ejus
363 1257 518 1294 consilia
552 1266 665 1304 atque
690 1259 924 1305 pertinaciam
949 1261 1093 1297 unicam
1131 1261 1243 1310 hujus
1283 1272 1352 1299 no-

240 1338 305 1363 vae
326 1327 539 1364 calamitatis
559 1338 707 1364 causam
734 1329 933 1377 jactabant.
962 1329 1067 1367 Illius
1095 1337 1215 1367 tamen
1247 1341 1350 1368 mens

242 1395 394 1433 immota
418 1396 552 1435 mansit
567 1425 579 1443 ‚
608 1405 649 1434 ut
670 1397 779 1435 nobis
804 1398 1063 1446 reputantibus
1089 1399 1169 1437 illas
1186 1396 1357 1437 'difficul-

240 1473 334 1503 tates
356 1473 392 1503 et
407 1469 644 1515 negotiorum
662 1467 788 1505 turbas
807 1467 952 1517 ‚imago
976 1478 1147 1506 occurrat
1174 1470 1357 1518 guberna-

242 1537 360 1583 toris,
389 1537 480 1584 qui,
509 1548 602 1574 nave
629 1537 818 1576 fluctubus
845 1539 1007 1587 agitata,
1035 1539 1278 1587 nubibusque
1302 1538 1358 1577 ef-

240 1605 338 1644 fusis
357 1633 370 1652 ,
401 1606 649 1653 gubernaculo
675 1607 826 1645 firmiter
849 1609 1011 1646 inhaeret
1044 1618 1079 1646 et
1111 1609 1265 1657 insuper
1290 1608 1359 1646 mi·
1418 1642 1421 1644 ,

241 1684 372 1712 nantes
408 1676 604 1723 omniaque
634 1678 844 1715 convellere
867 1687 1012 1725 paratos
1049 1686 1219 1717 vectores
1253 1678 1359 1717 cohi-

244 1745 308 1783 bet
344 1754 380 1783 et
413 1746 655 1793 adhortatur,
704 1748 907 1796 eodemque
944 1757 1112 1797 tempore
1153 1760 1222 1797 pro
1262 1759 1356 1787 nave

244 1818 430 1863 luctatur,
459 1825 494 1853 et
506 1818 681 1856 adversus
703 1829 767 1855 eos
782 1845 795 1864 ,
827 1819 891 1865 qui
917 1828 957 1856 ea'
980 1820 1169 1857 vehuntur
1193 1818 1278 1868 (2).

298 1885 491 1923 Crescenti
515 1885 553 1922 in
579 1886 657 1923 dies
682 1885 831 1934 inopiae
847 1915 859 1934 ,
879 1896 918 1925 ut
932 1889 1205 1935 quodammodo
1229 1899 1360 1927 occur·

246 1963 370 2003 reret,
407 1955 535 1992 urbem
558 1955 727 1993 liberaret
759 1959 905 1995 caterva
940 1958 1066 1996 otiosa
1089 1967 1126 1996 et
1163 1959 1358 1997 turbulen-

1293 2037 1357 2076 ta,

283 2134 458 2172 (1)Thuc.
484 2135 520 2162 Π.
557 2141 623 2169 47»
642 2142 689 2171 54.
715 2136 894 2171 Lucretius,
923 2137 959 2164 de
990 2137 1030 2165 R.
1060 2139 1100 2168 N.
1126 2136 1177 2166 VJ.
1205 2144 1239 2168 v<-
1271 2143 1357 2175 1137·

248 2200 342 2228 usque
363 2193 398 2220 ad
417 2191 522 2220 finem.

287 2247 339 2286 (ι)
359 2246 523 2284 Imaginem
539 2249 613 2277 hanc
631 2248 774 2277 debemus
800 2247 927 2277 Aristidi
953 2250 1009 2279 111.
1031 2259 1064 2287 p.
1085 2260 1157 2288 232ae
