1523 2745
302 211 375 247 260
448 205 702 245 COMM.
754 203 1260 244 LITERARIA.

305 328 360 353 mc
394 316 430 353 in
464 314 672 353 Frommelii
701 314 952 353 Annotatione
985 311 1150 360 laudata3
1190 311 1286 350 unde
1309 311 1396 349 haec

303 384 543 423 describimus
560 395 571 421 ε

426 515 534 554 Πειθώ
559 528 612 556 τις
638 513 842 552 ἐπεκάθισεν
865 511 921 551 ἐπὶ
946 516 1019 554 τοῖς
1042 510 1226 558 χείλεσιν,

427 583 549 626 Οὕτως
573 583 689 626 ἐκήλει
715 582 775 620 καὶ
802 580 903 628 μόνος
927 583 995 619 τῶν
1022 579 1167 628 ῥητόρων

425 653 477 691 Τὸ
502 651 637 700 κέντρον
658 650 877 697 ἐγκατέλιπε
900 655 972 694 τοῖς
994 648 1238 698 ἀκροωμένοις.

292 777 486 814 =Videntur
516 783 636 814 autem
665 776 702 813 hi
729 787 886 824 versus,
915 777 1003 825 qui,
1032 778 1077 815 ad
1108 776 1264 814 eundem
1298 775 1404 813 illus·

301 854 390 882 trem
426 844 544 882 virum
581 844 833 893 pertinentes,
870 856 942 883 una
972 845 1078 883 citari
1112 845 1305 892 solebant,
1328 845 1404 894 jam

301 923 441 951 mature
472 915 566 951 inter
601 925 641 951 se
673 913 821 952 confusi
856 915 999 963 fuisse3
1041 916 1091 953 ita
1129 924 1197 962 ut,
1249 915 1282 952 si
1318 913 1403 962 quis

301 994 365 1020 eos
407 984 615 1020 memoriter
651 983 803 1031 citaret,
842 994 918 1021 non
953 995 1097 1032 semper
1136 983 1309 1021 omnibus
1340 994 1408 1031 ap-

301 1061 464 1100 pareret,
517 1052 591 1090 utri
629 1052 786 1091 Comico
839 1052 976 1101 singuli
1026 1052 1210 1090 tribuendi
1262 1059 1400 1090 essent.

301 1122 406 1170 Quae
439 1122 684 1158 consideranti
709 1121 824 1168 mihi,
848 1120 1032 1169 Leopardi
1063 1121 1296 1168 emendatio,
1336 1120 1406 1158 etsi

304 1191 484 1238 optimum
510 1200 658 1228 sensum
683 1190 860 1238 praebens
876 1217 889 1237 ,
916 1199 1036 1228 tamen
1063 1190 1183 1228 minus
1208 1189 1409 1227 necessaria

306 1260 473 1298 videtur:
489 1261 541 1297 uti
557 1271 602 1296 ne
615 1259 866 1307 VVesselingio
887 1259 1034 1307 quidem
1049 1260 1138 1297 satis
1147 1259 1301 1307 probata
1321 1258 1407 1297 fuit.

302 1330 428 1379 Quum
466 1328 562 1367 enim
597 1330 632 1366 in
667 1328 837 1366 Diodoro
863 1328 930 1377 (1)
964 1329 1038 1366 hos
1075 1328 1241 1376 quinque
1276 1339 1408 1366 versus

301 1398 527 1449 conjunctim
570 1399 703 1436 citatos
740 1399 906 1444 videret,
946 1397 1054 1437 verba
1071 1425 1084 1443 ‚
1123 1399 1184 1438 noc}
1220 1398 1331 1438 πάλιν
1371 1398 1408 1436 ἐν

304 1471 428 1512 ἄλλοις
464 1470 618 1512 Εὔπολις
652 1470 668 1507 ὁ
701 1469 872 1514 ποιητής,
911 1466 1118 1515 separavit,
1156 1467 1307 1514 legens:
1348 1465 1408 1504 καὶ

306 1540 417 1579 πάλιν
442 1540 477 1577 ἐν
500 1538 623 1581 ἄλλοις
646 1536 939 1584 (Aristophanes
955 1547 1009 1574 sc.
1024 1563 1037 1581 ‚
1067 1535 1172 1584 cujus
1187 1533 1296 1572 verba
1316 1533 1410 1571 Dio-

308 1609 420 1644 dorus
457 1607 568 1644 modo
591 1607 804 1655 allegaverat
818 1604 857 1653 ,)
884 1605 1065 1646 Ἐντεῦθεν
1093 1631 1104 1642 .
1122 1631 1134 1641 .
1153 1630 1164 1642 .
1182 1630 1193 1642 .
1218 1603 1409 1644 Ἕλλοὲδοιε

309 1676 437 1713 deinde
452 1703 465 1722 ·,
492 1677 646 1720 Εὔπολις
670 1677 686 1714 ὁ
711 1677 869 1720 ποιητής.
898 1677 1004 1714 Πειθώ
1017 1690 1071 1718 τις
1086 1689 1171 1713 κ.τ-
1189 1684 1228 1713 λ.
1252 1672 1336 1721 Qua
1355 1682 1411 1709 ra-

310 1747 411 1784 tione
424 1774 436 1791 ,
454 1745 539 1783 iicet
558 1745 694 1792 cuique
705 1755 770 1781 sua
785 1743 979 1782 reddiderit
993 1771 1005 1788 ‚
1020 1754 1096 1779 non
1116 1752 1234 1779 tamen
1248 1741 1416 1790 Leopar-

312 1817 395 1854 dum
415 1825 507 1863 puto
521 1813 677 1852 Diodori
695 1822 850 1851 mentem
880 1812 1128 1860 expressisse,
1156 1822 1262 1859 quern
1288 1810 1417 1848 verisi-

315 1887 397 1924 mile
421 1885 527 1923 estin
544 1884 716 1921 citatione
739 1894 889 1921 errasse.
919 1883 1037 1932 Quam
1060 1881 1166 1919 facile
1188 1889 1308 1918 autem
1324 1878 1415 1917 illud

318 1956 506 2000 Diodoro,
520 1953 760 2002 negligentiae
776 1954 812 1990 in
829 1952 964 1990 talibus
989 1962 1096 1999 saepe
1110 1949 1313 1988 accusando
1330 1977 1342 1996 ,
1356 1960 1416 1987 ac-

316 2027 435 2063 cidere
457 2023 642 2072 potuerit,
670 2023 845 2061 discimus
871 2034 889 2059 e
915 2021 1109 2060 Ciceronis
1129 2020 1325 2068 exemplo,
1351 2016 1418 2067 qui

1380 2096 1416 2126 et

357 2207 406 2243 (ι)
430 2207 507 2234 Bibl.
531 2207 591 2234 ΧΗ.
615 2217 661 2243 40.
686 2206 759 2239 iluiq.
781 2206 909 2233 wessel-
