1507 2876
1129 243 1224 276 xlx

112 345 162 389 In
190 312 546 390 FAcuL-TATE
577 344 1006 391 PHILOSOPHIAE
1034 344 1222 391 THEO-

225 420 480 466 RETICAE
515 436 577 465 ET
607 422 963 467 LITERARUM
993 421 1107 468 Hu-

194 502 197 505 “
356 497 590 543 MANIOR
594 499 709 553 UM,
763 499 977 544 docebunt

160 634 410 689 Logicam,
442 640 567 690 atque
596 635 1019 692 Anthropologiam
1050 634 1084 678 Ι.
1101 634 1152 679 F
1167 634 1217 679 L.

104 703 452 758 SCHRODER,
483 705 550 748 die
591 706 714 750 lunae
748 713 872 764 atque
907 708 1093 763 saturni,
1132 708 1218 754 ho-
1304 684 1307 686 -

102 790 150 820 ra
177 775 251 820 IX.

159 852 435 893 Doctrinam
464 851 656 893 Momm
687 851 721 896 I.
739 851 791 896 F.
806 851 854 895 L.
864 828 1216 908 SCHRODER,

103 921 250 967 diebus
281 921 387 967 iovis
417 927 457 965 et
486 920 672 974 veneriS,
703 921 810 964 hora
828 922 882 966 ΙΙ.
953 961 957 966 .

152 1001 352 1042 Literas
370 1000 572 1040 Latinas
611 997 665 1042 A.
692 1010 799 1042 VAN
814 998 1143 1048 GOUDOEVF
1147 1000 1215 1054 R,

100 1068 248 1114 diebus
284 1068 454 1121 martis,
484 1067 618 1120 iovis,
649 1068 811 1113 veneris
836 1077 876 1113 et
905 1070 1085 1124 saturni,
1127 1071 1215 1116 ho-

97 1155 147 1185 ra
161 1140 240 1185 XI.
274 1139 592 1199 interpretando
624 1154 719 1183 cum
755 1140 970 1185 Ciceronis
997 1141 1129 1187 libros
1160 1143 1215 1188 de

95 1218 293 1265 oratore,
323 1219 411 1256 tum
440 1210 602 1269 Virgilii
617 1211 828 1256 Aeneidos
860 1212 910 1257 L.
929 1212 1002 1256 IX.
1082 1254 1087 1259 ,

146 1289 498 1347 Antiquitatem
517 1291 773 1332 Romanam
803 1290 855 1334 A.
887 1301 992 1334 VAN
1012 1289 1212 1336 GOUD-

96 1359 333 1413 OEVER‚·
365 1359 510 1403 diebus
547 1359 722 1413 martis,
769 1360 987 1414 mercurii,
1031 1360 1140 1407 iovis
1169 1369 1212 1406 et

91 1430 275 1484 veneris,
305 1430 413 1474 hora
427 1430 479 1475 X.

146 1506 478 1551 Exercitationes
542 1507 856 1566 Paedagogicas
919 1509 1209 1555 moderabitur

89 1577 143 1622 A.
173 1591 276 1622 vAN
301 1577 699 1634 GOUDOEVER,
730 1579 797 1623 die
813 1580 1009 1624 mercurii
1047 1581 1204 1627 hora'I.

92 1655 133 1693 et
169 1649 235 1693 die
261 1649 422 1693 saturni
451 1648 557 1693 hora
576 1649 672 1694 XII.

148 1729 343 1770 Literas
356 1728 560 1769 Graecas
575 1727 713 1771 tradet
738 1728 824 1773 PH.
839 1728 891 1774 G.
902 1741 1008 1772 VAN
1019 1728 1205 1775 HEUS-

89 1797 169 1842 DE
183 1829 196 1852 ,
225 1797 574 1857 interpretaturus
594 1813 688 1842 cum
715 1803 859 1842 vitam
874 1801 1071 1843 Antonii
1080 1804 1205 1844 Plu-
1233 1825 1235 1827 v

86 1871 347 1922 tarcheam,
381 1869 527 1913 diebus
567 1871 688 1914 lunae
726 1878 766 1914 et
805 1871 989 1923 veneris,
1034 1871 1141 1915 hora
1166 1873 1201 1917 I.

82 1945 171 1984 tum
206 1941 383 1983 Selecta
411 1941 770 1996 Aristophanis,
808 1945 1121 1998 Xenophontis
1156 1953 1201 1986 et

83 2013 299 2054 Platonis
329 2013 428 2052 loca
442 2042 454 2062 ‚
487 2010 634 2054 diebus
650 2012 796 2055 martis
811 2019 850 2055 et
863 2012 988 2066 iovis,
1020 2013 1127 2057 hora
1142 2014 1198 2059 ΙΙ.

143 2089 337 2129 Literas
365 2088 627 2130 Hebraicas
672 2089 705 2132 I.
724 2088 769 2132 C.
799 2089 1200 2136 SVVYGHUISEN

85 2157 526 2204 GROENEVVOUD
540 2190 552 2211 ,
581 2172 674 2202 cuin
689 2159 1197 2219 interpretandaGram-

85 2229 280 2281 matica,
339 2235 426 2271 tum
459 2232 557 2271 eius
590 2237 636 2273 ut
674 2238 714 2274 et
751 2233 1003 2286 Syntaxeos
1035 2248 1110 2277 usu
1149 2234 1192 2277 in

83 2299 269 2358 legendis
310 2300 557 2356 quibusdam
594 2302 645 2345 V.
664 2301 712 2345 F.
748 2303 954 2361 capitibus
982 2303 1193 2350 historicis

593 2374 613 2396 '¹‘
628 2374 648 2397 ’³‘
663 2377 691 2416 2
1065 2390 1192 2420 mon-
