1538 2689
196 113 215 149 8
409 105 1078 148 COMMENTATIO

688 245 726 292 §-
779 255 816 282 2.

286 369 344 407 De
366 371 486 408 variis
510 370 699 410 doctorum
727 373 916 410 sententiis
939 373 1043 410 circa
1068 379 1233 411 naturae

368 449 516 490 operam
542 439 597 478 ad
619 441 797 479 sistendas
823 442 1147 492 haemorrhagias.

251 550 440 631 siquidem
464 585 738 634 Chirurgorum
767 587 906 637 scripta
929 589 1164 637 evolvimus,
1190 589 1315 627 statim

202 652 418 701 apparebit,
469 665 547 693 non
594 667 702 694 unam
747 658 971 705 eandemque
1014 657 1148 696 horum
1197 657 1319 697 fuisse

202 723 418 761 sententiam
454 724 498 762 de
540 726 685 774 modo,
738 738 817 774 quo
854 727 946 766 solis
979 735 1129 773 naturae
1172 726 1316 766 viribus

204 790 359 830 sistatur
396 793 686 844 haemorrhagia.
752 795 879 835 Nobis
920 796 1036 845 igitur
1064 796 1319 835 memorandae

207 871 296 899 sunt
325 862 445 901 variae
477 863 706 913 opiniones,
744 878 837 915 quae
863 866 910 905 de
933 867 1006 905 hoc
1042 877 1223 915 processu
1255 877 1322 905 na-

209 941 314 969 turae
353 932 613 975 inveniuntur.

256 1001 394 1039 Petit
435 1003 506 1052 (1)
556 1004 710 1051 statuit,
765 1005 1074 1054 haemorrhagiam
1113 1017 1158 1044 ex
1190 1006 1321 1044 arteria

209 1070 408 1110 transcissa
437 1072 663 1111 formatione
692 1075 839 1123 coaguli
861 1076 1053 1125 sanguinis
1077 1075 1190 1123 sisti,
1218 1075 1323 1123 quod

209 1140 340 1186 partim
371 1150 503 1190 extra,
540 1143 674 1191 partim
711 1144 806 1183 intra
842 1146 1008 1183 arteriam
1044 1156 1116 1184 est.
1171 1146 1323 1193 eoagu-

210 1209 288 1246 lum
317 1219 535 1258 externum,
569 1213 775 1251 secundum
804 1215 884 1264 eJus
910 1215 1154 1263 sententiam,
1189 1216 1326 1253 forma·

208 1288 271 1316 tur
306 1280 465 1327 guttulis
488 1282 707 1329 sanguinis,
736 1294 830 1330 quae
850 1295 894 1321 ex
918 1284 1050 1322 arteria
1074 1284 1322 1333 proveniunt:

207 1349 403 1397 coagulum
426 1349 611 1388 internum
647 1352 812 1390 nascitur
835 1364 854 1391 e
875 1353 1082 1402 sanguine,
1111 1353 1178 1402 qui
1203 1353 1241 1392 in
1265 1365 1323 1392 ar-

207 1419 298 1456 teria
331 1428 403 1457 est.
472 1420 599 1459 Hocce
629 1424 827 1471 coagulum
865 1434 906 1461 se
939 1423 1145 1472 adglutinat
1175 1423 1323 1462 tunicae

209 1487 359 1527 intimae
392 1491 575 1538 arteriae,
605 1492 685 1540 ejus
720 1491 866 1530 orificIO
902 1501 938 1530 et
970 1493 1141 1542 partibus
1166 1494 1324 1532 circum-

207 1557 394 1605 dantibus.
447 1558 513 1597 Illa
535 1563 690 1608 coagula
717 1563 883 1601 nominat
921 1562 1133 1602 Couvcrcles
1165 1572 1201 1602 et
1227 1562 1323 1602 Bou-

207 1628 329 1667 ahons.

257 1697 474 1736 Morand
500 1698 568 1748 (2)
595 1699 738 1748 credit,
776 1703 971 1750 coagulum
1009 1702 1156 1751 quidem
1190 1703 1319 1752 juvare

207 1766 254 1803 ad
287 1767 485 1805 sistendam
521 1769 860 1818 haemorrhagian,
888 1773 953 1809 sed
989 1772 1120 1811 statuit
1148 1762 1323 1811 mutatio·

208 1846 303 1884 nes,
332 1849 424 1885 quae
460 1838 633 1877 oriuntur
664 1841 702 1878 in
735 1840 867 1879 arteria
899 1841 1008 1890 ipsa,
1036 1843 1193 1881 multum
1221 1843 1322 1881 hunc

1280 1911 1322 1950 in

245 1999 297 2037 (1)
319 2001 451 2037 Petit,
472 2003 636 2032 Memoires
663 2005 698 2034 de
727 2005 850 2036 I’Acad.
875 2008 926 2036 des
954 2009 1093 2038 Sciences
1112 2009 1219 2046 Med„
1239 2011 1320 2041 Paris

212 2065 296 2091 1732·
317 2066 348 2092 Ρ.
370 2063 436 2093 235.

248 2115 299 2151 (2)
319 2117 484 2145 Morand
498 2136 508 2152 ,
530 2118 592 2146 Sur
617 2120 659 2147 les
692 2121 892 2158 changemens
915 2124 971 2159 qm·
988 2123 1134 2153 arrivent
1152 2131 1215 2152 aux
1232 2122 1318 2151 art&-

211 2178 258 2198 ης
283 2172 431 2208 blessles,
453 2174 510 2204 ΑΟ.
536 2178 621 2210 1736.
