1523 2745
288 163 1045 204 OBSERVATIONES.
1150 175 1220 202 221

111 274 289 314 dicatur:
315 275 395 324 ἅμα
426 275 477 325 ἦρι
509 276 707 325 ἀρχομένῳ.
761 274 877 313 Addit
907 274 1010 311 etiam
1035 271 1230 321 Thucydi-

117 345 216 392 ·de's,
243 348 340 393 μετὰ
366 348 428 390 τὴν
453 348 488 385 ἐν
514 347 686 394 Ποτιδαίᾳ
710 346 838 393 μάχην
873 346 953 392 μηνὶ
990 344 1107 393 ἕκτῳ,
1136 330 1230 390 quae

123 414 239 463 igitur
262 425 384 462 pugna
406 425 529 452 mense
562 415 897 459 Maemacterione‚
925 421 1081 450 exeunte
1112 411 1230 450 Octo·

120 484 202 532 hri,
237 484 433 522 commissa
466 483 609 530 fuerit3
638 484 806 530 quamvis
841 482 1077 519 verisimilius
1111 480 1234 519 videa-

127 562 218 600 tur,
271 553 491 591 Corinthios
527 553 852 600 Atheniensesque
876 552 1117 600 longinquam
1154 561 1232 589 eam

117 622 426 671 expeditionem,
462 624 708 671 praeterlapsa
732 625 803 671 J‘atn
831 630 969 660 aestate
998 632 1075 659 non
1107 631 1234 658 susce·

123 692 243 743 pisse.
297 692 370 730 Sed
402 693 489 729 haec
521 703 597 729 non
621 693 714 729 tanti
746 701 858 738 sunt,
887 700 929 729 ut
958 703 1034 729 eam
1069 690 1118 728 ob
1147 701 1234 728 cau·

124 754 202 800 sain
232 763 417 813 vulgatam
453 762 649 800 lectionem
684 771 884 799 mutemus.

115 870 118 877 ¹
178 876 266 915 obs.
303 877 500 914 XXXVII.
540 876 600 913 Ab
632 877 740 914 hacce
773 879 814 913 in
848 876 1016 914 Atticam
1052 875 1236 925 irruptio-

129 937 200 994 ἧς,
225 939 377 999 'plurimi
404 946 710 995 Peloponnesiaci
737 937 824 983 belli
855 944 1000 983 initium
1035 951 1232 993 repetunt:

115 1017 237 1062 'quam
266 1007 445 1054 tationem
476 1017 582 1054 etiam
605 1017 824 1055 Plutarchus
847 1025 882 1054 et
902 1016 1091 1054 Diodorus
1116 1013 1236 1052 secuti

131 1096 212 1122 esse
247 1086 418 1123 videntur
444 1089 527 1134 (1).
582 1086 824 1134 Thucydides
858 1094 978 1122 autem
1006 1084 1125 1122 tribus
1151 1095 1172 1121 a
1194 1094 1236 1121 se

130 1154 286 1192 invicem
313 1155 469 1192 diversis
495 1155 702 1192 rationibus
726 1156 839 1204 hujus
863 1154 951 1191 belli
978 1153 1124 1191 initium
1148 1153 1239 1191 defi-

127 1224 222 1272 nivit
238 1237 251 1271 ;
269 1225 393 1274 prouti
423 1226 505 1271 vel,
520 1233 697 1262 consueta
712 1224 785 1263 sibi
802 1224 1040 1272 computandi
1065 1222 1207 1261 ratione
1222 1251 1236 1270 ,

127 1305 194 1342 per
207 1287 361 1332 aestates
383 1294 599 1341 hiemesque
629 1293 818 1332 historiam
839 1294 1047 1342 exponebat
1063 1322 1076 1340 ‚
1102 1294 1162 1331 vel
1177 1305 1235 1332 res

129 1363 166 1401 in
188 1363 272 1411 ipso
303 1363 387 1401 belli
412 1363 519 1401 initio
542 1374 663 1413 gestas
690 1364 897 1413 spectabat.
922 1365 976 1401 Ita
997 1363 1143 1412 saepius
1167 1375 1236 1412 po-

131 1433 206 1470 suit
231 1433 302 1471 hoc
329 1434 373 1471 B.
404 1434 450 1471 Ρ.
478 1433 623 1471 initium
647 1434 766 1482 primo
800 1433 1072 1482 Munychionis
1097 1434 1235 1472 mensis

130 1503 218 1549 die,
244 1514 264 1540 a
291 1515 367 1550 quo
395 1512 551 1541 aestates
580 1504 847 1552 computabat;
876 1513 987 1551 atque
1023 1516 1062 1541 ea
1094 1503 1237 1542 ratio1e

129 1562 365 1620 potissimum
387 1584 479 1611 usus
503 1583 589 1619 est,
616 1573 765 1621 quoties
780 1574 826 1611 de
848 1573 1121 1622 posterioribus
1144 1583 1236 1611 tem·

125 1641 283 1689 poribus
306 1642 464 1680 indicare
479 1643 628 1680 volebat
642 1673 654 1690 ‚
670 1651 846 1690 quantum
867 1643 1044 1691 temporis
1072 1643 1233 1692 spatium

123 1704 196 1764 jain
221 1712 305 1749 inde
328 1724 348 1749 a
372 1713 674 1761 Peloponnesiaci
701 1713 785 1750 belli
809 1713 915 1750 initio
947 1714 1234 1762 praeterlapsum

128 1778 264 1818 fuisset
292 1781 377 1831 (2).
432 1782 497 1820 Sin
523 1794 609 1820 vero
637 1794 694 1820 res
727 1783 827 1830 ipsas
860 1791 1032 1830 specteS,
1059 1784 1236 1832 irruptio-

129 1860 211 1887 nem
233 1849 271 1905 in
294 1851 454 1889 Plataeas
480 1851 564 1889 belli
588 1851 765 1900 originem
782 1853 972 1890 vocaveris
986 1881 998 1900 ,
1021 1853 1162 1902 quippe
1173 1867 1233 1896 λε-

132 1922 292 1969 λυμένων
317 1926 488 1970 λαμπρῶς
512 1927 578 1962 τῶν
600 1925 751 1963 σπονδῶν
763 1919 856 1972 (3);
882 1935 989 1971 quam
1014 1923 1062 1960 ob
1089 1935 1235 1962 causam

1167 1996 1234 2033 hac

163 2073 215 2109 (ι)
235 2074 326 2103 Conf.
350 2075 533 2109 wesseling.
552 2076 587 2103 ad
606 2075 697 2103 Diod.
720 2075 782 2104 sic.
807 2076 869 2104 XII.
890 2080 940 2112 33.
963 2076 1010 2105 n0.
1031 2085 1081 2111 40.

160 2131 216 2169 (τι)
236 2132 330 2160 Thuc.
352 2133 390 2160 V.
414 2140 463 2161 20.
486 2135 534 2163 26.
558 2150 598 2157 —-
621 2132 714 2161 Conf.
737 2133 848 2161 Dodw.
872 2133 902 2160 in
925 2135 1036 2168 Appar.
1060 2143 1091 2168 p.
1118 2144 1165 2163 ιε.
1184 2150 1231 2158 —

129 2189 267 2218 Goeller.
286 2190 321 2216 ad
342 2190 437 2217 Thuc.
459 2191 480 2219 1.
499 2191 520 2217 l.

167 2243 219 2280 (3)
240 2246 336 2275 Thuc.
360 2246 399 2275 11.
419 2253 448 2280 7.
