1538 2689
228 167 277 214 46
448 162 1105 204 COMMENTATIO

229 276 339 313 modo
367 273 498 322 plicata
517 281 554 310 et
571 272 727 311 confiuit
749 284 833 311 cum
865 273 990 311 tunica
1009 273 1185 313 cellulosa
1211 285 1324 326 supra

223 354 259 382 et
285 344 379 382 infra
405 343 633 391 cylindrum:
663 342 786 381 tunica
815 343 931 381 media
960 352 995 381 et
1015 343 1147 382 extima
1181 344 1327 385 inflatae

229 423 316 453 sunt
350 414 585 451 rubescentes
624 421 658 449 et
688 413 732 450 ad
764 424 829 450 sex
865 414 925 451 vel
953 421 1039 451 octo
1075 413 1250 452 linearum
1273 414 1329 452 di-

228 480 396 521 stantiam
431 482 576 528 liquore
604 483 776 530 repletae.
828 481 970 521 Tunica
1006 483 1131 522 intima
1147 483 1203 523 est
1236 485 1331 523 mol-

226 553 300 600 lis,
327 553 497 598 dilatata,
523 562 600 589 non
633 560 730 589 arcte
761 540 982 600 conjuncta,
1026 562 1063 591 et
1091 554 1172 603 ejus
1198 566 1329 604 super-

229 623 330 662 ficies
365 624 554 671 paululum
581 631 720 670 rugata.
772 622 871 660 Inter
896 623 1113 661 tricesimam
1147 625 1207 663 vel
1239 633 1330 673 qu'a-

227 692 467 741 dragesimam
505 692 632 729 horam
666 699 822 730 stratum
848 691 1343 742 fibrosumquodammodo

229 764 434 801 coloratum
466 762 560 799 inter
586 761 746 798 tunicam
779 760 943 799 intimam
972 762 1088 810 partis
1113 748 1339 812 depressaeJ

231 833 418 872 invenitur
439 831 729 878 circumdatum,
757 840 798 869 ut
828 839 864 868 et
887 829 1010 870 tunica
1030 831 1182 879 intima,
1209 832 1334 881 liquo-

231 916 270 942 re
306 903 494 952 glutinoso
518 903 698 940 colorato.
751 901 894 939 Villosa
922 910 959 940 et
981 910 1108 950 rugata
1129 911 1186 941 est
1210 902 1334 941 tunica

233 973 389 1019 intima,
415 972 596 1019 crassior,
623 972 722 1010 haud
755 969 912 1010 difficilis
952 980 1121 1020 separatu
1156 984 1176 1009 a
1206 971 1331 1010 tunica

235 1043 378 1090 media,
429 1053 583 1089 quacum
630 1041 801 1078 cohaeret
839 1038 985 1080 materia
1021 1042 1130 1080 rubra
1164 1041 1332 1090 plastica.

235 1114 297 1151 Ad
331 1112 537 1150 inferiorem
565 1121 704 1159 partem
741 1110 863 1148 tunica
894 1107 1008 1149 media
1031 1110 1187 1150 formam
1219 1111 1332 1150 habet

235 1182 328 1220 telae
364 1181 561 1218 cellulosae
593 1180 858 1227 inflammatae;
906 1180 951 1218 ad
992 1181 1206 1219 exteriorem
1243 1192 1332 1225 veto

235 1261 374 1300 partem
411 1251 514 1288 valde
540 1258 595 1286 est
620 1250 755 1296 rubra3
783 1260 860 1286 non
885 1248 1056 1287 distincta
1078 1262 1097 1287 a
1122 1250 1243 1288 tunica
1273 1261 1335 1289 ex-

235 1329 364 1367 terna,
391 1320 444 1357 sic
462 1327 675 1365 attenuata,
703 1327 745 1355 ut
776 1318 961 1366 distingui
988 1328 1164 1366 nequeat.
1216 1319 1337 1357 Tuni-

236 1403 278 1430 ca
308 1390 424 1427 media
460 1398 495 1426 et
529 1389 657 1425 intima
691 1399 799 1436 supra
833 1396 868 1426 et
894 1387 988 1425 infra
1013 1388 1219 1437 cylindrum
1245 1400 1335 1427 con·

236 1461 421 1498 fluxerunt
446 1459 491 1496 ad
514 1469 666 1496 massam
692 1458 837 1514 rubram
860 1459 1031 1505 repletam
1053 1459 1197 1505 liquore
1219 1470 1336 1506 aquo·

237 1541 280 1567 so
305 1538 341 1567 et
366 1529 554 1577 sanguine.
607 1529 649 1565 In
673 1527 796 1565 tunica
819 1527 994 1565 cellulosa
1012 1527 1160 1576 sanguis
1185 1537 1337 1576 puncta-

237 1600 302 1637 tim
340 1607 594 1636 extravasatus
634 1605 718 1644 est,
766 1598 889 1636 tunica
928 1598 1043 1635 media
1080 1598 1182 1636 valde
1224 1599 1335 1638 rubra

240 1678 275 1706 et
310 1668 468 1706 crassior
499 1676 578 1715 est,
605 1667 729 1704 tunica
761 1667 887 1704 intima
909 1676 965 1705 est
996 1666 1101 1706 fusca
1120 1696 1132 1714 ‚
1158 1668 1268 1707 rubra
1299 1677 1336 1708 et

239 1740 408 1777 cohaeret
445 1749 527 1775 cum
573 1738 729 1786 coagulo
778 1737 966 1786 sanguinis
1009 1742 1125 1776 strato
1166 1739 1340 1787 lymphae

240 1809 433 1858 plasticae,
470 1807 570 1855 quod
615 1817 778 1855 magnam
817 1806 1028 1845 densitatem
1066 1807 1175 1844 habet
1222 1819 1339 1856 prope

240 1879 462 1928 cylindrum.
518 1877 635 1924 Supra
671 1885 707 1914 et
734 1875 827 1914 infra
850 1876 1007 1923 primum
1038 1888 1175 1913 ramum
1214 1878 1340 1915 latera-

238 1951 309 1988 lem
342 1948 464 1986 tunica
493 1955 642 1994 apparet
682 1946 719 1982 in
753 1947 863 1990 statu}
889 1956 993 1984 sano,
1061 1945 1339 1994 Nonnunquam

241 2031 330 2058 vero
363 2019 555 2055 observata
573 2024 629 2053 est
649 2015 880 2053 inflammatio
909 2016 1050 2053 tunicae
1075 2015 1218 2054 intimae
1253 2025 1340 2064 post

238 2090 429 2137 ligaturam
455 2085 604 2123 arteriae
628 2095 774 2123 extensa
802 2097 920 2133 usque
952 2087 997 2124 ad.
1029 2097 1094 2123 cor
1120 2085 1204 2136 (ι).
1251 2087 1342 2125 San·

1262 2155 1344 2206 guis

283 2241 331 2278 (1)
353 2240 557 2274 Hogdson‚
577 2240 600 2266 1.
616 2239 638 2266 l.
661 2246 689 2271 p.
710 2245 737 2271 7.
