1502 2767
368 138 1015 179 INTRODUCTIO.
1240 148 1259 184 7

160 251 210 289 mi
235 250 386 289 humani
410 249 596 299 depravati
619 259 732 296 gnaro
746 276 758 295 ‚
786 248 825 285 in
838 246 1012 285 confesso
1031 253 1103 283 est.
1136 244 1230 282 Hine
1249 271 1261 290 ‚

160 328 203 358 ut
226 320 260 358 L
276 332 299 357 u
313 331 332 357 c
346 331 402 358 an
416 331 470 357 us
497 320 566 368 (1)
589 320 662 368 ian]
687 317 844 356 cecinit:

217 404 327 435 Nulla
339 404 450 443 fides,
468 406 645 446 pietasque
664 404 764 441 viris,
788 404 845 445 qui
867 408 981 433 castra
999 407 1207 443 sequuntur,

185 491 189 495 ,
224 463 432 505 Venalesque
452 474 588 500 manus,
612 463 659 492 ibi
669 464 756 505 fas,
781 462 840 492 ubi
859 462 1005 491 maxima
1026 471 1158 489 merces.

161 542 265 592 Qui,
289 554 429 590 quaeso
444 571 457 590 ‚
485 542 616 591 religio
642 541 855 581 Christiana
879 540 1021 578 licitum
1045 537 1269 588 pronuncia-

159 619 214 649 ret
243 612 380 651 bellum
398 641 411 660 ‚
450 620 657 653 monstrum
687 609 779 649 illud
813 609 1063 655 horrendum,
1103 619 1178 655 quo
1207 618 1269 643 ιιι·-

159 681 230 720 bes·
249 681 520 731 incenduntur,
548 683 624 730 agri
649 689 841 720 vastantur
856 709 869 727 ,
895 679 1021 727 fruges
1045 678 1265 722 diruuntur,

158 751 300 789 incolae
334 752 508 790 omnibus
545 752 707 800 privati,
747 750 954 796 seminudi„
1003 749 1128 796 inopia
1166 746 1271 785 labo-

161 830 311 869 rantes,
363 834 429 860 nec
460 822 639 860 habentes
676 822 774 859 unde
814 815 952 858 victum
991 825 1195 866 quaerant,
1231 817 1269 852 in

160 890 265 928 silvis
300 890 473 938 dispalati
509 889 716 938 coguntur!
760 889 836 937 quo
874 891 965 926 alter
995 889 1146 925 alterum
1187 898 1271 924 cru-

158 960 288 998 deliter
320 960 535 998 vulneribus
570 959 749 1008 configit,
774 966 905 1004 vexat,
931 957 1004 1006 ipsi
1031 957 1203 994 morienti
1231 957 1273 992 il-

161 1029 256 1067 ludit
271 1040 455 1076 ‚eumque
481 1029 578 1067 haud
601 1040 682 1066 raro
709 1028 788 1065 sine
812 1027 947 1066 solatio
966 1027 1087 1065 ullave
1106 1028 1194 1063 cura
1209 1026 1273 1063 diu

161 1110 245 1136 cum
288 1108 409 1136 morte
453 1099 659 1145 luctatum,
702 1097 916 1136 saevissime
947 1105 983 1133 at
1020 1097 1118 1133 lente
1152 1102 1273 1130 tamen

162 1176 317 1207 mortem
374 1177 553 1218 oppetere
606 1166 719 1206 sinit!
775 1178 851 1214 quo
897 1166 1124 1213 populorum
1173 1164 1274 1200 salus

160 1238 405 1288 postponitur
421 1267 434 1287 ,
476 1238 599 1276 omnia
622 1237 759 1274 tributa
775 1264 787 1283 ‚
825 1221 948 1273 selitis
976 1234 1085 1272 etiam
1112 1220 1272 1281 majora,

166 1308 374 1356 militibus,
400 1308 509 1346 armis
525 1336 538 1354 ,
562 1307 708 1345 arcibus
731 1306 1023 1354 impenduntur,
1039 1304 1211 1341 ecclesiae
1237 1302 1275 1338 in

164 1378 322 1417 militum
357 1377 521 1416 aedificia
552 1384 855 1422 commutantur,
895 1374 1045 1411 scholae
1083 1373 1122 1410 in
1161 1384 1275 1409 noso-

166 1449 312 1495 comia,
343 1456 379 1485 et
405 1456 641 1484 monumenta
657 1445 750 1484 dirui
777 1454 812 1482 et
831 1444 917 1482 libri
938 1442 1105 1480 comburi
1131 1443 1273 1489 solent3

168 1518 311 1565 verbo,
354 1517 496 1565 omnia,
540 1528 633 1564 quae
664 1516 751 1553 alias
787 1515 931 1562 populo
974 1513 1177 1551 excolendo
1217 1514 1276 1548 in-

168 1588 359 1636 serviunt,
394 1586 660 1635 impediuntur.
716 1585 859 1623 Bellum
898 1584 1008 1630 dico,
1049 1594 1124 1631 quo
1167 1581 1273 1619 finito

172 1660 317 1717 saepius
332 1685 346 1706 ,
372 1669 456 1695 cum

309 1747 465 1776 Fortuna
484 1744 566 1775 belli
585 1754 712 1784 semper
733 1742 878 1783 ancipiti
900 1741 934 1770 in
956 1740 1028 1770 loco
1050 1746 1119 1779 est,

171 1820 333 1870 injustus
370 1819 525 1856 bellator
563 1817 683 1855 vietor
735 1816 904 1862 decedit,
954 1814 1127 1853 homines
1163 1823 1285 1855 castra.

172 1889 292 1929 secuti
327 1889 373 1927 ad
404 1889 516 1926 vitam
549 1886 695 1926 civilem
720 1887 818 1924 haud
838 1885 943 1923 facile
966 1885 1083 1923 redire
1109 1894 1279 1933 queunt,

172 1960 296 2009 rapina
329 1959 470 2008 quippe
509 1966 546 1996 et
577 1958 687 1996 caede
720 1956 890 1994 delectari
921 1956 1022 1994 soliti
1050 1955 1145 2006 (2)!
1188 1956 1283 2006 Qui·

1213 2025 1284 2062 bus

216 2105 270 2143 (ι)
287 2105 355 2135 Lib.
379 2106 418 2135 ΙΙ.

213 2163 264 2202 (ε)
283 2164 331 2192 De
347 2161 643 2198 malissquaerbeua
658 2168 761 2189 secum
778 2160 902 2196 ferunt,
926 2161 1004 2194 legg.
1027 2160 1060 2195 J„
1072 2160 1105 2188 L.
1125 2161 1147 2188 Ε
1158 2169 1211 2188 wa
1225 2162 1259 2188 ld
1271 2181 1280 2195 ,

178 2223 287 2256 onrwlog
303 2229 343 2249 en·
356 2220 446 2250 vrede
459 2221 509 2248 uit
528 2220 579 2247 hes
600 2218 767 2253 standpunt
785 2227 842 2247 van
856 2218 911 2245 den
926 2218 1067 2245 Clarium
1087 2216 1262 2245 hesclzouwd
1273 2237 1279 2244 .

1219 2283 1287 2310 Pssgo
