1502 2767
433 148 1031 208 ’r1-1EoL0G1cA.
1221 182 1293 221 135

169 272 231 315 ille
263 261 446 325 populum
479 287 587 314 suurn
631 277 748 325 praeit
783 279 828 316 ad
861 277 932 317 Dei
967 279 1117 327 templa.
1173 282 1288 319 Cives

169 357 250 384 eum
285 355 496 394 sequuntur
529 354 565 383 et
596 345 765 386 lubenter
796 348 974 397 principis
1011 351 1172 388 conatus
1201 351 1286 389 illos

168 426 403 464 summopere
433 417 624 465 adjuvant.

215 485 303 525 Dux
339 486 498 525 militum
534 486 718 536 principis
759 487 860 526 illius
904 488 1083 526 mandatis
1127 489 1285 536 obedit,

130 597 134 607 X
163 567 200 595 et
232 559 342 607 jussu
375 557 602 605 monitisque
619 586 631 605 ,
655 569 722 596 nee
758 568 835 595 non
876 557 1044 606 exemplo
1067 568 1108 594 ac
1132 558 1284 595 tenerri-

161 630 220 666 ma
260 639 344 677 erga
380 639 469 681 suos
505 627 790 673 militescura,
826 628 970 676 tendit,
998 637 1040 666 ut
1081 639 1203 676 neque
1244 629 1281 667 hl

161 697 290 735 hostes
312 697 441 745 ipsos,
471 708 592 745 neque
615 699 768 745 hostes,
797 698 1000 746 petulantia
1025 709 1066 736 ac
1089 699 1279 747 copiarum

154 765 387 805 'laesionibus
415 767 580 816 incitati,
633 768 704 805 hos
731 767 927 806 immanius
965 777 1136 807 tracte-nt.
1215 769 1280 806 Ille

158 834 263 886 parat
311 849 438 885 arma,
476 849 570 886 quae
620 838 825 876 necessaria
866 848 979 886 sunt,
1039 847 1074 876 et
1113 840 1277 887 gentium

159 907 302 956 pactis,
332 919 425 956 quae
448 908 588 946 violare
624 919 707 946 eum
738 907 909 956 dedecet,
951 919 1152 955 concessa,
1184 920 1278 957 quo·

156 989 237 1015 rum
275 977 525 1025 peritissimos
564 989 644 1015 esse
679 989 770 1015 suos
802 981 947 1016 summa
986 977 1111 1016 studet
1147 978 1277 1016 indus.

155 1046 240 1085 tria.
270 1046 351 1085 Nec
377 1046 563 1093 vindicta,
591 1056 655 1085 aut
680 1058 812 1096 pravae
838 1047 981 1095 gloriae
1017 1046 1181 1095 cupido,
1210 1050 1277 1086 sed

152 1116 310 1155 militurn
340 1128 381 1154 ac
413 1116 552 1166 patriae
589 1118 689 1155 salus
739 1126 776 1155 et
817 1118 917 1165 pacis
955 1118 1134 1155 citissime
1169 1119 1275 1156 resti-

153 1189 309 1227 tuendae
335 1199 453 1236 spes,
478 1188 601 1226 animo
630 1188 710 1237 ejus
748 1188 886 1225 addunt
925 1187 1114 1226 stimulos.
1169 1189 1276 1228 Talis

149 1259 226 1297 dux
253 1258 411 1296 militum
456 1267 651 1308 egestatem
689 1269 730 1295 ac
762 1256 925 1305 pericula
961 1259 1272 1306 commiseretur,

150 1328 393 1376 omniumque
423 1329 602 1365 malorum
637 1336 694 1366 est
730 1327 812 1376 ipse
847 1328 990 1366 socius.
1046 1330 1086 1366 In
1125 1330 1277 1377 praeliis.

96 1427 98 1430 -
146 1398 296 1437 minimo
335 1406 449 1435 certat
485 1399 665 1446 sanguine
704 1406 740 1434 et
782 1409 967 1446 suorum,
994 1406 1032 1435 et
1070 1397 1272 1447 hostium3

148 1467 288 1515 ubique
323 1468 523 1516 prudenter
552 1467 628 1516 agit
665 1479 705 1504 ac
731 1469 924 1507 consult0.
999 1467 1091 1506 Non
1124 1477 1266 1508 tantum

141 1538 301 1576 militum
342 1538 540 1586 sanguini,
570 1538 694 1585 quoad
729 1538 809 1587 ejus
837 1538 914 1576 fieri
941 1546 1094 1585 potest,
1125 1539 1266 1587 parcit,

142 1620 220 1647 non
251 1617 422 1655 tantum,
465 1620 512 1645 ne
544 1609 642 1645 bona
679 1608 723 1645 iis
759 1608 880 1645 desint
907 1609 1118 1655 terrestria,
1158 1617 1266 1646 curat

139 1680 201 1718 ille
236 1678 445 1727 praefectus
479 1678 747 1725 Christianus,
791 1678 856 1715 sed
895 1678 1003 1715 etiam
1040 1676 1267 1715 nobiliorem.

141 1749 269 1787 militis
305 1758 475 1797 partem,
511 1760 628 1796 quae,
669 1747 770 1785 omni
804 1747 898 1786 eladi
925 1755 1146 1796 superstes,
1175 1748 1262 1787 hos·
1309 1779 1311 1782 Α

137 1819 231 1857 tium
253 1818 364 1857 armis
397 1818 554 1866 effugit,
590 1818 687 1856 haud
727 1818 910 1866 negligit3
952 1820 1112 1856 animum
1141 1827 1259 1867 puta,

135 1889 197 1927 cui
233 1889 345 1926 variis
386 1887 552 1926 consulit
587 1888 723 1926 modis.
779 1887 892 1925 Hunc
925 1887 963 1924 in
1002 1888 1110 1927 finem
1137 1887 1258 1926 cuivis

134 1958 312 2006 libellos,
337 1958 485 1996 militari
513 1959 598 1995 usui
629 1967 766 2007 aptOS,
795 1957 1015 2005 distribuit,
1043 1968 1165 2005 neque
1192 1959 1260 1995 mi-

132 2030 216 2067 lites
239 2027 429 2075 religionis
456 2026 693 2066 institutione
729 2027 928 2074 destituit,
963 2036 1092 2066 contra
1135 2039 1223 2066 vero
1241 2059 1254 2077 ,

132 2105 173 2135 ut
207 2097 246 2136 in
282 2096 412 2134 castris
444 2095 565 2134 adsint
598 2095 702 2134 verbi
732 2095 849 2133 divini
885 2095 1131 2143 interpretes,
1167 2093 1256 2146 pro-

131 2166 256 2216 spicit.
286 2168 322 2205 A
344 2165 536 2213 religionis
562 2165 731 2204 doctrina
755 2164 836 2213 ipse
860 2166 954 2214 petit
970 2193 983 2213 ,
1012 2174 1048 2203 et
1062 2166 1133 2204 scit
1157 2166 1255 2204 mili·

130 2236 233 2275 tibus
260 2236 412 2283 petenda
444 2246 524 2275 esse
551 2247 691 2274 summa
722 2235 765 2273 ad
798 2234 1054 2273 fortitudinem
1088 2246 1253 2282 momen*-

1218 2314 1254 2342 ta
