1523 2745
278 173 348 221 178
427 169 681 211 COMM.
735 169 1244 214 L1TERAR1A.

278 290 388 328 quam
401 279 646 318 Euboeenses
669 277 864 317 defecisse.
892 279 1007 328 Quod
1019 279 1050 317 si
1063 291 1191 317 verum
1205 308 1218 327 ,
1233 280 1390 319 Pericles

277 344 430 392 Megara
464 344 569 393 prius
604 344 891 393 expugnavisset
907 371 920 390 ‚
971 346 1204 392 (praesertim
1218 373 1231 391 ‚
1275 356 1389 392 quum

277 424 298 451 a
323 414 608 462 Megarensibus
630 414 775 452 urbium
803 414 977 450 custodes
1009 412 1192 450 interfecti
1216 422 1340 451 essent
1355 415 1393 462 ‚)

278 482 411 520 deinde
437 485 475 520 in
500 484 692 522 Euboeam
715 483 941 533 trajecisset:
958 493 1056 520 nunc
1080 494 1196 529 vero,
1226 495 1264 520 re
1290 483 1394 521 audi-

279 561 345 600 ta,
371 562 484 603 atque
510 554 663 602 insuper
686 554 977 591 animadvertens
1002 554 1265 602 Spartanorum
1291 565 1393 591 exer-

279 624 398 662 citum
433 624 580 663 Atticae
615 624 833 670 imminere,
882 623 1048 661 celeriter
1094 634 1264 661 reversus
1308 631 1390 670 est,

279 692 446 742 illudque
470 695 609 732 bellum
652 706 695 732 eo
735 695 846 732 modo
881 704 937 732 est
976 694 1151 741 finitum,
1190 705 1266 741 quo
1297 693 1395 731 indi-

277 774 382 802 catur
407 776 427 802 a
460 765 733 813 scriptoribus,
763 776 921 813 quorum
945 764 1202 803 auctoritatem
1239 771 1392 801 secutus

274 845 376 873 sum.
420 835 662 883 Megarenses
688 835 800 882 hujus
826 833 1005 871 victoriae
1021 833 1130 881 ,sive
1152 833 1280 880 potius
1304 844 1388 882 per·

277 903 412 951 fidiae,
439 912 719 942 monumentum
745 903 1005 952 reliquerunt,
1040 903 1211 952 Apollini
1239 903 1388 952 signum

272 974 456 1012 hastatum
475 982 733 1011 consecrantes
761 972 846 1021 (1).

322 1044 381 1082 De
414 1042 532 1081 decem
570 1044 746 1091 talentis,
775 1043 913 1097 quibus
943 1043 1102 1082 Pericles
1128 1042 1387 1082 Cleandridcm

273 1115 472 1164 corrupit,
525 1123 670 1161 praeter
713 1115 838 1152 locum
884 1114 1098 1161 Plutarchi,
1153 1125 1229 1161 quo
1256 1113 1389 1152 nititur

276 1191 405 1220 nostra
451 1183 750 1230 argumentatio,
790 1191 906 1222 testes
943 1183 1063 1222 afferri
1099 1193 1261 1232 possunt
1304 1184 1391 1222 Sui·-

274 1253 365 1298 das,
430 1252 645 1300 Hesychius
699 1261 735 1289 et
783 1253 912 1292 Schol.
961 1255 1007 1291 ad
1047 1254 1252 1302 Aristoph.
1289 1254 1385 1302 (ε),

272 1332 293 1358 a
338 1319 476 1367 quibus
518 1321 677 1359 Pericles
726 1320 876 1368 fertur,
931 1333 1045 1369 quum
1081 1322 1267 1361 Praetoris
1303 1334 1386 1361 mu-

270 1401 356 1428 nere
392 1391 590 1429 defunctus
628 1391 789 1429 rationes
838 1391 1033 1438 redderet,
1086 1392 1250 1438 dixisse,
1300 1405 1383 1432 sese

270 1462 446 1510 pecunias
491 1466 541 1507 εἱς
584 1465 623 1503 τὸ
649 1464 721 1503 δέον
760 1462 998 1510 impendisse.
1052 1462 1275 1514 Plutarchus
1313 1464 1382 1512 (3)

266 1541 387 1569 tamen
426 1543 447 1569 e
488 1532 751 1579 Theophrasto
795 1541 925 1579 notat,
973 1533 1146 1570 Periclem
1203 1533 1264 1571 illa
1299 1545 1382 1572 ver-

266 1602 312 1638 ba
347 1602 414 1639 alia
449 1602 642 1639 occasione
678 1600 826 1639 effatum
872 1601 1018 1650 fuisse3
1055 1603 1234 1650 illumque
1271 1614 1382 1651 quot-

264 1672 371 1709 annis
429 1673 552 1709 decem
620 1673 841 1709 talentorum
905 1684 1084 1710 summam
1133 1673 1380 1712 Lacedaemo·

261 1752 343 1778 nem
366 1741 526 1779 misisse.
567 1742 609 1778 In
637 1741 930 1791 ScholiasteJ‘am
972 1752 1174 1780 memorato
1213 1737 1254 1781 ac
1293 1744 1378 1782 Sui-

261 1812 305 1849 da
337 1811 404 1848 alia
436 1810 879 1859 etiaminveniuntur‚v.
905 1824 939 1851 c.
967 1813 1175 1851 Pericleme
1195 1814 1375 1862 pecunia,

1280 1895 1372 1931 quae

296 1996 349 2032 (1)
371 1997 451 2025 Plut.
471 1997 508 2024 de
523 1996 645 2032 Pythiae
667 1996 824 2031 Oraculis,
840 2004 907 2031 cap.
933 1998 977 2026 16.
996 2005 1026 2031 p.
1045 2005 1113 2032 402.
1134 1999 1172 2026 A.

294 2058 347 2096 (2)
369 2058 450 2087 suid.
472 2060 597 2087 vocibus
627 2055 699 2090 δέον
715 2083 723 2096 ,
747 2055 859 2098 ἔφοροι
874 2069 906 2090 et
926 2057 972 2095 εἷς
989 2056 1028 2089 τὶ
1044 2054 1318 2096 ἕέον.·-Ηεεγς1ι.
1338 2061 1370 2090 in

256 2130 334 2150 voce
358 2116 441 2151 δέον.
463 2135 501 2142 -
518 2123 616 2150 Schol.
633 2122 671 2149 ad
696 2121 851 2156 Aristoph.
876 2123 978 2151 Nubb.
992 2130 1039 2152 vs.
1066 2124 1286 2157 857.—Ducta
1303 2132 1371 2154 sunt

260 2185 298 2205 ex
315 2178 449 2212 Ephoro.
467 2177 559 2205 Conf.
580 2177 715 2206 Marxius
738 2178 773 2206 ad
799 2180 913 2213 Ephori
932 2181 1068 2214 fragmm.
1097 2188 1129 2215 p-
1149 2183 1216 2212 226.

292 2234 345 2272 (3)
366 2234 446 2263 Plut.
474 2233 504 2261 in
523 2235 593 2263 Per.
616 2242 681 2270 cap.
703 2243 752 2269 23·
770 2244 798 2271 p.
819 2237 886 2273 164.
