<?xml version="1.0" encoding="UTF-8"?>
<!DOCTYPE html PUBLIC "-//W3C//DTD XHTML 1.0 Transitional//EN"
    "http://www.w3.org/TR/xhtml1/DTD/xhtml1-transitional.dtd">
<html xmlns="http://www.w3.org/1999/xhtml" xml:lang="en" lang="en">
 <head>
  <title>
</title>
<meta http-equiv="Content-Type" content="text/html;charset=utf-8" />
  <meta name='ocr-system' content='tesseract 3.04.00' />
  <meta name='ocr-capabilities' content='ocr_page ocr_carea ocr_par ocr_line ocrx_word'/>
</head>
<body>
  <div class='ocr_page' id='page_1' title='image "annalesacademiae33rhen_0791.png"; bbox 0 0 1523 2745; ppageno 0'>
   <div class='ocr_carea' id='block_1_1' title="bbox 440 163 1264 216">
    <p class='ocr_par' dir='ltr' id='par_1_1' title="bbox 440 163 1264 216">
     <span class='ocr_line' id='line_1_1' title="bbox 440 163 1264 216; baseline 0.008 -14"><span class='ocrx_word' id='word_1_1' title='bbox 440 163 955 204; x_wconf 81' lang='lat' dir='ltr'>LITERARIA.</span> <span class='ocrx_word' id='word_1_2' title='bbox 1205 179 1264 216; x_wconf 76' lang='grc'>,3-7</span> 
     </span>
    </p>
   </div>
   <div class='ocr_carea' id='block_1_2' title="bbox 101 273 1260 1651">
    <p class='ocr_par' dir='ltr' id='par_1_2' title="bbox 134 273 1260 603">
     <span class='ocr_line' id='line_1_2' title="bbox 138 273 1260 324; baseline 0.002 -14"><span class='ocrx_word' id='word_1_3' title='bbox 138 281 336 324; x_wconf 73' lang='lat' dir='ltr'>,pateretur</span> <span class='ocrx_word' id='word_1_4' title='bbox 360 273 554 312; x_wconf 86' lang='lat' dir='ltr'>vilissimis</span> <span class='ocrx_word' id='word_1_5' title='bbox 579 274 797 313; x_wconf 86' lang='lat' dir='ltr'>criminibus</span> <span class='ocrx_word' id='word_1_6' title='bbox 819 274 929 312; x_wconf 86' lang='lat' dir='ltr'>obrui</span> <span class='ocrx_word' id='word_1_7' title='bbox 960 274 1134 312; x_wconf 71' lang='lat' dir='ltr'>artificem</span> <span class='ocrx_word' id='word_1_8' title='bbox 1152 303 1165 321; x_wconf 93' lang='lat'><strong>‚</strong></span> <span class='ocrx_word' id='word_1_9' title='bbox 1194 276 1260 322; x_wconf 80' lang='lat' dir='ltr'>qni</span> 
     </span>
     <span class='ocr_line' id='line_1_3' title="bbox 134 344 1259 393; baseline -0.002 -9"><span class='ocrx_word' id='word_1_10' title='bbox 134 356 242 384; x_wconf 84' lang='lat' dir='ltr'>-unus</span> <span class='ocrx_word' id='word_1_11' title='bbox 271 345 436 383; x_wconf 88' lang='lat' dir='ltr'>omnium</span> <span class='ocrx_word' id='word_1_12' title='bbox 477 345 677 393; x_wconf 86' lang='lat' dir='ltr'>plurimum</span> <span class='ocrx_word' id='word_1_13' title='bbox 717 345 923 383; x_wconf 80' lang='lat' dir='ltr'>ornamenti</span> <span class='ocrx_word' id='word_1_14' title='bbox 958 344 1115 382; x_wconf 80' lang='lat' dir='ltr'>Athenis</span> <span class='ocrx_word' id='word_1_15' title='bbox 1162 353 1259 382; x_wconf 84' lang='lat' dir='ltr'>attu-</span> 
     </span>
     <span class='ocr_line' id='line_1_4' title="bbox 137 414 1258 465; baseline -0.001 -12"><span class='ocrx_word' id='word_1_16' title='bbox 137 414 240 454; x_wconf 86' lang='lat' dir='ltr'>lerat.</span> <span class='ocrx_word' id='word_1_17' title='bbox 295 415 399 465; x_wconf 88' lang='lat' dir='ltr'>Quin</span> <span class='ocrx_word' id='word_1_18' title='bbox 440 426 484 452; x_wconf 81' lang='lat' dir='ltr'>eo</span> <span class='ocrx_word' id='word_1_19' title='bbox 511 426 632 463; x_wconf 88' lang='lat' dir='ltr'>usque</span> <span class='ocrx_word' id='word_1_20' title='bbox 661 415 845 463; x_wconf 86' lang='lat' dir='ltr'>processit</span> <span class='ocrx_word' id='word_1_21' title='bbox 865 415 1026 463; x_wconf 80' lang='lat' dir='ltr'>ingratae</span> <span class='ocrx_word' id='word_1_22' title='bbox 1054 415 1171 462; x_wconf 82' lang='lat' dir='ltr'>plebis</span> <span class='ocrx_word' id='word_1_23' title='bbox 1198 415 1258 453; x_wconf 84' lang='lat' dir='ltr'>su-</span> 
     </span>
     <span class='ocr_line' id='line_1_5' title="bbox 136 483 1256 534; baseline -0.001 -12"><span class='ocrx_word' id='word_1_24' title='bbox 136 494 227 532; x_wconf 85' lang='lat' dir='ltr'>ror,</span> <span class='ocrx_word' id='word_1_25' title='bbox 253 493 296 522; x_wconf 92' lang='lat' dir='ltr'>ut</span> <span class='ocrx_word' id='word_1_26' title='bbox 329 484 434 522; x_wconf 89' lang='lat' dir='ltr'>illum</span> <span class='ocrx_word' id='word_1_27' title='bbox 475 483 513 523; x_wconf 86' lang='lat' dir='ltr'>in</span> <span class='ocrx_word' id='word_1_28' title='bbox 547 484 701 523; x_wconf 84' lang='lat' dir='ltr'>-vincula</span> <span class='ocrx_word' id='word_1_29' title='bbox 737 485 962 534; x_wconf 82' lang='lat' dir='ltr'>conjicerent</span> <span class='ocrx_word' id='word_1_30' title='bbox 998 484 1091 534; x_wconf 84' lang='grc' dir='ltr'>(ι),</span> <span class='ocrx_word' id='word_1_31' title='bbox 1145 485 1256 523; x_wconf 87' lang='lat' dir='ltr'>indici</span> 
     </span>
     <span class='ocr_line' id='line_1_6' title="bbox 135 553 908 603; baseline 0.003 -13"><span class='ocrx_word' id='word_1_32' title='bbox 135 553 265 591; x_wconf 89' lang='lat' dir='ltr'>infami</span> <span class='ocrx_word' id='word_1_33' title='bbox 288 565 442 592; x_wconf 68' lang='lat' dir='ltr'>⁴summa</span> <span class='ocrx_word' id='word_1_34' title='bbox 468 553 674 592; x_wconf 85' lang='lat' dir='ltr'>tribuerent</span> <span class='ocrx_word' id='word_1_35' title='bbox 700 554 908 603; x_wconf 83' lang='lat' dir='ltr'>privilegia.</span> 
     </span>
    </p>

    <p class='ocr_par' dir='ltr' id='par_1_3' title="bbox 125 623 1254 1021">
     <span class='ocr_line' id='line_1_7' title="bbox 184 623 1252 662; baseline 0.001 -1"><span class='ocrx_word' id='word_1_36' title='bbox 184 623 278 661; x_wconf 88' lang='lat' dir='ltr'>Post</span> <span class='ocrx_word' id='word_1_37' title='bbox 318 626 407 660; x_wconf 76' lang='lat' dir='ltr'>banc</span> <span class='ocrx_word' id='word_1_38' title='bbox 439 634 541 660; x_wconf 90' lang='lat' dir='ltr'>suam</span> <span class='ocrx_word' id='word_1_39' title='bbox 571 623 764 662; x_wconf 87' lang='lat' dir='ltr'>victoriam</span> <span class='ocrx_word' id='word_1_40' title='bbox 796 625 948 662; x_wconf 83' lang='lat' dir='ltr'>Periclis</span> <span class='ocrx_word' id='word_1_41' title='bbox 974 625 1252 662; x_wconf 82' lang='lat' dir='ltr'>obtrectatores</span> 
     </span>
     <span class='ocr_line' id='line_1_8' title="bbox 133 693 1253 743; baseline 0.003 -13"><span class='ocrx_word' id='word_1_42' title='bbox 133 693 290 730; x_wconf 83' lang='lat' dir='ltr'>ulterius</span> <span class='ocrx_word' id='word_1_43' title='bbox 313 693 529 741; x_wconf 78' lang='lat' dir='ltr'>progressi,</span> <span class='ocrx_word' id='word_1_44' title='bbox 547 694 651 740; x_wconf 93' lang='lat' dir='ltr'>quod</span> <span class='ocrx_word' id='word_1_45' title='bbox 675 694 727 731; x_wconf 88' lang='lat' dir='ltr'>illi</span> <span class='ocrx_word' id='word_1_46' title='bbox 755 705 877 731; x_wconf 86' lang='lat' dir='ltr'>carum</span> <span class='ocrx_word' id='word_1_47' title='bbox 906 703 1150 743; x_wconf 80' lang='lat' dir='ltr'>sanctumque</span> <span class='ocrx_word' id='word_1_48' title='bbox 1171 706 1253 733; x_wconf 87' lang='lat' dir='ltr'>esse</span> 
     </span>
     <span class='ocr_line' id='line_1_9' title="bbox 126 763 1254 813; baseline 0.002 -13"><span class='ocrx_word' id='word_1_49' title='bbox 126 772 412 811; x_wconf 80' lang='lat' dir='ltr'>cognoverant,</span> <span class='ocrx_word' id='word_1_50' title='bbox 476 764 514 801; x_wconf 91' lang='lat' dir='ltr'>in</span> <span class='ocrx_word' id='word_1_51' title='bbox 551 763 588 802; x_wconf 90' lang='lat' dir='ltr'>id</span> <span class='ocrx_word' id='word_1_52' title='bbox 622 763 807 802; x_wconf 86' lang='lat' dir='ltr'>offendere</span> <span class='ocrx_word' id='word_1_53' title='bbox 828 775 1034 811; x_wconf 85' lang='lat' dir='ltr'>coeperunt</span> <span class='ocrx_word' id='word_1_54' title='bbox 1068 773 1104 802; x_wconf 87' lang='lat' dir='ltr'>et</span> <span class='ocrx_word' id='word_1_55' title='bbox 1132 766 1254 813; x_wconf 84' lang='lat' dir='ltr'>Aspa-</span> 
     </span>
     <span class='ocr_line' id='line_1_10' title="bbox 132 831 1253 881; baseline 0.003 -13"><span class='ocrx_word' id='word_1_56' title='bbox 132 831 223 868; x_wconf 89' lang='lat' dir='ltr'>siam</span> <span class='ocrx_word' id='word_1_57' title='bbox 238 859 251 878; x_wconf 88' lang='lat'>,</span> <span class='ocrx_word' id='word_1_58' title='bbox 270 843 378 878; x_wconf 88' lang='lat' dir='ltr'>quarn</span> <span class='ocrx_word' id='word_1_59' title='bbox 404 833 527 881; x_wconf 79' lang='lat' dir='ltr'>J‘ustae</span> <span class='ocrx_word' id='word_1_60' title='bbox 550 833 679 870; x_wconf 86' lang='lat' dir='ltr'>uxoris</span> <span class='ocrx_word' id='word_1_61' title='bbox 693 834 777 870; x_wconf 90' lang='lat' dir='ltr'>loco</span> <span class='ocrx_word' id='word_1_62' title='bbox 803 833 960 870; x_wconf 87' lang='lat' dir='ltr'>habebat</span> <span class='ocrx_word' id='word_1_63' title='bbox 982 843 1092 881; x_wconf 86' lang='lat' dir='ltr'>atque</span> <span class='ocrx_word' id='word_1_64' title='bbox 1107 835 1253 871; x_wconf 79' lang='lat' dir='ltr'>Anaxa-</span> 
     </span>
     <span class='ocr_line' id='line_1_11' title="bbox 125 901 1252 950; baseline 0.004 -13"><span class='ocrx_word' id='word_1_65' title='bbox 125 909 284 948; x_wconf 77' lang='lat' dir='ltr'>goram,</span> <span class='ocrx_word' id='word_1_66' title='bbox 319 901 535 949; x_wconf 83' lang='lat' dir='ltr'>magistrum</span> <span class='ocrx_word' id='word_1_67' title='bbox 557 902 730 939; x_wconf 88' lang='lat' dir='ltr'>dilectum</span> <span class='ocrx_word' id='word_1_68' title='bbox 759 911 794 939; x_wconf 91' lang='lat' dir='ltr'>et</span> <span class='ocrx_word' id='word_1_69' title='bbox 814 902 1016 950; x_wconf 82' lang='lat' dir='ltr'>sapientem</span> <span class='ocrx_word' id='word_1_70' title='bbox 1036 904 1252 942; x_wconf 84' lang='lat' dir='ltr'>consiliato-</span> 
     </span>
     <span class='ocr_line' id='line_1_12' title="bbox 129 971 1249 1021; baseline 0.005 -16"><span class='ocrx_word' id='word_1_71' title='bbox 129 978 234 1016; x_wconf 83' lang='lat' dir='ltr'>rem,</span> <span class='ocrx_word' id='word_1_72' title='bbox 273 981 388 1016; x_wconf 89' lang='lat' dir='ltr'>quum</span> <span class='ocrx_word' id='word_1_73' title='bbox 416 972 461 1008; x_wconf 86' lang='lat' dir='ltr'>ad</span> <span class='ocrx_word' id='word_1_74' title='bbox 488 979 638 1008; x_wconf 87' lang='lat' dir='ltr'>naturae</span> <span class='ocrx_word' id='word_1_75' title='bbox 665 972 764 1019; x_wconf 86' lang='lat' dir='ltr'>leges</span> <span class='ocrx_word' id='word_1_76' title='bbox 800 971 981 1019; x_wconf 84' lang='lat' dir='ltr'>referret,</span> <span class='ocrx_word' id='word_1_77' title='bbox 1009 984 1102 1019; x_wconf 90' lang='lat' dir='ltr'>quae</span> <span class='ocrx_word' id='word_1_78' title='bbox 1136 974 1249 1021; x_wconf 81' lang='lat' dir='ltr'>vulgo</span> 
     </span>
    </p>

    <p class='ocr_par' dir='ltr' id='par_1_4' title="bbox 101 1040 1248 1091">
     <span class='ocr_line' id='line_1_13' title="bbox 101 1040 1248 1091; baseline 0.005 -17"><span class='ocrx_word' id='word_1_79' title='bbox 101 1086 104 1091; x_wconf 14' lang='grc' dir='ltr'>ἣ</span> <span class='ocrx_word' id='word_1_80' title='bbox 121 1046 298 1086; x_wconf 73' lang='lat' dir='ltr'>portenta</span> <span class='ocrx_word' id='word_1_81' title='bbox 311 1040 521 1078; x_wconf 84' lang='lat' dir='ltr'>viderentur</span> <span class='ocrx_word' id='word_1_82' title='bbox 534 1047 553 1086; x_wconf 54' lang='lat'>‚¹</span> <span class='ocrx_word' id='word_1_83' title='bbox 577 1040 774 1088; x_wconf 88' lang='lat' dir='ltr'>impietatis</span> <span class='ocrx_word' id='word_1_84' title='bbox 799 1052 881 1078; x_wconf 91' lang='lat' dir='ltr'>reos</span> <span class='ocrx_word' id='word_1_85' title='bbox 914 1043 982 1090; x_wconf 84' lang='lat'>(2)</span> <span class='ocrx_word' id='word_1_86' title='bbox 997 1041 1191 1089; x_wconf 80' lang='lat' dir='ltr'>fecerunt,</span> <span class='ocrx_word' id='word_1_87' title='bbox 1207 1052 1248 1080; x_wconf 90' lang='lat' dir='ltr'>ut</span> 
     </span>
    </p>

    <p class='ocr_par' dir='ltr' id='par_1_5' title="bbox 119 1100 1250 1505">
     <span class='ocr_line' id='line_1_14' title="bbox 125 1100 1250 1161; baseline 0.004 -16"><span class='ocrx_word' id='word_1_88' title='bbox 125 1107 250 1155; x_wconf 88' lang='lat' dir='ltr'>ipsum</span> <span class='ocrx_word' id='word_1_89' title='bbox 278 1109 482 1155; x_wconf 87' lang='lat' dir='ltr'>aliquando</span> <span class='ocrx_word' id='word_1_90' title='bbox 523 1110 653 1146; x_wconf 87' lang='lat' dir='ltr'>eodem</span> <span class='ocrx_word' id='word_1_91' title='bbox 679 1100 1071 1149; x_wconf 66' lang='lat' dir='ltr'>crimine‘obruerent.</span> <span class='ocrx_word' id='word_1_92' title='bbox 1126 1114 1250 1161; x_wconf 84' lang='lat' dir='ltr'>Popu-</span> 
     </span>
     <span class='ocr_line' id='line_1_15' title="bbox 123 1177 1246 1225; baseline 0.007 -12"><span class='ocrx_word' id='word_1_93' title='bbox 123 1177 184 1214; x_wconf 87' lang='lat' dir='ltr'>lus</span> <span class='ocrx_word' id='word_1_94' title='bbox 214 1185 338 1214; x_wconf 88' lang='lat' dir='ltr'>autem</span> <span class='ocrx_word' id='word_1_95' title='bbox 365 1186 567 1225; x_wconf 87' lang='lat' dir='ltr'>utrumque</span> <span class='ocrx_word' id='word_1_96' title='bbox 590 1179 828 1225; x_wconf 80' lang='lat' dir='ltr'>damnasset,</span> <span class='ocrx_word' id='word_1_97' title='bbox 867 1180 941 1217; x_wconf 88' lang='lat' dir='ltr'>nisi</span> <span class='ocrx_word' id='word_1_98' title='bbox 965 1182 1123 1221; x_wconf 85' lang='lat' dir='ltr'>Pericles</span> <span class='ocrx_word' id='word_1_99' title='bbox 1146 1184 1246 1221; x_wconf 85' lang='lat' dir='ltr'>illius</span> 
     </span>
     <span class='ocr_line' id='line_1_16' title="bbox 121 1248 1243 1300; baseline 0.006 -17"><span class='ocrx_word' id='word_1_100' title='bbox 121 1257 281 1294; x_wconf 89' lang='lat' dir='ltr'>poenam</span> <span class='ocrx_word' id='word_1_101' title='bbox 314 1248 487 1296; x_wconf 85' lang='lat' dir='ltr'>lacrymis</span> <span class='ocrx_word' id='word_1_102' title='bbox 525 1249 582 1298; x_wconf 84' lang='lat' dir='ltr'>(si</span> <span class='ocrx_word' id='word_1_103' title='bbox 617 1249 818 1286; x_wconf 84' lang='lat' dir='ltr'>Plutarcho</span> <span class='ocrx_word' id='word_1_104' title='bbox 853 1250 943 1288; x_wconf 85' lang='lat' dir='ltr'>fides</span> <span class='ocrx_word' id='word_1_105' title='bbox 980 1252 1144 1290; x_wconf 85' lang='lat' dir='ltr'>habenda</span> <span class='ocrx_word' id='word_1_106' title='bbox 1171 1254 1243 1300; x_wconf 84' lang='lat' dir='ltr'>sit)</span> 
     </span>
     <span class='ocr_line' id='line_1_17' title="bbox 119 1317 1244 1364; baseline 0.009 -12"><span class='ocrx_word' id='word_1_107' title='bbox 119 1323 156 1352; x_wconf 90' lang='lat' dir='ltr'>et</span> <span class='ocrx_word' id='word_1_108' title='bbox 190 1317 366 1364; x_wconf 85' lang='lat' dir='ltr'>precibus</span> <span class='ocrx_word' id='word_1_109' title='bbox 402 1318 620 1364; x_wconf 83' lang='lat' dir='ltr'>deprecatus</span> <span class='ocrx_word' id='word_1_110' title='bbox 659 1318 820 1357; x_wconf 80' lang='lat' dir='ltr'>fuisset:</span> <span class='ocrx_word' id='word_1_111' title='bbox 850 1321 947 1358; x_wconf 86' lang='lat' dir='ltr'>hunc</span> <span class='ocrx_word' id='word_1_112' title='bbox 980 1333 1070 1359; x_wconf 86' lang='lat' dir='ltr'>vero</span> <span class='ocrx_word' id='word_1_113' title='bbox 1107 1324 1142 1360; x_wconf 90' lang='lat' dir='ltr'>in</span> <span class='ocrx_word' id='word_1_114' title='bbox 1167 1337 1244 1362; x_wconf 84' lang='lat' dir='ltr'>car·</span> 
     </span>
     <span class='ocr_line' id='line_1_18' title="bbox 119 1386 1242 1441; baseline 0.009 -19"><span class='ocrx_word' id='word_1_115' title='bbox 119 1396 239 1424; x_wconf 89' lang='lat' dir='ltr'>cerem</span> <span class='ocrx_word' id='word_1_116' title='bbox 276 1387 468 1424; x_wconf 85' lang='lat' dir='ltr'>detrusum</span> <span class='ocrx_word' id='word_1_117' title='bbox 491 1387 576 1435; x_wconf 80' lang='lat' dir='ltr'>vix,</span> <span class='ocrx_word' id='word_1_118' title='bbox 613 1386 779 1435; x_wconf 86' lang='lat' dir='ltr'>fugiendi</span> <span class='ocrx_word' id='word_1_119' title='bbox 805 1389 999 1436; x_wconf 66' lang='lat' dir='ltr'>occasione</span> <span class='ocrx_word' id='word_1_120' title='bbox 1020 1402 1141 1441; x_wconf 80' lang='lat' dir='ltr'>parata</span> <span class='ocrx_word' id='word_1_121' title='bbox 1158 1422 1170 1441; x_wconf 87' lang='lat'>,</span> <span class='ocrx_word' id='word_1_122' title='bbox 1197 1396 1242 1431; x_wconf 90' lang='lat' dir='ltr'>li·</span> 
     </span>
     <span class='ocr_line' id='line_1_19' title="bbox 121 1453 441 1505; baseline 0.009 -14"><span class='ocrx_word' id='word_1_123' title='bbox 121 1453 327 1494; x_wconf 86' lang='lat' dir='ltr'>beravisset</span> <span class='ocrx_word' id='word_1_124' title='bbox 352 1456 441 1505; x_wconf 79' lang='lat'><strong>(3).</strong></span> 
     </span>
    </p>

    <p class='ocr_par' dir='ltr' id='par_1_6' title="bbox 119 1521 1241 1651">
     <span class='ocr_line' id='line_1_20' title="bbox 162 1521 1241 1574; baseline 0.011 -14"><span class='ocrx_word' id='word_1_125' title='bbox 162 1521 223 1562; x_wconf 85' lang='lat' dir='ltr'>.Et</span> <span class='ocrx_word' id='word_1_126' title='bbox 251 1525 323 1573; x_wconf 74' lang='lat' dir='ltr'>Jam</span> <span class='ocrx_word' id='word_1_127' title='bbox 351 1525 470 1574; x_wconf 89' lang='lat' dir='ltr'>ipsius</span> <span class='ocrx_word' id='word_1_128' title='bbox 499 1527 650 1565; x_wconf 89' lang='lat' dir='ltr'>Periclis</span> <span class='ocrx_word' id='word_1_129' title='bbox 675 1527 840 1565; x_wconf 86' lang='lat' dir='ltr'>actiones</span> <span class='ocrx_word' id='word_1_130' title='bbox 866 1528 1154 1571; x_wconf 79' lang='lat' dir='ltr'>adversariorum</span> <span class='ocrx_word' id='word_1_131' title='bbox 1181 1546 1241 1572; x_wconf 80' lang='lat' dir='ltr'>ca·</span> 
     </span>
     <span class='ocr_line' id='line_1_21' title="bbox 119 1595 1239 1651; baseline 0.009 -18"><span class='ocrx_word' id='word_1_132' title='bbox 119 1595 496 1645; x_wconf 72' lang='lat' dir='ltr'>lumniispatebant⁹</span> <span class='ocrx_word' id='word_1_133' title='bbox 525 1598 715 1645; x_wconf 87' lang='lat' dir='ltr'>latumque</span> <span class='ocrx_word' id='word_1_134' title='bbox 748 1608 804 1636; x_wconf 91' lang='lat' dir='ltr'>est</span> <span class='ocrx_word' id='word_1_135' title='bbox 831 1599 1042 1648; x_wconf 88' lang='lat' dir='ltr'>decretum,</span> <span class='ocrx_word' id='word_1_136' title='bbox 1072 1615 1148 1651; x_wconf 83' lang='lat' dir='ltr'>quo</span> <span class='ocrx_word' id='word_1_137' title='bbox 1174 1617 1239 1643; x_wconf 73' lang='lat' dir='ltr'>co=</span> 
     </span>
    </p>
   </div>
   <div class='ocr_carea' id='block_1_3' title="bbox 1176 1687 1239 1724">
    <p class='ocr_par' dir='ltr' id='par_1_7' title="bbox 1176 1687 1239 1724">
     <span class='ocr_line' id='line_1_22' title="bbox 1176 1687 1239 1724; baseline 0.016 0"><span class='ocrx_word' id='word_1_138' title='bbox 1176 1687 1239 1724; x_wconf 79' lang='lat' dir='ltr'>ge-</span> 
     </span>
    </p>
   </div>
   <div class='ocr_carea' id='block_1_4' title="bbox 113 1782 1282 1997">
    <p class='ocr_par' dir='ltr' id='par_1_8' title="bbox 113 1782 1282 1997">
     <span class='ocr_line' id='line_1_23' title="bbox 157 1782 1233 1832; baseline 0.013 -19"><span class='ocrx_word' id='word_1_139' title='bbox 157 1782 212 1824; x_wconf 80' lang='lat' dir='ltr'>(i)</span> <span class='ocrx_word' id='word_1_140' title='bbox 230 1783 309 1817; x_wconf 77' lang='lat' dir='ltr'>Piin.</span> <span class='ocrx_word' id='word_1_141' title='bbox 336 1788 360 1817; x_wconf 82' lang='grc' dir='ltr'>Ι.</span> <span class='ocrx_word' id='word_1_142' title='bbox 384 1796 416 1819; x_wconf 90' lang='lat' dir='ltr'>c.</span> <span class='ocrx_word' id='word_1_143' title='bbox 443 1796 512 1818; x_wconf 87' lang='lat' dir='ltr'>eum</span> <span class='ocrx_word' id='word_1_144' title='bbox 531 1788 569 1819; x_wconf 58' lang='lat' dir='ltr'>‘in</span> <span class='ocrx_word' id='word_1_145' title='bbox 591 1799 710 1820; x_wconf 84' lang='lat' dir='ltr'>carcere</span> <span class='ocrx_word' id='word_1_146' title='bbox 730 1793 836 1828; x_wconf 65' lang='lat' dir='ltr'>capitis</span> <span class='ocrx_word' id='word_1_147' title='bbox 857 1794 1004 1827; x_wconf 82' lang='lat' dir='ltr'>judicium</span> <span class='ocrx_word' id='word_1_148' title='bbox 1022 1798 1233 1832; x_wconf 80' lang='lat' dir='ltr'>opperientem</span> 
     </span>
     <span class='ocr_line' id='line_1_24' title="bbox 116 1838 1282 1895; baseline 0.014 -26"><span class='ocrx_word' id='word_1_149' title='bbox 116 1842 246 1877; x_wconf 84' lang='lat' dir='ltr'>morbo,</span> <span class='ocrx_word' id='word_1_150' title='bbox 274 1846 326 1872; x_wconf 82' lang='lat' dir='ltr'>vel</span> <span class='ocrx_word' id='word_1_151' title='bbox 346 1852 468 1874; x_wconf 84' lang='lat' dir='ltr'>veneno</span> <span class='ocrx_word' id='word_1_152' title='bbox 486 1855 665 1883; x_wconf 85' lang='lat' dir='ltr'>oppressum</span> <span class='ocrx_word' id='word_1_153' title='bbox 683 1849 770 1879; x_wconf 79' lang='lat' dir='ltr'>dicit.</span> <span class='ocrx_word' id='word_1_154' title='bbox 810 1850 936 1880; x_wconf 73' lang='lat' dir='ltr'>Diversa</span> <span class='ocrx_word' id='word_1_155' title='bbox 952 1838 1049 1882; x_wconf 75' lang='lat' dir='ltr'>narrat</span> <span class='ocrx_word' id='word_1_156' title='bbox 1072 1855 1234 1884; x_wconf 81' lang='lat' dir='ltr'>Philocho-</span> <span class='ocrx_word' id='word_1_157' title='bbox 1280 1892 1282 1895; x_wconf 90' lang='lat'>.</span> 
     </span>
     <span class='ocr_line' id='line_1_25' title="bbox 113 1891 1233 1949; baseline 0.014 -24"><span class='ocrx_word' id='word_1_158' title='bbox 113 1904 166 1926; x_wconf 84' lang='lat' dir='ltr'>rus</span> <span class='ocrx_word' id='word_1_159' title='bbox 181 1899 260 1934; x_wconf 82' lang='lat' dir='ltr'>apu&#39;d</span> <span class='ocrx_word' id='word_1_160' title='bbox 277 1891 384 1930; x_wconf 71' lang='lat' dir='ltr'>Schol.</span> <span class='ocrx_word' id='word_1_161' title='bbox 409 1903 505 1934; x_wconf 83' lang='lat' dir='ltr'>Arist.</span> <span class='ocrx_word' id='word_1_162' title='bbox 526 1905 597 1933; x_wconf 90' lang='lat' dir='ltr'>Pac.</span> <span class='ocrx_word' id='word_1_163' title='bbox 620 1913 650 1933; x_wconf 92' lang='lat' dir='ltr'>v.</span> <span class='ocrx_word' id='word_1_164' title='bbox 671 1909 760 1944; x_wconf 90' lang='lat'>604.:</span> <span class='ocrx_word' id='word_1_165' title='bbox 783 1915 812 1935; x_wconf 83' lang='lat' dir='ltr'>at</span> <span class='ocrx_word' id='word_1_166' title='bbox 834 1915 922 1938; x_wconf 84' lang='lat' dir='ltr'>errat.</span> <span class='ocrx_word' id='word_1_167' title='bbox 949 1911 1018 1938; x_wconf 84' lang='lat' dir='ltr'>vide</span> <span class='ocrx_word' id='word_1_168' title='bbox 1045 1912 1209 1941; x_wconf 74' lang='lat' dir='ltr'>Miillerutn</span> <span class='ocrx_word' id='word_1_169' title='bbox 1223 1935 1233 1949; x_wconf 91' lang='lat'>‚</span> 
     </span>
     <span class='ocr_line' id='line_1_26' title="bbox 114 1953 710 1997; baseline 0.018 -15"><span class='ocrx_word' id='word_1_170' title='bbox 114 1953 153 1982; x_wconf 86' lang='lat' dir='ltr'>de</span> <span class='ocrx_word' id='word_1_171' title='bbox 179 1955 301 1986; x_wconf 77' lang='lat' dir='ltr'>Phidiae</span> <span class='ocrx_word' id='word_1_172' title='bbox 320 1957 395 1987; x_wconf 78' lang='lat' dir='ltr'>vita.</span> <span class='ocrx_word' id='word_1_173' title='bbox 416 1960 536 1990; x_wconf 87' lang='lat' dir='ltr'>comm.</span> <span class='ocrx_word' id='word_1_174' title='bbox 552 1959 586 1990; x_wconf 79' lang='grc' dir='ltr'>Ἰ.</span> <span class='ocrx_word' id='word_1_175' title='bbox 608 1962 638 1997; x_wconf 67' lang='lat'>§0</span> <span class='ocrx_word' id='word_1_176' title='bbox 662 1966 710 1993; x_wconf 86' lang='lat'>16.</span> 
     </span>
    </p>
   </div>
   <div class='ocr_carea' id='block_1_5' title="bbox 109 2011 1230 2113">
    <p class='ocr_par' dir='ltr' id='par_1_9' title="bbox 109 2011 1230 2113">
     <span class='ocr_line' id='line_1_27' title="bbox 150 2011 1230 2057; baseline 0.016 -18"><span class='ocrx_word' id='word_1_177' title='bbox 150 2011 202 2048; x_wconf 83' lang='lat'>(2)</span> <span class='ocrx_word' id='word_1_178' title='bbox 219 2013 317 2043; x_wconf 80' lang='lat' dir='ltr'>Nulla</span> <span class='ocrx_word' id='word_1_179' title='bbox 347 2016 500 2046; x_wconf 82' lang='lat' dir='ltr'>accusatio</span> <span class='ocrx_word' id='word_1_180' title='bbox 536 2019 663 2048; x_wconf 78' lang='lat' dir='ltr'>Athenis</span> <span class='ocrx_word' id='word_1_181' title='bbox 688 2021 776 2050; x_wconf 83' lang='lat' dir='ltr'>iatius</span> <span class='ocrx_word' id='word_1_182' title='bbox 801 2023 940 2056; x_wconf 76' lang='lat' dir='ltr'>patebat,</span> <span class='ocrx_word' id='word_1_183' title='bbox 978 2026 1093 2054; x_wconf 82' lang='lat' dir='ltr'>nullum</span> <span class='ocrx_word' id='word_1_184' title='bbox 1117 2028 1230 2057; x_wconf 85' lang='lat' dir='ltr'>crimen</span> 
     </span>
     <span class='ocr_line' id='line_1_28' title="bbox 109 2063 1228 2113; baseline 0.015 -23"><span class='ocrx_word' id='word_1_185' title='bbox 109 2063 236 2098; x_wconf 76' lang='lat' dir='ltr'>gravius&#39;</span> <span class='ocrx_word' id='word_1_186' title='bbox 255 2065 524 2101; x_wconf 80' lang='lat' dir='ltr'>persequebantur.</span> <span class='ocrx_word' id='word_1_187' title='bbox 546 2077 578 2097; x_wconf 88' lang='lat' dir='ltr'>v.</span> <span class='ocrx_word' id='word_1_188' title='bbox 606 2069 761 2107; x_wconf 85' lang='lat' dir='ltr'>Meiners,</span> <span class='ocrx_word' id='word_1_189' title='bbox 789 2073 848 2107; x_wconf 78' lang='lat' dir='ltr'>Op.</span> <span class='ocrx_word' id='word_1_190' title='bbox 871 2074 892 2101; x_wconf 87' lang='lat'>1.</span> <span class='ocrx_word' id='word_1_191' title='bbox 919 2074 957 2101; x_wconf 83' lang='lat' dir='ltr'>T.</span> <span class='ocrx_word' id='word_1_192' title='bbox 975 2075 1012 2103; x_wconf 70' lang='grc' dir='ltr'>ΙΙ.</span> <span class='ocrx_word' id='word_1_193' title='bbox 1043 2084 1077 2110; x_wconf 89' lang='lat' dir='ltr'>p.</span> <span class='ocrx_word' id='word_1_194' title='bbox 1102 2081 1228 2113; x_wconf 72' lang='lat'>79—-231,</span> 
     </span>
    </p>
   </div>
   <div class='ocr_carea' id='block_1_6' title="bbox 110 2119 1231 2271">
    <p class='ocr_par' dir='ltr' id='par_1_10' title="bbox 110 2119 1231 2271">
     <span class='ocr_line' id='line_1_29' title="bbox 111 2119 626 2161; baseline 0.016 -14"><span class='ocrx_word' id='word_1_195' title='bbox 111 2125 142 2148; x_wconf 89' lang='lat' dir='ltr'>et</span> <span class='ocrx_word' id='word_1_196' title='bbox 161 2119 192 2148; x_wconf 86' lang='lat' dir='ltr'>in</span> <span class='ocrx_word' id='word_1_197' title='bbox 212 2121 368 2158; x_wconf 68' lang='lat' dir='ltr'>excursu,</span> <span class='ocrx_word' id='word_1_198' title='bbox 389 2131 424 2159; x_wconf 82' lang='lat' dir='ltr'>p.</span> <span class='ocrx_word' id='word_1_199' title='bbox 447 2127 515 2158; x_wconf 77' lang='lat'><strong>156·</strong></span> <span class='ocrx_word' id='word_1_200' title='bbox 539 2134 626 2161; x_wconf 85' lang='lat' dir='ltr'>seqq.</span> 
     </span>
     <span class='ocr_line' id='line_1_30' title="bbox 148 2177 1231 2225; baseline 0.016 -19"><span class='ocrx_word' id='word_1_201' title='bbox 148 2177 202 2215; x_wconf 80' lang='lat'>(3)</span> <span class='ocrx_word' id='word_1_202' title='bbox 221 2177 273 2208; x_wconf 85' lang='lat' dir='ltr'>ef.</span> <span class='ocrx_word' id='word_1_203' title='bbox 296 2180 377 2225; x_wconf 74' lang='lat' dir='ltr'>Plut.</span> <span class='ocrx_word' id='word_1_204' title='bbox 407 2179 480 2211; x_wconf 70' lang='lat' dir='ltr'>NIc.</span> <span class='ocrx_word' id='word_1_205' title='bbox 510 2192 559 2218; x_wconf 81' lang='lat'>23·</span> <span class='ocrx_word' id='word_1_206' title='bbox 592 2183 681 2220; x_wconf 79' lang='lat' dir='ltr'>Diog.</span> <span class='ocrx_word' id='word_1_207' title='bbox 711 2185 813 2214; x_wconf 79' lang='lat' dir='ltr'>Laert.</span> <span class='ocrx_word' id='word_1_208' title='bbox 845 2187 956 2216; x_wconf 77' lang='lat' dir='ltr'>exsilio</span> <span class='ocrx_word' id='word_1_209' title='bbox 982 2197 1012 2218; x_wconf 79' lang='lat' dir='ltr'>et</span> <span class='ocrx_word' id='word_1_210' title='bbox 1042 2192 1077 2220; x_wconf 92' lang='lat' dir='ltr'>V.</span> <span class='ocrx_word' id='word_1_211' title='bbox 1108 2194 1231 2224; x_wconf 76' lang='lat' dir='ltr'>talentis</span> 
     </span>
     <span class='ocr_line' id='line_1_31' title="bbox 110 2235 540 2271; baseline 0.019 -8"><span class='ocrx_word' id='word_1_212' title='bbox 110 2235 285 2265; x_wconf 72' lang='lat' dir='ltr'>mulctatum</span> <span class='ocrx_word' id='word_1_213' title='bbox 303 2238 411 2269; x_wconf 76' lang='lat' dir='ltr'>refert.</span> <span class='ocrx_word' id='word_1_214' title='bbox 433 2240 473 2269; x_wconf 88' lang='lat'>11.</span> <span class='ocrx_word' id='word_1_215' title='bbox 494 2248 540 2271; x_wconf 70' lang='grc' dir='ltr'>η.</span> 
     </span>
    </p>
   </div>
  </div>
 </body>
</html>
