1523 2745
251 195 325 223 200
396 181 653 222 COMM.
704 179 1215 222 LITERARIA.

251 290 577 330 communicatum.
627 289 807 339 Legimus
832 289 906 328 ibit
931 291 982 331 τὰ
1003 290 1080 339 περὶ
1109 291 1232 339 Σάμον
1253 291 1351 331 ἕννέοι

253 363 312 401 καὶ
340 362 475 411 δεκάτῳ
508 362 579 401 ἔτει
611 361 770 410 πρότερον
805 361 862 401 ἐπὶ
901 360 1117 408 Τιμοκλέους
1145 359 1235 407 (sic.
1265 358 1353 401 Vid.

254 428 342 467 Obs.
370 428 450 477 X.)
476 431 631 477 γέγονε,
658 430 717 469 καὶ
743 429 800 470 ἐπὶ
823 432 884 469 τοῦ
912 430 991 476 ἑξῆς
1011 429 1213 478 Μορυχίδου
1240 427 1356 478 (sic).

253 498 380 536 Samio
409 498 523 545 igitur
556 498 656 535 bello
683 497 721 535 in
749 498 838 535 duas
874 507 995 545 partes
1020 497 1224 544 distracto,
1251 506 1358 545 post·

255 567 355 604 erior
388 567 572 616 expeditio
588 595 601 614 ‚
630 567 822 604 Archonte
839 567 1065 615 Morychide
1091 575 1288 615 suscepta,
1315 567 1362 605 ad

257 647 391 674 annum
428 649 462 675 1.
492 636 648 685 Olymp.
676 636 872 674 LXXXV.
901 635 1088 673 referenda
1112 645 1182 674 est.
1226 636 1361 683 Neque

257 717 278 746 a
317 705 636 744 verisimilitudine
673 705 874 752 abhorret,
926 705 1151 753 Sophoclem
1184 705 1223 743 in
1258 713 1363 754 post-

258 775 377 813 eriore
410 776 519 813 hacce
553 775 784 823 expeditione
823 773 941 813 fuisse
973 774 1211 823 Praetorem3
1248 785 1360 818 nam,

259 843 431 893 quamvis
456 843 667 883 Boeckhius
705 844 774 894 (1)
817 856 860 882 ex
885 855 974 882 vero
1001 844 1222 891 contendat,
1260 844 1364 881 nullo

259 922 422 952 veterum
447 914 672 962 scriptorum
697 912 911 953 testimonio
937 913 1070 951 diserte
1091 913 1163 951 hoc
1187 912 1362 962 probari,

260 991 381 1021 tamen
401 993 449 1021 ne
474 982 670 1031 vestigium
696 981 843 1031 quidem
868 983 1041 1020 contrarii
1067 982 1281 1030 invenitur3
1309 983 1366 1020 10-

262 1063 408 1100 cusque
421 1051 615 1089 Strabonis
631 1051 723 1101 (2),
743 1052 807 1099 qui
828 1062 963 1100 anceps
987 1051 1112 1090 haberi
1126 1060 1252 1101 potest
1265 1080 1277 1099 ,
1293 1063 1369 1090 ma-

262 1122 320 1170 gis
332 1130 452 1161 tamen
472 1121 625 1160 Seidleri
651 1121 819 1169 opinioni
832 1120 948 1160 favet.
983 1122 1054 1160 Est
1069 1130 1189 1161 autem
1204 1122 1369 1170 eJ'usmo-

262 1191 327 1229 di:
355 1193 526 1237 Ἀθηναῖοι
554 1217 565 1228 .
595 1217 608 1228 .
637 1217 649 1229 .
680 1215 692 1228 .
719 1192 934 1240 πέμψαντες
963 1193 1164 1240 στρατηγὸν
1191 1191 1365 1240 Περικλέοο

263 1261 323 1300 ua}
352 1262 414 1301 σὺν
449 1262 545 1309 αὐτῷ
581 1262 771 1308 Σοφοκλέα
801 1262 861 1299 τὸν
896 1262 1065 1307 ποιητήν,
1092 1262 1274 1310 πολιορκίᾳ
1302 1276 1369 1301 κοι-

265 1333 332 1373 uffae,-
369 1330 526 1374 διέθηκαν
562 1329 793 1373 ἀπειθοῦντας
834 1330 914 1373 τοὺς
955 1330 1129 1377 Σαμίους.
1183 1329 1368 1368 Seidlerus

265 1397 397 1436 exinde
429 1396 583 1445 probare
614 1396 719 1433 etiam
757 1396 906 1443 voluit,
935 1396 1138 1445 Sophoclis
1163 1407 1368 1447 praeturam

266 1467 311 1505 ad
345 1466 490 1512 alteram
534 1464 802 1513 expeditionem
842 1476 925 1504 esse
967 1465 1217 1515 referendam,
1266 1471 1367 1517 quod

266 1536 312 1574 ab
343 1545 529 1583 anonymo
561 1534 660 1572 vitae
705 1535 887 1583 scriptore
928 1546 1081 1574 vocatur
1123 1537 1364 1588 Thucydidi,

266 1605 438 1645 Milesiae
467 1603 573 1650 filio,
627 1604 666 1642 in
699 1604 871 1643 Praetura
904 1606 1071 1654 collega3
1125 1606 1184 1646 hic
1218 1609 1314 1647 enim
1348 1621 1369 1648 a

270 1674 492 1723 Thucydide
511 1674 581 1723 (3)
608 1682 853 1721 memoratur,
879 1675 1095 1722 posoertoris
1115 1677 1362 1726 expeditionis

270 1744 466 1781 occasione
506 1742 798 1782 Atheniensibus
848 1744 987 1783 auxilio
1030 1745 1194 1786 venisse.
1269 1748 1369 1787 Addi

270 1812 408 1860 poterit
432 1813 538 1851 locus
567 1824 610 1850 ex
633 1811 809 1853 Aristidis
836 1813 1042 1853 Scholiaste
1072 1816 1164 1865 (4),
1191 1817 1256 1865 qui
1281 1827 1369 1857 octo

272 1893 291 1919 e
306 1882 481 1930 strategis
506 1882 626 1932 (quos
641 1882 763 1921 decern
778 1893 932 1927 numero
947 1884 1238 1928 Atheniensibus
1259 1900 1366 1937 prae·

1275 1957 1372 2000 fuis-

313 2085 367 2122 (ι)
383 2085 502 2113 Comm.
518 2082 599 2113 laud.
616 2090 649 2117 p.
670 2089 718 2114 52.
741 2090 787 2117 sq.

315 2141 368 2178 (ο.)
389 2139 456 2168 Lib.
477 2138 562 2168 XIV.
584 2146 616 2173 p.
634 2137 702 2170 638.

316 2198 370 2232 (3)
391 2196 457 2225 Lib.
483 2196 509 2223 1.
531 2202 599 2231 cap.
624 2201 689 2229 117.

317 2253 369 2291 (4)
389 2252 470 2281 Edit.
495 2252 656 2280 Frommei.
677 2259 708 2287 p.
732 2255 798 2285 ζεῦ.
