1523 2745
444 178 957 221 LITERARIA
1221 191 1270 228 w

159 290 226 335 ta,
255 297 470 336 mentesque
504 288 575 326 alio
615 296 815 334 avocaret,
861 288 1014 325 classem
1055 288 1176 326 denno
1212 289 1271 326 in·

152 357 291 396 struxit
319 358 411 406 (1),
453 369 547 404 quae
572 369 642 395 suo
670 358 784 394 ductu
811 368 920 405 agros
955 357 1117 394 hostium
1147 366 1267 396 vasta-

153 436 222 467 ret.
277 428 427 465 Nullam
465 436 584 464 tamen
615 439 688 464 rem
714 436 916 464 memoratu
936 427 1080 475 dignam
1110 428 1264 475 perfecit

153 503 192 534 et
226 496 346 533 morbi
391 494 445 532 vis
479 496 524 533 ab
549 496 731 544 Epidauri
753 496 949 534 obsidione
976 505 1118 543 praeter
1159 479 1262 546 spem

154 577 239 604 eum
266 566 430 603 recedere
458 566 594 614 coegit.
1193 554 1195 556 ,

205 635 328 674 Tanta
350 636 491 673 interim
518 637 610 673 mala
647 635 929 676 Atheniensium
965 636 1107 674 animos
1145 636 1264 686 frege-

151 715 257 752 rant,
299 706 362 753 qui
398 707 544 744 excitati
579 706 656 744 sine
695 706 810 743 dubio
832 717 852 743 a
881 706 1024 750 Cleone
1054 707 1266 755 talibusque

152 776 370 822 hominibus
410 776 575 813 omnium
611 777 755 824 culpam
801 776 931 814 Pericli
978 776 1188 815 tribuebant
1228 787 1266 816 et

152 857 279 894 pacem
314 845 448 893 quovis
474 847 585 883 modo
624 847 817 894 petendam
845 845 1044 884 censebant
1071 847 1158 896 (9).
1213 849 1265 886 Et

152 925 375 962 quamquam
417 927 559 953 summa
597 916 657 952 illa
686 916 835 954 Periclis
862 916 1074 964 eloquentia
1112 928 1176 954 eos
1205 929 1266 956 ex-

151 984 305 1031 citavit,
332 986 539 1022 neanimis
563 986 857 1033 desponderent‚
886 995 921 1023 et
952 986 995 1023 ad
1022 986 1159 1022 bellum
1182 998 1267 1025 sus-

150 1053 339 1093 tinendum
369 1056 563 1093 alacriores
582 1055 738 1092 reddidit
762 1055 859 1103 <3);
888 1054 969 1102 ipse
999 1063 1118 1092 tamen
1144 1057 1266 1103 priva·

149 1124 216 1162 tim
259 1133 432 1172 expertus
474 1132 530 1161 est
580 1124 698 1171 plebis
740 1124 1055 1171 inconstantiam,
1097 1136 1190 1171 quae
1231 1127 1263 1163 ei

149 1195 321 1232 mulctam
367 1193 437 1243 (4)
472 1193 654 1242 imposuit
691 1203 725 1231 et
749 1204 900 1231 munere
933 1194 1116 1241 praetoris
1144 1195 1264 1243 priva-

148 1263 219 1302 vit.
269 1264 323 1301 Ita
345 1264 489 1301 tandem
515 1263 595 1310 ipsa
619 1271 783 1310 tempora
807 1263 955 1300 brevem
980 1263 1173 1317 victoriam
1202 1265 1264 1302 de·

149 1333 283 1371 derunt
322 1332 486 1379 Cleoni,
516 1343 624 1379 quem
663 1341 794 1379 postea
830 1331 979 1375 Periclis
1016 1333 1154 1371 mortui
1186 1345 1261 1371 me-

150 1403 265 1442 moria
313 1401 420 1440 facile
472 1400 662 1450 superavit
688 1428 701 1448 ,
753 1408 795 1438 ut
839 1410 949 1438 nemo
991 1411 1118 1449 esset,
1172 1402 1264 1449 quin

1197 1484 1273 1511 lm—

183 1620 237 1660 (1)
258 1622 336 1650 Plut.
360 1621 427 1650 Per.
449 1629 498 1655 55.
522 1621 618 1649 Thuc.
639 1620 678 1649 11.
698 1622 746 1653 56.

184 1677 236 1715 (α)
257 1679 357 1709 Thuc.
379 1679 419 1706 11.
443 1685 492 1715 59.
511 1685 608 1706 narrat
629 1677 830 1706 Athenienses
854 1679 969 1711 legatos
989 1677 1127 1713 misisse,
1148 1686 1182 1707 nt
1204 1687 1265 1714 pax

146 1746 216 1766 cum
241 1735 490 1767 Lacedaemoniis
513 1735 741 1764 restitueretur:
783 1734 892 1769 quibus
919 1742 952 1762 re
984 1733 1097 1762 infecta
1128 1736 1263 1764 reversis

146 1796 221 1824 iram
241 1793 339 1830 plebis
359 1793 391 1821 in
411 1793 558 1822 Periclem
583 1799 700 1820 versam
719 1791 825 1820 fuisse.
849 1805 886 1812 —
914 1791 1008 1820 Diod.
1039 1791 1101 1820 Sic.
1127 1792 1191 1821 Xli.
1212 1800 1264 1829 45.

144 1851 328 1887 legationem
365 1850 446 1879 illam
488 1857 558 1884 post
592 1848 742 1876 Periclem
776 1855 926 1876 remotum
949 1847 1038 1883 ponit
1073 1848 1259 1886 ipsamque,

145 1917 235 1945 quam
255 1910 405 1942 tulerant,
434 1908 584 1941 repulsam
611 1906 652 1934 ait
679 1904 814 1940 coegisse
842 1905 1066 1941 Athenienses,
1099 1906 1151 1941 qui
1175 1897 1279 1936 illum*

146 1966 353 1996 restituerent.

185 2024 237 2062 (3)
258 2024 354 2052 Thuc.
373 2024 411 2051 ll.
434 2023 567 2054 60-65.

184 2082 238 2121 (4)
267 2083 345 2110 Plut.
367 2083 432 2110 Per.
452 2087 499 2113 55.
519 2079 554 2106 ab
571 2077 636 2106 aliis
646 2078 710 2105 XV.
727 2077 763 2105 ab
782 2076 846 2104 aliis
863 2078 902 2104 L.
920 2078 1102 2105 talentorum
1118 2079 1258 2106 mulctam

146 2141 178 2170 ei
193 2139 365 2176 impositam
383 2137 445 2166 dici
470 2137 576 2166 refert.
601 2149 638 2156 —
657 2137 753 2163 Acute
778 2134 910 2162 ss-oeckh.
929 2135 940 2161 l
972 2142 999 2164 c.
1021 2135 1045 2162 Ι.
1065 2144 1134 2172 4¹4·
1161 2133 1259 2170 suspi-

143 2204 228 2228 catur
245 2197 324 2225 hanc·
340 2196 433 2225 fuisse
458 2193 600 2224 delatoris
619 2191 877 2226 aestimationem,
906 2191 986 2220 illam
1015 2191 1149 2226 judicum
1176 2193 1263 2220 dam·

144 2254 311 2285 nationem·
