1502 2767
363 148 962 193 THEOLOGICA.
1178 148 1228 196 63

123 264 326 306 doctrinam
348 272 454 313 agere
475 259 648 307 censendi
668 267 782 307 sunt,
809 269 923 307 quum
934 255 1045 307 Jesus
1073 265 1140 293 eos
1163 255 1232 293 do-

124 335 245 375 ceurit
265 332 467 384 injustitiae
480 342 520 370 ac
541 329 737 368 violentiae
751 328 894 366 obicem
909 338 1047 376 ponere
1062 354 1075 374 ‚
1090 333 1126 363 et
1146 336 1232 363 cum

121 405 287 445 omnium
321 403 493 441 universe
523 401 743 447 hominum,
770 407 848 437 tum
886 408 1013 435 eorum
1042 396 1232 442 maxime,

122 475 261 525 quibus
292 471 576 513 necessitudinis
616 470 765 509 vincuio
796 470 1035 519 junguntur,
1074 466 1230 504 salutem

123 555 360 596 promovere.

171 616 397 665 vituperent
422 611 507 651 taiia
546 611 642 649 bella
672 608 848 655 fanatici,
887 617 955 645 nec
981 606 1072 656 Jesu
1106 603 1239 644 Chris·

123 685 154 725 ti
188 683 403 734 religionem
443 680 719 731 percipientes,
765 689 833 716 nec
852 705 865 725 ‚
916 676 982 724 qui
1015 675 1060 713 ab
1089 685 1134 713 eo
1167 685 1234 713 vo-

128 764 262 795 centur
275 783 288 802 ,
303 752 422 803 digni.
446 751 524 802 Qui
538 759 660 790 autem
675 747 880 789 Christiani
891 746 969 786 veri
988 745 1137 784 nomine
1161 743 1240 792 dig-

126 838 201 866 nus
221 836 303 864 esse
320 824 437 870 velit,
465 823 530 861 tali
560 822 600 859 in
637 831 729 859 casu
755 829 852 856 arma
887 817 1077 863 accingere
1111 814 1240 852 nullus

128 895 342 944 dubitabit3
379 893 471 941 quin
509 893 584 929 imo
601 919 614 939 ‚
655 889 728 928 nisi
765 885 935 936 graviora
961 884 1078 922 officia
1114 883 1245 932 prohi-

126 968 267 1014 beant,
293 964 553 1015 gravissimum
590 971 701 998 suum
736 956 898 995 officium
930 956 1040 992 ducet
1065 964 1106 991 se
1133 963 1244 990 suos-

130 1049 204 1087 que
215 1036 314 1075 cives
327 1035 364 1074 vi
380 1043 417 1072 et
431 1032 543 1071 armis
564 1028 760 1069 defendere
774 1055 788 1075 ,
800 1028 859 1065 vel
873 1025 1009 1064 violata
1022 1033 1151 1061 eorum
1160 1023 1245 1073 jura

129 1107 341 1147 restituere.
366 1104 445 1155 Ipsi
459 1113 548 1142 vero
562 1111 668 1140 senes
683 1127 697 1147 ‚
709 1097 850 1148 patriae
871 1092 1114 1135 amantissimi
1124 1092 1248 1142 ipsae-

131 1184 398 1226 que‚matres‚
412 1174 502 1212 cura
525 1170 633 1210 anxia
648 1169 856 1218 oppressa,
876 1174 913 1205 et
936 1163 1100 1215 virgines
1116 1191 1131 1212 ‚
1151 1161 1241 1200 belli

126 1245 310 1298 iustitiam
329 1251 573 1293 agnoscentes
587 1269 601 1289 ‚
618 1248 776 1280 cunctos
794 1236 1003 1276 incitabunt
1017 1263 1030 1283 ‚
1045 1234 1111 1284 qui
1127 1231 1240 1272 armis

132 1316 302 1367 gerendis
323 1325 428 1364 pares
452 1313 528 1351 sint
542 1339 556 1360 ‚
572 1298 621 1349 ‘ut
636 1322 677 1349 ea
685 1311 767 1349 dem
787 1308 979 1357 accingant
1000 1314 1038 1344 et
1054 1303 1245 1343 carissima

137 1396 309 1436 quaeque
329 1384 558 1432 defendant;
587 1381 722 1420 solatio
745 1379 830 1418 inde
845 1378 964 1427 petito
980 1404 994 1425 ‚
1023 1375 1154 1424 quod,
1180 1372 1250 1412 ubi

133 1459 268 1505 Deus,
292 1455 467 1507 justitia,
496 1454 635 1493 civium
666 1451 938 1498 hominumque
973 1447 1073 1485 salus
1105 1444 1246 1483 bellum

141 1539 268 1579 gerere
303 1525 486 1576 jubeant,
523 1523 630 1562 silere
661 1522 717 1561 fas
751 1521 825 1568 sit,
864 1529 902 1558 et
937 1516 1125 1556 carissima
1155 1525 1252 1562 quo-

141 1608 216 1647 que
249 1596 361 1636 saluti
396 1594 585 1634 communi
611 1602 838 1644 postponere
866 1588 1037 1640 quemvis
1068 1583 1250 1627 Christia-

139 1679 229 1707 num
253 1668 382 1706 deceat
406 1665 493 1716 (1).

177 1834 233 1874 (ι)
251 1836 286 1864 In
316 1835 369 1865 tali
403 1834 516 1872 patriae
545 1841 622 1864 statu
650 1835 729 1864 valet
758 1833 887 1863 maxime
918 1835 1129 1867 spartanorum
1155 1826 1251 1856 illud:
1287 1849 1289 1852 ⁴

142 1893 277 1922 Patriae
299 1902 351 1929 se,
372 1902 428 1922 non
452 1893 517 1924 sibu·
540 1901 602 1921 esse
630 1898 731 1921 natos.
764 1891 831 1920 Cfr.
852 1887 1117 1922 Plutarchus,
1137 1884 1170 1913 in
1195 1883 1255 1921 Ly-

141 1959 243 1987 carga.

1143 2292 1180 2338 §.
1207 2303 1248 2338 4.
