1502 2767
427 174 1023 214 THEOLO‘G1CA.
1229 179 1274 224 89

165 295 251 322 rum
266 283 361 322 ratio
382 294 458 323 non
482 283 652 334 religioni
675 283 869 321 tribuenda
889 291 974 332 est,
1001 283 1067 322 sed
1082 284 1267 334 cognitio-

163 354 203 393 ni
228 356 307 405 ejus
335 363 531 402 corruptae
570 366 611 392 ae
653 353 780 392 multis
820 353 921 392 vitiis
960 353 1154 394 laboranti.
1217 348 1272 395 Ita

163 425 264 474 apud
296 424 431 464 Gothos
459 424 718 475 Vandalosque
751 424 881 473 primis
905 425 1161 473 temporibus,
1185 437 1270 464 curn

162 504 244 533 sese
267 494 430 543 professi
460 504 583 533 essent
618 495 881 542 Christianos,
911 495 997 533 licet
1031 505 1189 534 cunctos
1216 496 1271 534 fe-

161 575 201 602 re
241 564 431 613 religionis
474 565 660 602 doctrinae
700 565 847 613 ignaros
866 594 879 612 ‚
946 565 1045 602 nulla
1079 564 1157 604 fere
1199 566 1272 604 fuit

158 632 350 682 religionis
376 633 450 672 vis.
480 634 616 682 Neque
641 634 731 671 adeo
747 636 903 672 multum
921 634 983 673 illa
1003 635 1126 675 effecit
1148 638 1267 675 medio

158 714 295 756 aevo,⁴
318 714 394 750 quo
430 711 599 752 tempore
637 712 764 752 gentes
805 716 873 753 pro
909 705 1056 743 clariori
1079 707 1273 756 Euangelii

159 773 243 810 luce
276 772 421 810 inanem
449 773 659 810 habuerunt
692 774 856 811 umbram
883 775 965 822 (ι).
996 776 1054 813 Ex
1070 776 1128 814 his
1152 776 1265 825 igitur

158 842 265 882 facile
305 852 404 892 patet
420 871 433 889 ,
475 844 666 881 hominum
704 843 890 890 cogitandi
927 853 963 881 et
998 845 1181 883 sentiendi
1219 859 1274 885 ra-

159 914 296 952 tionem
346 922 497 952 eatenus
544 925 564 950 a
599 912 787 961 religionis
827 914 1062 964 Christianae
1106 916 1274 955 doctrina

158 982 370 1030 emendari,
397 992 585 1030 quatenus,
607 983 749 1031 puriori
771 995 811 1021 ac
839 983 1060 1031 profectiori
1084 986 1273 1035 religionis

156 1053 290 1103 populi
327 1053 462 1091 imbuti
506 1053 580 1092 sint
614 1053 813 1101 doctrina,
852 1056 1101 1104 maj0remque
1141 1057 1176 1095 ei
1209 1058 1273 1097 ha-

158 1123 281 1162 beant.
301 1124 428 1163 fidem.

207 1195 322 1233 Hisce
336 1194 576 1242 praemonitis
590 1195 677 1232 satis
693 1194 897 1232 luculenter
918 1195 1121 1244 intelligere
1136 1208 1270 1245 possu-

158 1276 240 1303 mus
256 1292 269 1313 ,
285 1265 458 1303 meliores
481 1265 683 1303 sententias
698 1293 711 1312 ‚
724 1277 816 1313 quas
832 1273 981 1314 genteS,
998 1275 1196 1315 postquam
1220 1280 1275 1306 re·

157 1333 308 1381 ligionis
330 1333 564 1372 Christianae
582 1332 785 1372 doctrinam
805 1333 996 1385 professae
1015 1335 1089 1373 sint
1108 1337 1176 1383 ‚de
1195 1336 1273 1375 bel-

156 1404 195 1441 lo
237 1404 402 1452 gerundo
429 1404 539 1451 sequi
580 1416 620 1442 ac
660 1404 789 1442 fovere
821 1405 1046 1453 coeperint,
1083 1406 1272 1456 religionis

158 1474 360 1513 efficacitati
379 1485 456 1512 non
481 1474 607 1512 deberi
639 1486 716 1512 non
740 1486 870 1524 posse.
926 1475 1015 1526 Quo
1041 1477 1179 1515 rectius
1210 1490 1273 1517 au-

157 1528 234 1583 rem
273 1545 411 1582 hancce
446 1543 637 1592 religionis
672 1533 820 1583 nostrae
852 1545 926 1582 vim
966 1546 1015 1583 ob
1047 1549 1177 1585 oculos
1206 1561 1275 1596 po·

158 1627 312 1663 namus,
337 1615 568 1653 attendamus
595 1624 630 1653 et
658 1615 858 1652 sententias
873 1641 886 1662 ‚
909 1627 1000 1662 quas
1014 1626 1140 1665 gentes
1155 1646 1168 1665 ‚
1192 1620 1275 1657 reli-

157 1686 304 1734 gionem
332 1685 577 1723 Christianam
591 1686 756 1723 nondum
771 1686 963 1733 professae
984 1715 995 1734 ‚
1016 1687 1192 1727 foverunt
1205 1719 1218 1737 ‚
1234 1700 1271 1728 ct

157 1755 237 1794 illas
254 1767 351 1804 quas
363 1756 430 1794 hae
439 1745 571 1802 gentes
588 1767 632 1793 ex
647 1756 758 1794 hacce
772 1757 940 1794 doctrina
953 1758 1126 1806 colligere
1139 1769 1272 1808 potue·
1315 1774 1317 1776 ·

119 1833 123 1836 ’
158 1834 270 1874 runt,
285 1835 319 1864 et
342 1837 401 1863 eas
416 1854 428 1872 ‚
447 1837 537 1874 quas
552 1826 725 1874 deinceps
750 1827 850 1875 ipsae
861 1829 1045 1875 amplexae
1056 1837 1158 1867 sunt.
1181 1830 1269 1868 Tria

157 1897 290 1934 haecce
316 1895 558 1933 observemus
596 1894 635 1932 in
658 1901 779 1934 causis
807 1897 894 1935 belle·
917 1897 1104 1947 gerundi,
1133 1899 1171 1936 in
1194 1901 1272 1950 ejus

157 1969 304 2005 ratione
318 1993 331 2013 ,
345 1976 412 2003 nec
429 1976 505 2003 non
527 1964 564 2003 in
578 1965 850 2012 bellofim'endo.
879 1967 1007 2017 Quod*
1023 1977 1064 2006 ut
1080 1968 1141 2007 fiat
1156 1998 1168 2017 ‚
1183 1970 1271 2009 haec

1226 2043 1277 2079 al-

197 2141 247 2183 (ι)
263 2143 320 2173 eff.
345 2143 415 2172 Cla
428 2143 558 2180 risse,
576 2147 633 2175 1.1.
656 2153 689 2181 p.
712 2154 777 2181 197.
799 2154 868 2181 sqq.
887 2145 1052 2182 Moller,
1073 2151 1188 2183 p.356,
1208 2151 1275 2183 381.

159 2205 192 2227 et
218 2199 495 2238 Tzsehirner,
517 2202 628 2238 opusc.
652 2204 755 2232 Acaa.
786 2212 816 2239 p.
834 2207 890 2240 65,
910 2205 961 2234 66.
