1523 2745
454 135 965 183 LITERARIA.
1208 160 1254 197 15

146 242 270 282 cedem
289 243 524 294 judicialem,
550 246 691 296 (μισθὸν
717 250 964 300 δικαστικὸν),
992 254 1182 302 pecuniam
1203 259 1250 314 ad

146 312 299 352 visenda
323 317 530 363 spectacula
561 317 625 367 (τὸ
662 319 867 368 θεωρίκον),
886 321 968 360 aliis
997 323 1105 363 etiam
1128 327 1247 366 modis

140 383 334 431 pecuniam
354 383 448 423 inter
473 384 619 434 plebem
635 386 825 427 distribuit
850 390 1000 439 (μισθῶν
1025 397 1216 445 διανομὰς)
1234 426 1250 445 ‚

138 452 278 500 quibus
306 453 435 492 deinde
458 455 592 504 adJ'ecit
611 457 796 505 stipendia
818 460 1077 517 (μισθοφόρων)
1099 475 1137 504 et
1160 467 1244 507 data

134 521 354 570 occasione,
394 534 502 572 agros
536 524 703 565 devictos
740 527 836 566 inter
868 529 998 579 inopes
1033 542 1069 572 et
1106 546 1242 584 egenos

130 591 235 631 cives
274 591 388 632 dividi
421 596 565 634 curavit
597 594 880 648 (κληρουχίαις);
921 602 966 639 de
991 604 1130 651 quibus
1168 617 1247 645 om-

132 660 245 701 nibus
272 661 366 701 alius
389 663 535 703 dicendi
568 665 675 704 locus
713 668 824 707 nobis
859 671 928 708 erit
944 699 957 718 ,
987 675 1134 720 quando
1159 688 1243 725 age-

133 741 217 770 mus
242 730 287 771 de
314 728 511 782 fructibus
534 744 569 774 et
603 735 834 778 detrimentis
849 767 862 788 ,
902 753 997 792 quae
1026 746 1241 786 attulerunt

127 798 275 846 consilia
297 801 453 841 Periclis
484 804 654 855 politica.

176 868 253 909 Hic
285 871 475 910 monuisse
510 874 667 913 sufficiat
690 875 754 914 tali
793 879 905 916 modo
944 891 1026 919 eum
1062 884 1235 933 majorem

123 936 164 978 in
193 938 272 977 dies
310 941 564 982 auctoritatem
602 945 774 994 adeptum
817 947 964 997 fuisse,
1005 953 1080 998 qua
1118 952 1236 993 fretus

122 1008 272 1057 adgredi
293 1011 366 1060 jam
400 1012 525 1060 potuit
558 1013 808 1054 firmissimum
829 1017 1077 1058 aristocratiae
1104 1020 1237 1061 funda-

120 1086 285 1117 mentum
317 1081 553 1131 Areopagum
582 1084 608 1133 ζ
616 1085 668 1133 1).
725 1085 829 1135 Quin
855 1088 926 1126 hoc
952 1088 1100 1138 ipsum,
1128 1093 1233 1140 quod

121 1155 259 1187 sortem
280 1148 446 1197 iniquam
470 1160 671 1201 expertuS,
696 1164 898 1203 numquam
926 1157 961 1195 ei
987 1160 1147 1199 consilio
1173 1162 1231 1202 in-

117 1224 259 1258 teresse
292 1221 418 1269 potuit
452 1229 488 1259 et
514 1222 588 1271 ipsi
614 1232 651 1261 et
679 1225 824 1272 populo
858 1235 1002 1274 gratum
1027 1229 1228 1281 accidisse,

115 1286 274 1336 ejusque
308 1289 512 1338 potentiam
559 1293 706 1331 auxisse
740 1303 913 1342 putamus
952 1286 1036 1347 (ὲ).
1107 1300 1227 1351 Quid-

116 1355 207 1403 quid
232 1366 314 1406 est,
341 1358 425 1407 ipse
445 1371 512 1408 per
544 1361 745 1410 Ephialten
771 1363 884 1413 huJ'us
917 1367 1067 1405 consilii
1097 1379 1228 1409 aucto·

114 1424 287 1473 ritatem,
322 1435 402 1467 tum
436 1429 475 1467 in
511 1430 739 1480 judicandO,
789 1442 869 1471 tum
905 1435 943 1473 in
974 1436 1071 1486 Rep.
1110 1441 1225 1487 admi-

117 1493 332 1544 nisu-anda,
365 1496 600 1537 vehementer
622 1500 806 1539 imminuit
828 1510 864 1540 et
885 1502 1049 1553 infregit.
1103 1509 1223 1558 Ephi-

112 1564 203 1602 altes
235 1563 320 1614 ille,
359 1565 561 1606 virtutibus
600 1570 699 1619 (3),
742 1583 850 1619 quam
883 1575 1078 1622 prudentia
1103 1582 1222 1619 excel-

110 1633 274 1685 lentior,
300 1636 427 1684 paullo
448 1645 538 1686 post
568 1639 781 1683 temeritatis
809 1653 949 1691 poenas
976 1645 1102 1696 dedit,
1127 1650 1219 1689 cl'am

111 1702 276 1746 occisus.
328 1703 435 1755 Quae
457 1708 585 1747 caedes
607 1708 832 1759 Idomeneo,
859 1714 984 1752 nescio
1008 1716 1071 1755 cui
1095 1729 1218 1759 ansam

1117 1800 1220 1837 prae-

145 1901 198 1941 (ι)
218 1905 297 1934 Plut.
314 1904 385 1936 Per.
401 1914 418 1941 7
436 1912 468 1935 et
485 1915 515 1944 9.
540 1907 663 1939 Cimon.
689 1917 735 1944 ις.

141 1963 197 2004 (2)
215 1968 294 1999 Plut.
335 1970 400 1998 Per.
449 1978 480 2007 9-
514 1962 564 2002 Σιὸ
591 1969 651 2003 καῖ
675 1970 815 2013 μᾶλλον
850 1970 1000 2014 ἰσχύσεις
1020 1985 1099 2010 ceta
1147 1989 1214 2012 nam

103 2027 180 2059 illud
198 2024 247 2060 διδ
266 2039 328 2061 non
343 2031 434 2067 magis
450 2033 604 2068 pertinere
623 2041 727 2070 putem
748 2036 784 2065 ad
802 2031 956 2076 θεωρικῖις
984 2049 1044 2072 cet.
1065 2050 1152 2077 quam
1177 2047 1214 2075 ad

102 2072 242 2123 proxime
265 2097 368 2126 praec.
384 2091 422 2119 de
438 2091 555 2121 Pericle
577 2099 730 2128 nunquam
755 2095 930 2134 Archonte,
951 2106 1050 2134 neque
1075 2101 1212 2137 Areopa-

102 2143 176 2178 gita.

136 2201 190 2240 (3)
209 2202 282 2232 Her.
303 2204 391 2235 Pont.
416 2212 442 2234 ι.
467 2207 544 2237 Plut.
567 2206 648 2238 Cim.
671 2218 716 2240 ιο.
738 2209 781 2240 id.
802 2210 941 2242 nemost.
966 2221 1011 2250 ¹4·
