1564 2750
95 217 194 248 sectio
215 218 256 248 11.
270 218 296 255 §-
308 227 337 248 2·

357 167 406 205 74
588 157 1254 201 COM'MENTATIO

353 264 514 314 Gorgias
538 266 767 305 senescentis
774 267 844 316 jam
859 267 1007 306 Periclis
1021 270 1195 318 magister
1208 269 1326 309 fuisse
1335 271 1462 320 perhi-

348 334 457 373 betur
482 347 503 373 a
522 335 748 374 Philostrato
780 348 821 375 ac
847 337 958 376 Suida
977 338 1069 386 (1);
1104 351 1176 387 qua
1201 341 1246 378 de
1267 351 1307 379 re
1329 342 1457 390 plures

345 404 418 442 viri
431 405 534 444 docti
546 406 809 445 dubitaverunt
820 435 832 454 2
850 408 1023 455 quoniam
1040 409 1231 453 Diodorus
1245 409 1316 460 (2)
1330 410 1457 450 Leon-

343 474 505 514 tinorum
536 477 753 525 legationem
769 505 783 525 ,
820 478 927 526 cujus
966 478 1140 527 princeps
1165 487 1241 522 erat
1265 479 1453 530 Gorgias,

340 545 510 584 Athenas
527 547 722 585 advenisse
736 556 914 585 memorat
927 547 1083 597 Olymp.
1097 547 1336 588 LXXXVIII
1348 577 1362 598 ,
1384 563 1425 589 2.
1439 578 1454 598 ‚

339 613 491 652 biennio
522 624 613 664 post
649 616 800 655 Periclis
827 625 996 657 mortem.
1051 618 1126 656 Alii
1151 618 1221 657 viri
1242 619 1344 658 docti
1365 619 1454 658 haec

339 685 421 723 loca
448 685 543 723 inter
567 697 608 724 se
628 685 678 724 ita
701 697 926 735 componere
949 687 1073 726 conati
1092 697 1208 727 sunt:
1236 698 1277 727 ut
1298 689 1359 727 hic
1385 691 1453 739 (3)

339 754 553 803 existimet,
591 755 759 806 Gorgiae
797 757 936 805 scripta
968 758 1129 796 fortasse
1164 769 1229 807 per
1258 757 1453 798 Graeciam

337 823 504 873 dispersa
532 825 678 873 fuisse,
717 835 910 874 antequam
931 827 1018 876 ipse
1059 838 1104 865 eo
1143 828 1331 876 venisset;
1354 839 1455 877 ,quo-

337 905 418 933 rum
458 895 571 943 igitur
597 896 1016 955 scriptorumfglectione
1039 897 1198 936 Pericles
1226 909 1308 937 sese
1332 898 1455 938 erudi-

336 975 399 1010 re,
449 965 688 1014 Gorgiaeque
730 967 937 1016 discipulus
973 967 1101 1006 vocari
1133 968 1315 1017 potuerit.
1379 968 1446 1012 Ille

335 1044 426 1071 vero
440 1034 509 1083 (4)
530 1036 662 1074 statuit
678 1064 690 1083 ,
716 1036 895 1085 Gorgiam
913 1038 988 1087 J'am
1009 1046 1093 1076 ante
1114 1038 1206 1076 hanc
1222 1037 1442 1086 legationem

334 1103 373 1140 in
410 1103 567 1142 Graecia
592 1105 764 1154 degisse3
813 1106 980 1154 quamvis
1017 1107 1089 1144 hoc
1114 1107 1184 1145 iter
1210 1106 1275 1145 illo
1305 1105 1449 1155 quippe

333 1172 488 1211 minoris
523 1176 731 1222 momenti,
758 1175 803 1213 ab
835 1176 998 1223 antiquis
1034 1176 1184 1214 silentio
1209 1176 1448 1225 praeteritum

330 1241 458 1281 fuerit.
1232 1289 1235 1291 ,

381 1312 482 1349 Haec
507 1312 622 1361 igitur
644 1313 830 1351 sufficiant
851 1316 896 1352 de
925 1314 972 1352 iis
1006 1314 1219 1353 hominibus
1241 1326 1351 1364 -quos
1382 1316 1450 1354 Pe·

331 1381 438 1420 ricles
481 1382 690 1420 studiorum
725 1384 896 1432 auspices
947 1386 1005 1422 vel
1048 1385 1235 1434 adJ'utores
1280 1385 1450 1424 habuerit

333 1451 445 1500 (Vid.
465 1452 550 1491 Obs.
562 1452 667 1490 LIII
669 1452 719 1501 .).
732 1454 869 1492 Verum
892 1455 1035 1493 etiamsi
1048 1456 1180 1493 horum
1194 1456 1320 1494 nullus
1334 1455 1445 1494 nobis

332 1522 505 1570 cognitus
518 1531 615 1561 esset
631 1524 835 1571 3Pericleae
856 1525 983 1563 aetatis
1001 1524 1168 1563 Historia
1180 1536 1251 1562 nos
1263 1525 1412 1563 doceret
1429 1552 1444 1573 ‚

330 1593 410 1630 fieri
437 1604 514 1631 non
535 1593 640 1631 aliter
664 1594 833 1641 potuisse
848 1623 861 1642 ,
888 1594 979 1642 quin
1001 1593 1250 1632 Humanitatis
1272 1594 1443 1640 Noster,

329 1664 613 1711 Literarumque
634 1664 773 1703 amicus
796 1664 922 1703 fuerit.
951 1665 1062 1703 Valet
1085 1664 1180 1702 enim
1204 1672 1239 1701 et
1260 1664 1320 1701 hic
1335 1663 1444 1702 Cice·

309 1733 431 1772 ·1·onis
452 1733 544 1772 illud
565 1734 660 1784 (5):
689 1736 795 1774 honos
821 1736 893 1774 alit
914 1745 1031 1773 artes.
1059 1735 1146 1774 Nisi
1173 1734 1268 1774 enim
1297 1733 1444 1774 Civita-

1409 1811 1439 1840 tt

363 1895 414 1934 (ι)
436 1897 558 1927 Philost.
579 1898 617 1926 de
645 1898 705 1926 vita
722 1897 857 1932 sophist.
875 1898 898 1926 Ι.
918 1907 948 1934 9.
969 1906 1002 1933 p.
1023 1907 1091 1934 492.
1113 1910 1152 1918 —
1171 1896 1254 1927 Suid.
1282 1897 1312 1925 in
1339 1896 1438 1934 Γοργ.

362 1951 413 1992 (2)
435 1954 580 1984 Biblioth.
611 1956 682 1984 XII.
703 1963 768 1990 cap.
789 1964 838 1989 53.
857 1969 895 1976 —
922 1955 1014 1986 conf·
1033 1955 1131 1984 Thuc.
1156 1955 1210 1984 111.
1238 1962 1305 1990 cap.
1326 1956 1376 1985 36.
1393 1965 1441 1977 ·-

325 2012 412 2040 Paus.
444 2012 496 2039 v1.
519 2019 586 2046 cap.
622 2010 701 2049 ¹7.§
733 2021 778 2046 15.

359 2067 410 2105 (3)
428 2068 510 2096 clar.
539 2069 565 2104 J.
598 2068 677 2097 Geel
706 2068 736 2096 in
767 2068 846 2098 Hist.
880 2068 956 2096 Crit.
983 2067 1115 2104 sophist.
1143 2076 1174 2103 p.
1199 2075 1245 2103 ¹9·
1272 2081 1318 2092 —
1345 2068 1438 2097 Conf-

323 2125 464 2159 Sybrandi
484 2126 520 2153 de
543 2127 616 2154 Plat.
634 2127 725 2160 Gorg.
742 2134 775 2161 p.
800 2133 833 2154 10
850 2133 916 2160 sqq.

363 2181 414 2218 (4)
433 2184 562 2211 Wessel.
574 2183 610 2210 ad
620 2181 710 2210 Diod.
720 2184 744 2211 J.
754 2184 776 2210 l.
787 2182 895 2212 —Van
905 2183 996 2217 spaan
1008 2201 1016 2215 ,
1028 2182 1106 2211 Diss.
1121 2182 1158 2210 de
1171 2181 1294 2217 Antiph.
1305 2189 1337 2217 ρ.
1348 2189 1376 2217 5.
1390 2189 1437 2218 sq.

364 2239 414 2275 (ει)
439 2239 527 2266 Taso,
552 2238 662 2274 Dispp.
683 2247 749 2273 cap2
776 2249 801 2268 2.
