1502 2767
232 174 302 219 176
468 167 1132 209 COMMENTATIO

279 280 469 330 Quantum
504 279 550 316 ad
585 280 809 327 populorum
850 279 1036 327 ingenium
1065 277 1341 318 informandum

228 353 372 389 valeant
413 348 558 396 imperii
603 348 762 391 formae,
812 348 972 397 quisque
1009 349 1124 387 norit.
1175 349 1342 398 Populo·

225 432 306 458 rum
343 419 617 465 Orientalium,
645 419 873 458 Graecorum
914 429 949 458 et
973 420 1231 458 Romanorum
1262 420 1341 458 his·

226 490 321 528 toria
353 490 509 536 doceat,
536 489 728 538 principes
756 499 791 528 et
811 490 913 529 cives
942 491 981 528 in
1017 491 1063 528 iis
1091 489 1339 539 regionibus,

224 561 290 598 ubi
309 570 386 598 non
422 560 505 597 talis
531 559 673 609 imperii
703 559 823 598 forma
847 561 975 608 viget,
1004 563 1079 609 qua
1113 560 1179 608 qui
1215 571 1338 599 rerum

224 630 429 678 potentiam
464 630 562 668 nacti
595 640 706 678 sunt,
734 631 994 679 singulorum,
1033 633 1108 679 qua
1143 629 1337 669 hominum

217 711 256 739 et
278 700 417 738 civium
432 728 444 747 ,
471 702 552 750 Jura
577 709 785 748 agnoscunt
801 730 814 748 ‚
855 712 1060 748 eorumque
1096 701 1209 738 saluti
1231 712 1340 749 pros-

217 771 392 819 piciunt,
418 782 496 808 non
520 782 632 819 posse
658 782 735 809 non
757 783 797 809 ea
822 771 1012 820 cogitare,
1039 770 1335 818 sentire,alere,

222 850 259 878 et
286 840 427 879 efficere
447 869 459 888 ‚
480 841 617 890 quibus
643 839 817 879 facillime
842 841 938 879 bella
966 840 1174 879 excitentur
1191 848 1228 878 et
1249 851 1338 879 cru·

220 911 408 950 delissime
436 921 611 960 gerantur
632 911 719 960 (1).
771 911 872 950 Hinc
906 912 1003 949 bella
1025 911 1114 949 olim
1139 919 1198 949 tot
1233 919 1337 949 erant

220 992 375 1019 numero
391 1010 405 1029 ,
433 990 475 1019 ut
503 991 600 1020 astra
626 980 772 1019 facilius
799 980 1079 1027 numeraveris,
1109 991 1220 1029 quam
1237 979 1334 1018 bella

214 1061 380 1089 veterum
419 1051 586 1099 interna3
623 1061 661 1089 et
696 1051 728 1089 si
770 1061 920 1089 externa
948 1058 1144 1099 gererent,
1185 1049 1332 1099 imperii

219 1121 375 1158 maxime
427 1120 558 1159 formis
624 1121 860 1160 tribuendum
918 1121 1154 1169 putaverim,
1196 1120 1331 1170 quod,

215 1190 317 1228 omni
343 1201 497 1228 excussa
533 1191 789 1238 humanitate,
817 1190 998 1240 iniquos,
1025 1202 1158 1230 saevos
1182 1199 1219 1229 et
1247 1202 1332 1229 cru-

217 1262 318 1298 deles
353 1271 435 1298 sese
461 1260 727 1307 praestiterint.

268 1330 388 1368 Aliter
424 1342 481 1367 res
521 1341 602 1367 sese
641 1330 799 1376 habuit,
851 1342 896 1367 ex
941 1342 1018 1378 quo
1052 1329 1230 1369 Christus
1261 1327 1332 1379 (2)

215 1412 342 1438 omnes
375 1411 500 1438 coram
528 1401 610 1439 Deo
645 1400 817 1447 aequales
842 1411 923 1438 esse
961 1400 1112 1446 docuit,
1142 1399 1328 1449 judicium

212 1471 377 1508 omniurn
391 1470 472 1508 fore
486 1479 690 1508 extremum
707 1498 720 1516 ,
749 1469 941 1518 Principes
966 1470 1003 1508 in
1018 1471 1161 1508 honore
1173 1468 1299 1508 haberi
1313 1496 1328 1517 ,

210 1542 334 1590 iisque
348 1541 594 1579 obedientiam
619 1540 795 1589 praestari
818 1549 1004 1589 oportere.
1037 1540 1095 1578 Ex
1126 1551 1204 1587 quo
1229 1538 1327 1578 enim

211 1610 420 1659 Religionis
445 1610 677 1649 Christianae
697 1601 866 1648 doctrina
888 1618 977 1658 post
1008 1609 1163 1647 deletam
1199 1620 1330 1658 super-

208 1680 399 1718 stitionem
414 1681 546 1728 purior
569 1680 665 1717 inter
685 1661 1017 1729 populosrecepta
1043 1688 1141 1718 esset
1154 1708 1168 1727 ,
1183 1679 1330 1729 imperii

213 1750 354 1787 formae
379 1751 563 1798 ingentem
588 1750 736 1788 subiere
761 1750 1116 1799 commutationem3
1141 1749 1328 1799 principes

212 1820 383 1857 meliores
416 1820 644 1869 potestatis,
685 1822 759 1868 qust
799 1821 1031 1869 gaudebant,
1070 1821 1170 1859 nacti
1201 1820 1328 1858 notio·

210 1901 277 1927 nes
299 1918 312 1936 ,
340 1889 414 1927 sibi
439 1889 513 1938 ipsi
545 1900 749 1938 temperare
771 1890 918 1937 edocti,
959 1898 1037 1928 non
1067 1891 1128 1929 sui
1156 1892 1326 1940 ipsorum

208 1969 378 2007 tantum,
412 1960 477 1997 sed
509 1961 737 2008 populorum
781 1960 960 2007 maxime,
1012 1960 1152 2009 quibus
1188 1957 1328 2009 singuli

210 2033 426 2078 praeerant,
452 2029 606 2068 salutem
633 2038 877 2078 spectarunt3
902 2030 1039 2068 arctior
1060 2030 1195 2068 exinde
1222 2030 1328 2079 prin-

1273 2111 1327 2138 ci-

246 2190 299 2227 (1)
322 2191 388 2219 Cfr.
412 2192 569 2226 Ewald‚
598 2191 955 2226 staatsomwentclingen
970 2209 980 2224 ‚
997 2198 1028 2225 p.
1052 2199 1117 2219 ιρι.
1136 2197 1203 2225 sqq.

247 2250 299 2284 (α)
321 2249 385 2278 cfr.
409 2249 517 2284 Tygc
542 2249 695 2283 Rothe,
719 2249 743 2276 Ι.
765 2257 789 2278 c.
807 2246 940 2277 Tom.1.
965 2256 995 2282 p.
1019 2257 1086 2282 222·
