1507 2876
278 180 370 212 XVI

274 281 419 325 diebus
449 280 594 333 lunae,
625 278 729 322 hora
761 277 821 329 X,
881 274 1072 319 mercurii
1114 283 1154 321 et
1193 279 1376 334 veneris,

272 351 378 395 hora
409 351 480 394 XI.

326 431 567 471 Elementa
598 424 872 467 oeconomiae
900 425 1125 478 politicae
1169 424 1202 468 I.
1226 424 1278 470 R.
1305 440 1371 470 DE

267 497 524 551 BRUEYS,
553 497 698 540 diebus
722 495 867 543 lunae,
902 494 1046 538 martis
1065 501 1104 538 et
1118 493 1222 540 iovis
1232 528 1246 549 ‚
1287 496 1372 542 ho-

264 585 313 614 ra
344 570 415 614 XI.

320 649 406 690 Itis
434 653 628 687 naturae
671 641 717 684 C.
737 642 788 685 A.
821 653 927 684 VAN
949 640 1245 698 ENSCHUT,
1276 643 1369 689 die·-

259 717 339 760 bus
369 714 584 767 mercurii,
614 712 717 756 iovis
741 719 781 755 et
806 711 990 765 veneris,
1030 712 1137 757 hora
1161 714 1229 769 X,
1260 715 1367 760 duce

260 787 417 831 Haus.

310 867 396 908 Ius
412 864 654 919 publicum
683 869 727 902 et
751 862 961 916 gentium
990 859 1038 904 C.
1056 861 1111 907 A.
1142 874 1242 906 vAN
1262 862 1367 907 EN·-

258 935 451 980 SCHUT
466 965 478 987 ,
501 932 646 976 diebus
670 930 864 975 mercurii
889 938 928 975 et
945 932 1129 986 veneris,
1158 932 1266 977 hora
1282 933 1365 988 XI,

258 1014 298 1051 et
321 1005 450 1056 iovis,
482 1003 585 1047 hora
603 1002 715 1045 Vlll.

311 1085 396 1126 Ias
437 1083 683 1123 Criminale
729 1081 990 1122 universam
1032 1085 1077 1121 et
1117 1081 1363 1137 Belgicam

256 1153 304 1198 C.
319 1154 371 1198 A.
403 1165 507 1196 VAN
532 1149 830 1203 ENSCHUT‚
862 1149 1007 1194 diebus
1030 1150 1252 1206 mercurii,
1292 1151 1363 1196 io-·

254 1223 314 1269 vis
335 1231 374 1268 et
389 1222 571 1276 veneris,
603 1222 707 1265 hora
724 1221 798 1266 IX.

307 1303 438 1343 Iuris
476 1301 670 1341 Romani
703 1299 969 1340 Historiam
1018 1298 1248 1343 secundum
1284 1314 1361 1344 sua

250 1374 552 1414 Lineamenta
593 1372 720 1426 (quae
749 1375 943 1426 prostant
970 1369 1084 1427 apud
1107 1369 1359 1415 Academiae

251 1439 602 1500 Typographum)
631 1439 1046 1493 A.C.HOLT1US‚
1079 1440 1225 1485 diebus
1238 1457 1358 1486 mar-

250 1512 325 1563 tis,
355 1511 568 1564 mercurii,
599 1510 702 1555 iovis
733 1518 771 1554 ct
802 1510 985 1564 veneris,
1016 1511 1122 1556 hora
1146 1511 1241 1557 XII.

306 1591 568 1631 Iiistoriam
605 1590 811 1644 gentium
848 1591 1154 1632 recentiorum
1189 1592 1357 1645 politi-

250 1676 349 1702 cam
386 1659 522 1703 tradet
552 1659 586 1704 Ι.
609 1657 1023 1713 ACKERSDYCK,
1067 1659 1214 1704 diebus
1238 1675 1356 1705 mar-

247 1730 326 1783 tis,
356 1730 574 1783 mercurii,
605 1730 708 1774 iovis
739 1737 778 1773 et
807 1730 992 1784 veneris,
1023 1730 1130 1775 hora
1148 1731 1181 1777 Ι.

303 1809 769 1862 Rerumpablicarum
799 1810 1030 1862 imprimis·
1055 1812 1242 1865 patriae
1270 1827 1354 1854 no-

249 1881 400 1920 titiam
433 1877 569 1921 tradet
589 1876 1046 1933 LACKERSDYCK,
1075 1878 1221 1925 diebus
1235 1895 1355 1925 mar-

245 1948 298 1993 tis
313 1980 324 2000 ,
354 1949 544 1991 mercurii
569 1955 608 1991 et
630 1947 758 2001 iovis,
790 1948 895 1991 hora
911 1949 1005 1993 XII.

302 2028 591 2080 Disputandi
621 2024 1003 2080 exercitationibus,
1046 2027 1214 2072 alternis
1242 2028 1353 2073 heb-

247 2096 516 2149 domadibus,
548 2103 771 2153 praeerunt
797 2097 1062 2143 Professores
1088 2098 1131 2142 in
1158 2099 1352 2144 facultate

246 2167 439 2211 Iuridica.

1303 2311 1349 2354 In
