1502 2767
448 176 1046 223 THEOLOGICA.
1217 201 1288 238 213

178 293 311 322 corum
338 283 495 334 lenitas,
532 286 716 334 probent!
761 289 968 331 Ostendant
992 295 1197 344 Persepolis
1227 300 1289 337 de·

176 353 276 400 leta,
322 353 447 392 Gazae
479 364 651 395 strenuus
679 358 881 409 defensor,
922 375 1083 410 quocum
1120 375 1160 404 ut
1200 380 1282 406 cum

178 421 345 461 Hectore
378 424 422 462 ab
458 426 604 464 Achille
638 429 838 476 agebatur!
869 432 930 470 Sic
958 435 1084 472 cuncti
1110 446 1154 474 ex
1185 438 1287 474 omni

179 492 308 531 ordine
345 503 381 532 et
405 496 489 533 loco
527 500 753 539 occurrunt!
809 501 886 550 Qui
923 503 1159 543 humanitatis
1199 518 1288 555 gen-

174 561 268 600 tium
319 564 585 613 sociorumque
647 569 730 617 jura
790 581 1031 619 agnoscerent
1085 575 1284 624 eademque

176 629 217 667 in
253 630 351 669 bello
398 632 582 673 vindicata
623 638 790 685 vellent,
839 640 1019 680 cachinno
1065 644 1284 693 plerumque

177 699 455 749 excipiebantur
493 703 590 754 (1)!

225 769 381 808 Graecis
426 773 579 812 omnino
630 776 769 815 similes
821 789 922 818 erant
964 781 1150 831 Romani,
1193 798 1286 833 quo-

175 848 256 875 rnm
295 841 569 882 crudelissimae
599 845 638 883 in
678 847 774 885 bello
815 852 948 898 agendi
988 853 1142 892 rationis
1177 867 1288 894 nemo

175 907 283 946 facile
317 913 481 960 exempla
508 913 784 956 desideraverit.
840 918 976 958 Totam
1000 920 1078 959 fere
1100 923 1290 962 Romano·

174 989 257 1016 rum
290 979 510 1028 historiam,
539 994 631 1030 quae
668 995 745 1021 non
778 996 834 1023 est
870 987 944 1024 nisi
977 989 1184 1038 bellorum,
1227 993 1291 1030 de·

173 1047 333 1086 scribere
358 1060 456 1097 opus
477 1050 552 1097 sit,
584 1060 620 1088 et
648 1054 733 1100 quis
750 1053 823 1092 hoc
846 1056 1106 1097 desideraverit
1125 1089 1138 1108 ,
1153 1061 1218 1099 ubi
1236 1063 1288 1099 vi-

172 1127 236 1154 ros
273 1116 322 1155 ob
348 1118 610 1158 humanitatem
654 1122 811 1163 maxime
847 1126 996 1174 claros,
1037 1129 1136 1167 haud
1185 1131 1290 1169 aliter

172 1186 375 1225 sentientes
407 1190 467 1228 vel
493 1199 643 1238 agentes
686 1194 832 1234 viderit.
886 1196 985 1247 Quis
1020 1198 1165 1248 ignorat
1206 1201 1286 1239 Ro-

174 1266 323 1295 manum
354 1259 526 1299 Senatum
566 1262 776 1303 decrevisse
814 1269 1048 1316 septuaginta
1086 1271 1195 1319 Epiri
1226 1284 1287 1309 ur-

173 1326 264 1375 bes,
304 1340 399 1376 quae
425 1331 472 1368 ad
507 1332 628 1371 Persei
662 1343 785 1382 partes
835 1339 1082 1387 transierant,
1123 1343 1285 1390 spolian-

170 1397 237 1434 das
276 1399 417 1437 tradere
453 1409 490 1438 et
523 1403 703 1442 militibus
740 1407 952 1452 permittere
989 1409 1129 1448 incolas
1170 1414 1286 1461 capti·

170 1477 242 1504 vos
273 1469 468 1511 abducere.
520 1472 701 1511 Aemilius
736 1475 902 1523 Paulus,
928 1481 1160 1529 septuaginta
1187 1483 1285 1520 urbi-

171 1536 244 1574 bus
269 1539 509 1587 exspoliatis‚
524 1542 664 1580 centies
688 1544 887 1593 quinquies
909 1549 1041 1587 millies
1068 1552 1282 1602 (150,000)

170 1605 311 1644 incolas
353 1620 482 1647 servos
523 1611 656 1650 abduci
701 1615 844 1664 jussit;
888 1617 1038 1667 Scipio,
1088 1622 1283 1674 Carthagi-

167 1686 220 1713 ne
263 1682 499 1726 expugnata,
548 1680 730 1721 militibus
777 1684 918 1723 incolas
970 1690 1118 1737 aggredi
1165 1693 1280 1741 impe-

170 1753 251 1793 rat,
304 1748 350 1784 ad
391 1759 504 1786 unum
548 1762 677 1790 omnes
722 1755 927 1803 trucidare,
990 1760 1128 1798 nemini
1179 1775 1281 1801 more

111 1866 114 1869 Ι
170 1815 427 1855 Romanorum
453 1830 602 1867 parcere
633 1822 727 1871 (2);
757 1825 858 1864 addit
891 1828 1101 1878 Polybius,
1135 1843 1279 1872 causam

1216 1904 1283 1941 ob·

207 2014 258 2052 (ι)
279 2016 344 2046 Cfr.
366 2025 397 2045 ut
416 2026 506 2047 unum
528 2020 666 2057 afferam,
688 2033 764 2059 quae
796 2027 934 2062 Elpinice
963 2029 1099 2058 Cimonis
1121 2039 1207 2060 soror
1228 2034 1281 2060 Pe-

170 2070 259 2108 ricli,
287 2074 324 2102 de
350 2075 457 2105 samiis
481 2078 666 2108 Graecorum
692 2082 787 2111 sociis
817 2085 944 2114 victoria
974 2094 1124 2122 reportata
1152 2088 1279 2125 objicit,

151 2130 249 2163 -apud
269 2130 333 2159 Plu
346 2138 428 2161 tare
442 2134 529 2162 hum
552 2137 582 2164 in
604 2139 750 2174 Pericle,
774 2149 839 2175 cap.
859 2146 907 2172 28.

211 2185 264 2222 (ε)
284 2187 356 2223 Leg.
377 2197 482 2220 vener.
507 2195 659 2230 stunt,
700 2197 893 2226 Romeinsche
915 2200 1094 2234 cuchis-d„
1115 2201 1206 2231 Tom.
1227 2203 1280 2232 12<-

174 2248 242 2278 1‘28·
263 2251 328 2277 ⁵32-
