1502 2767
435 179 1033 226 THE'OLOGICA.
1245 199 1294 237 97

235 305 272 332 a.
301 291 482 331 Conditio
512 292 812 332 Christianorum
836 303 924 333 tunc
951 295 1129 344 temporis
1153 296 1297 337 Romae

184 363 292 413 plane
305 363 374 401 aiia
388 371 488 410 erat,
513 375 621 411 quam
642 364 788 412 quidem
814 365 939 404 hodie.
968 365 1172 404 Christiani
1189 367 1297 405 undi-

184 444 258 481 que
272 433 316 471 ab
333 432 509 471 hostibus
525 442 626 471 erant
650 433 887 481 circumdati3
910 435 947 473 id
959 446 1065 484 agere
1079 434 1265 475 debebant
1279 466 1292 484 ,

184 511 226 540 ut
250 502 331 540 aliis
363 502 457 540 bene
482 503 674 551 audirent,
702 516 779 552 quo
803 504 896 542 alios
919 515 1111 544 moverent
1136 507 1292 546 Christo

182 582 263 609 sese
289 571 482 619 addicere,
512 581 572 619 et,
596 572 669 621 ipsi
695 574 790 611 inter
814 586 854 612 se
871 576 1104 613 concordiam
1130 577 1292 624 alentes,

181 643 269 692 plus
288 643 464 682 valerent.
518 643 666 694 Quodsi
683 644 798 692 igitur
822 644 884 682 illa
910 645 1042 684 verba:
1071 648 1171 695 μετὰ
1202 649 1295 688 ποίν-

181 731 249 755 των
274 715 479 763 ἀνθρώπων,
503 714 751 761 interpreteris
778 714 823 751 de
848 714 893 751 iis
921 726 1097 763 quoque,
1129 700 1292 763 quinon

183 782 390 822 Christiani
421 791 548 831 erant,
592 783 672 821 sive
702 784 747 822 de
787 783 1036 832 Christianis,
1075 787 1141 835 qui
1175 797 1212 825 et
1248 798 1293 826 ex

178 852 373 902 Judaismo
396 862 433 892 et
460 865 505 892 ex
528 853 763 892 Ethnicismo
779 854 824 892 ad
848 853 1099 893 Christianam
1124 856 1293 906 Religio·

182 933 264 961 nem
281 950 294 971 ,
321 923 564 970 transierant,
593 923 719 972 (prior
752 923 1007 971 interpretatio
1039 925 1125 962 huic
1152 926 1294 974 praese.

183 995 293 1033 tenda
330 992 500 1042 videtur)
536 993 689 1031 omnino
722 1003 821 1040 opus
850 1000 956 1040 erat,
1000 1002 1071 1040 ut,
1112 994 1220 1034 mites
1253 1004 1292 1034 et

181 1065 378 1102 clementes
395 1091 409 1111 ,
436 1074 595 1101 amorem
616 1062 757 1102 alerent
779 1069 817 1101 et
842 1073 928 1101 cum
960 1062 1135 1103 omnibus
1161 1075 1290 1115 pacem

183 1143 460 1173 conservarent.
487 1156 540 1164 —

192 1213 196 1215 ’
229 1216 267 1254 3.
294 1204 357 1243 Ne
386 1204 523 1242 Paulus
561 1215 734 1252 perverse
760 1203 1013 1251 intelligatur,
1054 1188 1164 1253 quasi
1194 1215 1292 1243 nun·

182 1286 290 1322 quam
332 1274 457 1323 pravis
502 1274 718 1312 hominibus
763 1274 935 1313 resistere
985 1274 1138 1324 jubeat,
1191 1275 1294 1314 addit

180 1357 317 1384 comm.
348 1347 409 1384 18.
437 1348 466 1386 εἱ
498 1347 671 1391 δυνατὸν,
712 1345 810 1382 unde
848 1353 948 1393 patet
976 1344 1098 1393 ipsum
1133 1345 1288 1385 Paulum

176 1417 269 1455 bene
300 1416 457 1454 scivisse
490 1426 598 1453 casus
630 1414 741 1463 dari,
784 1415 823 1452 in
863 1414 1001 1463 quibus
1037 1426 1106 1463 pax
1133 1425 1285 1453 conser-

177 1486 255 1526 vari
287 1496 366 1526 non
400 1486 538 1535 possit.

227 1570 268 1607 4.
310 1557 470 1606 Quando
512 1557 557 1594 ad
599 1556 807 1604 exemplum
846 1555 966 1604 ipsius
1001 1555 1103 1594 Pauli
1143 1555 1206 1604 (ut
1243 1566 1289 1593 ex

178 1628 286 1667 Actis
314 1626 602 1676 cognoscimus)
622 1626 875 1672 attendimus,
903 1633 1053 1673 apparet
1075 1654 1088 1672 ,
1113 1637 1195 1663 eum
1212 1636 1289 1664 non

180 1698 339 1748 quaevis
371 1708 519 1746 passum
534 1708 643 1742 esse,
672 1696 765 1742 sed,
782 1695 848 1734 ubi
873 1695 1013 1744 injuste
1042 1707 1125 1733 eum
1160 1706 1289 1744 aggre-

177 1771 378 1821 detentur,
405 1769 465 1806 vel
492 1766 641 1805 insidias
673 1765 747 1814 ipsi
771 1773 983 1812 struerent,
1008 1766 1091 1814 jura
1115 1776 1182 1802 sua
1207 1764 1289 1802 vin-

176 1841 345 1888 dicasse,
373 1838 475 1876 omni
511 1837 623 1875 modo
660 1836 733 1875 sibi
756 1836 802 1874 ab
828 1835 987 1874 inimicis
1011 1835 1153 1873 cavisse
1171 1846 1307 1884 seque·

180 1908 404 1949 defendisse.

231 1990 269 2027 5.
297 1980 434 2017 Paulus
458 1978 520 2016 hic
543 1976 672 2015 scribit
695 1976 740 2014 ad
764 1974 1025 2021 Christianos,
1056 1974 1166 2012 unius
1191 1974 1288 2024 ejus-

179 2053 336 2099 demque
368 2050 502 2088 coetfis
533 2047 685 2095 socios,
724 2056 802 2084 non
837 2056 926 2083 vero
961 2045 1006 2082 ad
1040 2044 1150 2082 unius
1191 2039 1290 2093 ejus-

178 2121 333 2169 demque
357 2119 493 2169 patriae
514 2117 630 2157 cives.
684 2116 808 2154 Nemo
841 2126 918 2153 non
955 2113 1159 2162 intelligit,
1184 2114 1289 2153 aliter

180 2190 472 2238 praecipiendum
508 2171 733 2228 Christianis
775 2195 861 2227 tunc
906 2184 1083 2233 temporis
1122 2184 1291 2232 Romae,

178 2260 284 2299 aliter
307 2259 452 2299 civibus
475 2259 640 2308 patriae,
663 2257 766 2296 omni
792 2268 885 2295 aevo
902 2285 915 2304 ,
943 2255 1068 2293 ubivis
1093 2264 1287 2295 terrarum.

724 2327 762 2364 G
1097 2329 1133 2366 6.
1161 2325 1294 2374 Quod·
