1538 2689
236 122 281 166 56
455 107 1118 160 COMMENTATIO

236 226 371 265 scissas
397 228 564 273 tunicas,
594 239 666 276 qua
683 228 805 266 lumen
822 229 973 267 arteriae
1001 241 1071 279 pro
1095 229 1242 270 dimidia
1257 245 1340 281 par-

237 307 272 334 te
308 299 486 345 repletum
513 305 602 334 erat.
660 295 756 334 Hinc
793 297 906 346 igitur
940 309 1016 336 non
1041 302 1217 338 convenit
1253 302 1341 340 haec.

237 368 402 412 operatio
428 367 525 412 apud
557 365 850 413 homines3nam
874 367 911 404 in
935 367 1027 416 ipsis
1049 369 1343 418 animalibus,in

239 435 376 481 quibus
404 446 442 471 ea
466 435 711 482 experimenta
734 435 903 473 instituta
947 446 1058 484 sunt,
1099 439 1154 476 vis
1190 439 1342 488 plastica

241 506 355 552 major
395 514 476 550 est,
515 504 761 551 hominesque
791 505 942 552 insuper
961 515 1048 557 'tam
1081 518 1190 555 saepe
1212 508 1343 546 morbo

238 573 343 610 etiam
378 574 588 611 arteriarum
625 572 746 611 affecti
777 583 882 612 sunt.
947 575 1071 613 Primo
1109 577 1254 625 quidem
1282 579 1344 616 ad-

236 652 366 690 spectu
420 645 574 681 multum
629 645 748 681 valere
785 644 961 690 videtur,
1014 646 1342 694 quandoquidem,

236 713 308 749 filis
358 713 481 750 statim
532 713 683 751 remotis
701 741 713 758 ‚
784 715 921 750 vulnus
972 715 1088 761 prima
1136 715 1345 753 intensione

237 782 355 820 sanari
401 791 560 830 posset,
620 783 684 820 sed
719 782 756 819 in
792 783 968 820 methodo
1004 779 1209 832 Jonesiana'
1233 777 1350 823 detti--⁴

237 861 399 891 mentum
423 852 643 890 remanentis
669 852 841 900 ligaturae
866 880 879 900 ,
905 863 948 890 ex
981 863 1055 890 uno
1081 853 1145 891 filo
1172 863 1344 892 constan-

238 922 309 968 tis,
335 932 411 958 uon
438 921 527 958 tanti
557 930 613 973 eust
644 921 850 960 habendum
869 949 882 969 ‚
911 933 994 975 cum
1031 934 1074 960 eo
1110 935 1184 961 non
1226 924 1344 962 irrite-

238 1002 297 1028 tur
331 991 486 1038 arteria3
527 991 564 1028 in
596 992 770 1038 methodo
808 1004 897 1029 vero
934 992 1128 1039 Scarpiana
1155 1003 1264 1031 nocet
1302 982 1348 1030 ilss

237 1063 268 1098 la
321 1061 532 1107 remansio,
584 1061 636 1098 uti
662 1061 769 1098 facile
797 1062 1063 1109 intelligimus,
1103 1062 1134 1099 si
1170 1063 1206 1099 in
1243 1061 1345 1101 menss

235 1141 305 1168 tem
346 1142 584 1175 revocamus,
628 1141 856 1177 quantopere
894 1130 1086 1178 cylindrus
1115 1131 1172 1168 hic
1205 1131 1341 1170 linteus

235 1209 269 1236 ct
302 1199 359 1236 fila
388 1199 529 1236 irritent
560 1198 742 1262 arteriam.

289 1269 386 1306 Cum
426 1269 497 1304 hoc
532 1279 607 1314 non
640 1268 966 1305 commendandum
988 1268 1061 1313 sit,
1089 1269 1343 1316 inquiramus,

231 1350 275 1375 au
304 1340 456 1386 ligatura
470 1338 605 1374 tamdiu
631 1348 776 1374 manere
803 1337 1089 1382 debeat‚donee
1103 1338 1344 1386 suppuratio-

232 1419 277 1445 ne
293 1408 474 1444 solvatur.
506 1406 684 1444 Actiones
704 1407 891 1453 primariae
904 1406 1078 1453 ligaturae
1091 1408 1201 1445 nobis
1216 1410 1345 1455 cogni·

232 1488 288 1515 tae
315 1482 427 1523 sunt,
448 1487 579 1524 nempe
604 1476 797 1524 congestio
818 1476 1003 1524 sanguinis
1028 1477 1064 1513 in
1089 1487 1225 1524 partem
1256 1478 1350 1532 liga7

235 1558 302 1584 tam
342 1550 519 1590 arteriae,
564 1546 697 1582 reactio
725 1546 926 1594 ligaturae,
969 1546 1140 1594 lymphae
1173 1529 1346 1595 plasticae

235 1615 427 1653 exsudatio
461 1614 601 1650 interna
635 1623 669 1651 et
703 1613 883 1661 perfectio
906 1613 1164 1652 thromborum
1190 1600 1344 1664 ¹sangui-

233 1686 305 1722 nis.
360 1685 445 1722 Hoc
476 1685 559 1720 loco
599 1684 820 1720 monendum
857 1692 938 1729 est,
979 1684 1140 1721 strictam
1166 1670 1345 1733 conjunc‘-

236 1756 372 1792 tionem
409 1740 571 1791 vulneris
605 1764 685 1790 esse
721 1752 1069 1797 commendandam,
1097 1763 1179 1789 nam
1207 1753 1238 1790 si
1273 1754 1344 1791 hoc

235 1836 310 1862 uon
346 1824 467 1861 locum
505 1823 659 1865 habuit,
690 1832 966 1868 nonnumquam
995 1823 1230 1859 observatum
1256 1832 1340 1869 est,

235 1896 270 1930 in
320 1892 491 1941 lymphae
532 1891 709 1938 plasticae
753 1889 1021 1934 exsudatlone‚
1064 1889 1208 1926 actione
1251 1891 1344 1929 a'e‘ris

236 1961 522 2009 granulationem
571 1960 659 1997 oriri
696 1962 778 2007 (ι).
833 1959 890 1995 De
926 1958 1071 1996 actione
1096 1971 1183 1996 vero
1221 1961 1269 1998 fili
1306 1961 1342 1997 iu

1284 2040 1344 2068 tu-

275 2113 324 2150 (1)
348 2115 370 2141 L
385 2122 399 2139 a
412 2120 428 2139 n
439 2120 454 2146 g
467 2119 482 2138 e
495 2120 510 2138 n
524 2112 540 2138 b
552 2119 567 2138 e
579 2120 592 2138 c
604 2111 635 2145 k,
648 2111 806 2146 leogta
821 2110 879 2137 mul
893 2111 1040 2146 Therapie
1057 2111 1110 2138 der
1128 2112 1213 2140 chir.
1224 2113 1347 2141 ›trank-

228 2173 334 2201 Iuieea
345 2191 353 2204 ,
375 2172 386 2197 ἱ
399 2169 428 2197 d·
452 2168 505 2198 ΠΙ.
528 2167 558 2196 S.
581 2172 647 2204 234.
