1507 2876
232 235 278 270 28
471 227 1135 269 COMMENTATIO

228 351 345 389 cunt,
373 342 421 379 ita
444 349 485 378 ut
510 338 669 389 principi
697 328 794 376 vires
821 339 969 387 desint,
998 340 1138 387 quibus
1169 340 1331 381 civitati-s

226 413 383 451 salutem
408 418 539 458 curet,
567 418 643 446 tum
674 419 827 456 quoque
847 408 941 447 civis
959 420 1067 458 opem
1082 409 1201 458 ferre,
1220 423 1331 459 quam

224 490 370 530 potest,
403 479 552 518 minime
575 478 786 525 recusabit,
814 488 1004 518 succurret
1023 481 1160 529 patriae
1183 481 1335 530 pericli-

224 551 321 589 tanti
344 558 381 588 et
409 549 502 587 nihil
524 549 569 586 de
593 548 674 586 suis
701 547 830 585 officiis
851 548 1031 588 detrahet.
1059 550 1138 588 Imo
1164 550 1332 589 militiam

224 630 302 657 non
322 618 427 665 sequi
453 617 547 654 idem
566 615 794 663 aestimabit,
810 625 852 653 ut
867 645 880 664 ,
895 616 926 655 si
939 619 1090 666 patriam
1115 620 1280 667 deserat,
1297 627 1334 658 et

224 700 333 737 opem
351 687 524 726 hostibus
540 685 657 735 ferat3
673 687 743 724 iste
758 686 853 724 enim
864 716 876 735 ,
893 689 957 735 qui
973 695 1052 726 tum
1067 689 1220 727 unicum
1231 689 1339 728 auxi-

223 760 311 796 lium
326 786 338 804 ,
368 757 509 805 quippe
527 766 702 794 armatum
717 784 728 802 ,
742 757 943 794 detestatur
959 786 971 804 ,
983 759 1064 807 jure
1088 759 1244 797 habetur
1262 770 1338 797 ma·

220 830 338 878 J'orem
362 827 491 865 afferre
512 838 620 874 opem
643 826 816 864 hostibus
832 854 845 873 ,
883 838 994 874 quam
1025 827 1165 866 civitati
1191 828 1337 877 pericli-

224 897 317 936 tanti
355 908 395 934 ac
435 895 610 945 principi.
646 917 700 926 —
734 896 847 934 Nunc
872 895 970 934 forte
1004 896 1218 945 quaeritur,
1245 908 1335 936 num

225 953 442 1006 Christiano
481 966 562 1015 illi,
615 966 680 1014 qui
736 977 819 1015 erga
866 966 1018 1014 patriam
1054 978 1095 1005 ac
1129 967 1336 1016 principem

226 1037 348 1075 animo
376 1045 433 1075 est
456 1045 559 1086 grato
584 1047 625 1074 ac
651 1035 835 1075 benevolo
851 1064 866 1084 ,
892 1045 929 1075 et
954 1038 1000 1075 ad
1022 1036 1231 1086 diligendos
1257 1050 1338 1077 om-

226 1117 291 1144 nes
333 1108 512 1145 humanae
554 1105 697 1155 generis
737 1106 892 1152 socios,
933 1107 1012 1145 sive
1044 1108 1219 1156 amicos,
1256 1107 1336 1146 sive

229 1176 427 1225 inimicos,
466 1177 682 1225 obligatus,
733 1188 821 1215 num
864 1176 919 1214 illi
969 1177 1077 1215 liceat
1116 1185 1196 1216 tum
1241 1189 1340 1216 arma

223 1258 367 1295 capere.
426 1247 633 1285 Difficultas
670 1255 789 1285 autem
826 1247 1083 1285 tantummodo
1123 1246 1247 1295 specie
1276 1260 1339 1286 ex-

225 1328 311 1357 stat.
351 1316 553 1356 Civitatem
588 1317 683 1355 enim
710 1317 1023 1366 principemque,
1055 1317 1194 1364 quibus
1221 1318 1340 1366 pluri·

224 1388 294 1426 mis
316 1388 476 1426 vinculis
494 1416 507 1435 ,
541 1396 695 1435 propter
733 1386 925 1424 innumera
947 1386 1125 1425 beneficia
1157 1399 1241 1436 erga
1264 1398 1335 1425 nos

224 1459 393 1505 aliosque
407 1487 420 1505 ,
433 1457 544 1496 nobis
558 1457 765 1496 carissimos
779 1486 790 1504 ,
801 1458 933 1495 collata
945 1485 958 1504 ,
973 1459 1057 1507 conj
1064 1458 1165 1495 uncti
1178 1469 1308 1496 sumus
1323 1487 1336 1506 ,

225 1529 460 1577 relinquere,
500 1539 622 1575 neque
653 1528 699 1565 ab
739 1528 783 1565 iis
808 1528 976 1566 nocitura
1011 1529 1222 1576 depellere3
1250 1539 1341 1566 con-

226 1608 282 1637 tra
320 1611 406 1637 vero
435 1607 591 1637 conatus
625 1610 751 1636 eorum
768 1626 780 1644 ,
807 1599 872 1646 qui
899 1606 1129 1645 utrumque,
1159 1599 1204 1636 de
1227 1598 1337 1635 nobis

227 1670 322 1707 bene
339 1670 508 1706 meritum
523 1697 536 1715 ,
552 1668 695 1717 injuriis
718 1667 858 1705 afficere
875 1668 910 1704 in
922 1667 1199 1716 perniciemque
1213 1668 1340 1709 detru-

229 1741 316 1778 dere
351 1739 492 1786 velint,
520 1738 667 1776 silentio
705 1739 876 1787 adjuvare
910 1750 952 1775 ac
984 1746 1212 1781 sustentarer.
1240 1739 1341 1777 haud

232 1809 382 1857 probari
407 1817 546 1857 potest.
576 1808 751 1858 Quisque
778 1807 1046 1855 Christianus,
1076 1809 1142 1855 qui
1165 1809 1251 1846 haec
1283 1821 1342 1847 se-

231 1889 315 1916 cum
335 1879 534 1926 perpendat
547 1906 559 1925 ,
577 1888 688 1925 atque
710 1886 895 1926 praeterea
909 1877 945 1915 in
961 1878 1173 1916 memoriam
1190 1890 1340 1918 revocet

234 1948 405 1996 pluribus
421 1948 605 1996 obstringi
630 1947 760 1985 officiis
786 1948 997 1996 erga-illos,
1027 1949 1092 1996 qui
1108 1948 1211 1986 illum
1235 1961 1344 1988 suos-

234 2030 308 2066 que
329 2018 516 2056 beneficiis
538 2019 764 2056 accumeIent
790 2017 925 2064 variis,
977 2030 1086 2065 quam
1112 2030 1196 2067 erga
1217 2019 1341 2067 istos,

237 2089 303 2137 qui
326 2089 397 2126 hos
419 2089 604 2127 beneficos
625 2089 854 2137 deprimant,
883 2089 944 2126 ille
956 2099 1078 2126 revera
1092 2089 1164 2127 sibi
1192 2101 1342 2137 persua-

235 2158 361 2197 debit:
391 2170 410 2195 a
429 2157 629 2195 Christiani
658 2157 749 2195 civis
778 2157 908 2196 officiis
937 2158 1094 2196 maxime
1119 2160 1344 2208 abhorrere,

240 2229 343 2276 quod
372 2229 410 2265 in
445 2236 547 2265 tanto
588 2229 754 2275 periculo
785 2227 924 2276 patriae
959 2240 999 2266 ac
1042 2228 1202 2277 principi
1235 2241 1345 2277 opem

239 2306 370 2348 neget,
420 2299 521 2345 quod
554 2297 719 2336 hostium
753 2299 906 2337 salutem
947 2310 986 2337 ac
1021 2299 1133 2337 vitam
1167 2300 1350 2349 praeferat

1254 2371 1351 2409 salu-
