1523 2745
303 203 377 251 196
452 195 1268 240 COMMsLITERAklA.

304 318 491 360 spargeret
525 308 610 359 (1).
674 308 876 357 Quumque
914 315 958 343 eo
992 295 1158 353 tempore
1193 315 1327 343 uxores
1361 304 1401 341 in

302 380 457 419 Graecia
476 391 497 417 a
524 377 664 416 maritis
691 378 768 415 fere
788 376 1083 424 negligerentur,
1111 374 1296 421 quondam
1323 385 1406 412 om·

300 449 360 488 nis
383 447 603 488 eruditionis
630 456 851 494 morumque
881 444 1076 493 elegantiae
1099 452 1295 492 experte53
1324 442 1404 481 fieri

300 519 405 557 aliter
440 529 517 556 non
547 524 720 566 poterat,
773 514 865 562 quin
897 513 1119 562 Aspasiam‚
1160 525 1253 561 quae
1283 513 1404 552 omni-

299 589 402 635 bus,
429 596 503 626 tam
534 585 705 635 corporis
742 596 850 631 quam
892 583 1027 631 ingenii
1060 583 1212 620 dotibus
1247 590 1403 630 ornata,

298 657 467 696 Athenas
506 656 698 701 venisset,
735 665 863 692 omnes
899 654 1186 701 admirarentur,
1222 662 1258 690 et
1292 663 1400 699 quam

296 727 512 776 saepissime
541 727 794 764 convenirent.
848 725 993 762 Praeter
1020 723 1194 762 Periclem
1224 722 1320 760 inter
1348 721 1402 760 fa-

297 795 457 834 miliares
485 794 614 832 habuit
650 793 758 832 etiam
798 793 1011 840 Socratem3
1063 792 1170 841 cujus
1206 791 1258 828 rei
1294 790 1403 829 multi

294 864 406 903 nobis
439 873 551 902 testes
584 872 696 909 sunt,
749 873 846 910 quos
884 862 978 900 inter
1013 862 1115 900 Plato
1151 863 1189 899 in
1225 861 1402 903 Menexe-

294 945 346 973 no
373 935 442 984 (2)
467 933 672 983 principem
705 940 805 970 tenet
826 932 966 971 locum.
1018 931 1165 970 Etenim
1180 957 1192 974 ‚
1217 938 1264 968 ⁴ut
1287 930 1408 968 anim-v

295 1004 450 1042 advertit
482 1003 728 1049 Plutarchus,
769 1000 938 1049 quamvis
976 1000 1080 1049 prior
1118 1000 1229 1049 hujus
1263 999 1403 1047 dialogi

293 1074 474 1123 particula
506 1071 620 1120 magis
653 1072 785 1120 jocose
818 1081 928 1118 quam
966 1069 1062 1108 serio
1090 1069 1298 1117 conscripta
1323 1069 1399 1117 sit,

292 1151 435 1182 tantum
457 1150 577 1181 tamen
590 1142 788 1179 historicae
801 1141 885 1179 fidei
903 1140 935 1178 ei
952 1140 1048 1178 inest
1064 1168 1077 1188 ,
1094 1141 1186 1178 hanc
1211 1139 1399 1178 mulierem

291 1213 330 1250 'm
368 1212 462 1250 fama
492 1210 637 1258 fuisse,
667 1210 771 1258 quod
804 1210 852 1247 ob
882 1210 1026 1247 dicendi
1065 1208 1274 1247 facultatem
1306 1211 1402 1247 rnul-

290 1282 340 1319 tis
367 1289 530 1318 uteretur
561 1279 877 1326 Atheniensibus3
916 1290 1009 1326 quae
1043 1279 1155 1316 verba
1182 1279 1271 1316 mihi
1303 1278 1400 1317 indi-

289 1361 371 1388 care
409 1350 600 1387 videntur:
640 1349 856 1394 Socratem,
899 1359 1120 1395 quamquam
1148 1349 1251 1386 Plato
1273 1351 1311 1386 in
1334 1348 1397 1388 his

288 1420 408 1459 ironia
438 1419 593 1468 quadam
629 1429 719 1456 usus
749 1417 890 1464 fuerit,
931 1418 1087 1455 libenter
1123 1426 1243 1456 tamen
1277 1419 1398 1467 Aspa-

290 1491 366 1529 siae
386 1489 571 1535 adfuisse,
595 1496 707 1535 atque
730 1499 775 1525 ex
795 1487 876 1536 ejus
901 1487 1170 1525 consuetudine
1190 1487 1287 1525 haud
1307 1499 1400 1526 con·

289 1559 506 1599 temnendos
537 1558 686 1597 fructus
720 1557 765 1595 ad
801 1557 937 1604 ingenii
983 1558 1122 1595 cultum
1171 1558 1402 1605 percepisse..

286 1631 451 1669 Fuerunt
499 1638 618 1665 tamen
655 1635 691 1664 et
732 1626 770 1664 in
815 1626 1030 1673 antiquitate
1081 1626 1279 1674 permulti,
1330 1628 1395 1675 qui

285 1707 479 1749 putarent,
507 1697 576 1735 ista
610 1708 630 1734 a
663 1697 815 1734 Platone
849 1695 946 1733 serio
985 1696 1120 1743 scripta
1148 1694 1290 1745 fuisse;
1343 1696 1399 1739 ita,

286 1779 329 1807 ut
352 1769 499 1816 saepius
525 1767 570 1804 ad
603 1767 694 1804 hanc
733 1765 1037 1803 consuetudinem
1075 1766 1264 1804 alluserint
1291 1766 1391 1816 (3),

286 1836 322 1878 et
362 1839 537 1897 Clemens
572 1836 754 1875 Alexand.
793 1835 972 1883 Aspasiae
1015 1835 1250 1884 attribuerit,
1286 1848 1392 1884 cquae

1319 1906 1390 1944 So-

321 1990 372 2028 (1)
393 1991 470 2020 Plut.
489 1991 548 2018 1.1.
568 2002 605 2011 —
631 1989 704 2018 Ath.
721 1988 788 2017 Lib.
810 1988 885 2018 X111.
903 1995 935 2023 p.
955 1989 1023 2018 608.
1042 1988 1073 2016 in
1091 1987 1164 2017 fine.
1191 2001 1228 2011 -·
1252 1989 1385 2024 Hesych.

283 2049 371 2078 Tom.
388 2049 416 2076 Ι.
438 2048 570 2075 column.
590 2048 675 2075 1680.
693 2044 768 2080 ibiq.
784 2044 915 2080 interpp.

319 2103 373 2140 (2)
394 2105 469 2138 Cap.
489 2113 518 2138 3·
541 2111 572 2137 p-
595 2109 661 2136 235.
688 2102 724 2129 E.

317 2162 371 2198 (3)
392 2160 484 2188 conf.
516 2166 634 2194 praeter
656 2158 773 2192 scriptt.
802 2156 862 2191 jam
885 2164 973 2191 supra
1002 2155 1056 2185 cit.
1086 2156 1208 2187 Lucian.
1235 2159 1382 2190 To·m.11,

279 2226 312 2254 p.
340 2218 404 2253 283.
425 2233 466 2240 --
492 2216 605 2244 Athen.
633 2215 699 2243 Lib.
727 2214 804 2242 Xlu.
832 2222 862 2248 p.
890 2216 956 2250 569.
985 2212 1016 2241 in
1042 2212 1102 2241 fine
1128 2220 1158 2243 et
1183 2218 1248 2250 589.
1275 2216 1312 2246 E.
1342 2229 1380 2240 -.

280 2277 384 2311 Synes.
404 2273 433 2301 in
453 2272 553 2301 Dione
569 2280 598 2307 p.
618 2274 667 2305 58.
687 2272 727 2300 D.
747 2279 793 2305 sq.
