1507 2876
291 202 345 245 16
447 200 537 243 ΤΗ.
555 199 606 243 G.
639 211 743 243 vnn
770 198 949 244 LID-Tfl
969 214 1032 243 DE
1055 199 1246 247 JEUDE

287 338 335 366 ex
376 324 534 368 Summi
567 325 695 383 Regis
733 326 926 379 decret0,
972 326 1026 371 ad
1055 327 1166 373 hanc
1199 336 1387 375 nostram

285 400 551 443 Academiam
599 408 794 454 vocatus,
850 408 896 445 ut
937 405 1130 447 Literas
1167 407 1386 465 Belgica-s

286 483 325 518 et
346 480 542 520 Patriae
572 478 755 521 traderet
779 480 1068 534 Historiam,
1098 492 1250 526 novam
1272 481 1384 528 hanc

282 552 535 609 provinciam
570 560 690 610 grato
732 553 873 598 animo
911 556 1098 615 accepit,
1138 565 1384 618 acceptam-

283 642 362 683 que
398 628 556 670 solenni
594 628 794 672 Oratione
844 629 968 684 adiit,
1023 634 1243 678 vernaculo
1291 649 1419 681 ser-,

278 717 399 746 mone
433 703 601 757 habita,
632 704 685 748 de
713 721 820 749 vero
850 709 1029 760 Ροέιας
1048 708 1098 748 (8)
1159 709 1274 766 quod
1310 725 1387 756 ar-

280 787 515 836 gumentum
548 786 588 823 et
615 780 782 838 ingenio
820 782 896 827 viri
931 784 1386 842 convenientissimum,

279 869 356 900 nec
391 871 415 900 a
445 856 626 901 muneris
657 857 838 906 adeundi
869 858 1029 904 ratione
1066 860 1242 906 alienum
1278 870 1383 909 erat.

279 933 378 991 Ipso
404 941 538 977 autem
569 933 651 978 hoc
678 949 848 979 munere
870 936 1071 994 fungens,
1104 938 1266 995 qualem
1293 939 1386 986 dis-

278 1009 423 1068 cipulis
462 1010 704 1064 doctorem,
756 1011 919 1068 qualem
953 1013 1164 1058 literarum
1201 1015 1385 1060 amanti-

277 1086 355 1130 bus
389 1087 534 1131 ducem
574 1101 619 1132 se
658 1088 924 1147 praebuerit,
950 1097 995 1134 ut
1023 1090 1213 1149 pluribus
1247 1105 1383 1151 expo-

276 1176 396 1216 nam,
440 1164 506 1208 vix
541 1179 566 1207 a
605 1178 672 1208 me
710 1166 928 1223 postulatis
967 1167 1018 1210 A.
1036 1166 1089 1211 A.
1105 1166 1158 1212 fl.
1176 1166 1256 1212 H.!
1287 1167 1382 1225 qui,

276 1240 418 1284 studiis
458 1240 691 1298 Zoo'logicis
729 1248 769 1285 et
806 1241 1105 1301 physiologicis
1145 1249 1258 1288 totus
1299 1244 1383 1288 ad-

274 1316 433 1369 dictus,
492 1317 544 1360 de
593 1317 695 1361 Viro
751 1317 1032 1362 literatissimo
1090 1319 1292 1376 judicium
1343 1319 1381 1365 si

273 1395 449 1445 ferrem,
480 1394 723 1438 temerarius
756 1394 858 1438 mihi
887 1394 968 1453 ipsi
996 1394 1172 1440 viderer.
1233 1397 1379 1455 Neque

273 1476 410 1513 tamen
450 1469 559 1513 hanc
601 1471 689 1528 ejus
729 1470 835 1517 vitae
881 1470 1192 1529 gravissimam,
1239 1479 1280 1517 et
1322 1472 1379 1517 ad

272 1546 537 1590 Academiam
599 1555 786 1592 nostram
836 1547 1015 1592 maxime
1070 1549 1376 1607 pertinentem,

273 1629 446 1666 aetatem
472 1624 632 1667 silentio
663 1624 888 1683 praeterire
918 1624 1020 1667 mihi
1046 1624 1197 1670 licebit.
1257 1626 1376 1671 Pau-

273 1698 331 1758 cis
358 1699 504 1756 igitur,
535 1700 635 1756 quid
664 1690 938 1759 praestiterit,
969 1700 1192 1746 videamus.

328 1776 491 1819 Patriae
533 1776 758 1820 Historiam
806 1791 892 1821 non
941 1785 1101 1822 tantum
1141 1777 1184 1820 in
1218 1777 1375 1823 scholis

272 1851 353 1894 suis
389 1852 606 1909 exposuit,
651 1854 724 1897 sed
760 1854 979 1898 nonnullos
1022 1854 1110 1912 ejus
1146 1854 1269 1898 etiam
1304 1854 1375 1900 lo-

271 1941 342 1970 cos
387 1928 597 1987 principes
635 1944 684 1973 ac
729 1930 1012 1984 difficillimos,
1058 1930 1373 1989 elegantissimis

270 2010 308 2045 et
352 2004 516 2060 publice
563 2004 715 2049 habitis
766 2005 1050 2060 orationibus,
1087 2007 1302 2053 illustravit
1319 2007 1371 2049 (9)

271 2086 309 2121 et
338 2078 559 2132 Hooftii‚
589 2096 637 2125 ex
672 2083 825 2126 nostris
854 2083 1074 2145 Histoi-icis
1104 2083 1222 2128 facile
1249 2084 1373 2142 prin-

269 2154 394 2212 cipis,
427 2170 549 2211 quem
591 2171 683 2200 cum
719 2159 968 2203 Vondelio
1009 2160 1186 2203 maxime
1222 2159 1265 2204 in
1291 2160 1370 2205 de-

267 2231 367 2275 liciis
409 2246 573 2289 semper
609 2233 781 2288 habuit,
822 2249 972 2282 novam
1010 2235 1256 2291 editionem,
1285 2249 1368 2280 una
