1564 2750
456 177 961 220 LITERAR'IA.
1221 187 1267 232 87

158 286 314 332 faceret,
354 284 464 324 simul
498 295 536 324 et
567 287 634 327 has
670 288 780 327 urbes
812 288 936 327 subita
963 289 1170 339 irruptione
1204 304 1268 330 oc-

155 366 291 404 cupare
323 355 497 395 tentavit.

207 425 385 464 Dicamus
421 426 541 464 adhuc
576 429 751 473 quaedam
789 427 834 465 de
866 428 1012 466 militari
1049 429 1263 477 disciplina,

157 504 268 542 quam
299 494 339 533 in
366 496 526 534 exercitu
553 497 783 545 vindicavit3
825 498 990 545 quidque
1014 509 1136 545 ‘agere
1167 500 1266 536 sole-

153 571 237 611 ret,
279 576 355 613 quo
393 565 553 604 militum
585 566 757 605 virtutem
796 567 1001 614 excitaret,
1054 579 1193 616 eosque
1225 569 1263 606 in

154 632 277 671 officio
311 634 497 673 retineret.
564 636 708 674 Notum
743 646 799 674 est
840 636 931 684 quid
974 637 1130 684 fecerit,
1176 639 1266 677 defi-

152 702 271 741 ciente
310 705 390 742 sole
430 712 467 742 et
504 716 618 752 quum
661 705 802 744 fulmen
842 707 879 743 in
915 715 1032 745 castra
1072 707 1262 756 delapsum

151 782 270 811 esset:
315 786 443 812 verum
481 784 664 822 praeterea
701 775 904 814 Frontinus
932 776 1001 824 (1)
1040 777 1181 824 aliquid
1218 778 1263 816 de

153 853 198 882 eo
227 852 374 891 narrat,
416 845 514 883 unde
545 844 748 891 discimus,
778 847 969 893 quomodo
1006 846 1166 885 militum
1202 858 1264 884 su·

151 913 371 961 perstitione
394 923 559 952 uteretur
587 916 631 952 ad
651 914 842 952 victoriam
863 915 1133 962 acquirendam.
1163 916 1260 953 Nam

151 982 313 1021 initurus
346 983 555 1030 proelium,
596 983 634 1020 in
668 985 793 1021 lucum
829 985 1068 1023 densissimae
1102 986 1261 1032 opacita-

150 1050 223 1098 tis,
253 1051 317 1098 qui
347 1051 393 1089 ab
432 1060 587 1098 utraque
618 1051 693 1089 acie
729 1053 898 1100 conspici
932 1062 1101 1101 poterat,
1140 1055 1260 1092 homi-

145 1131 229 1158 nem
259 1120 421 1168 ingentis
452 1129 636 1167 staturae,
664 1121 830 1159 Deorum
855 1134 959 1160 more
998 1122 1166 1161 ornatum
1184 1153 1196 1170 ‚
1225 1134 1261 1162 et

145 1202 259 1228 curru
295 1190 536 1238 candidisque
560 1190 667 1237 equis
690 1201 868 1238 vectum,
904 1192 1080 1240 im1nisit3
1110 1194 1174 1240 qui
1194 1195 1259 1233 'da-

144 1269 185 1298 to
219 1260 330 1308 signo
367 1259 656 1308 proveheretur,
709 1260 960 1317 Periclemque
1004 1263 1154 1300 nomine
1194 1275 1270 1312 apa

142 1330 312 1379 pellans,
359 1330 615 1368 cohortaretur
644 1331 748 1369 Deos
784 1331 1079 1370 Atheniensibus
1114 1333 1255 1372 adesse.

142 1400 259 1449 Quod
292 1407 509 1448 stratagema
537 1411 692 1447 prorsus
716 1400 790 1448 ipsi
820 1401 1016 1439 successit.
1053 1402 1128 1440 Vix
1160 1402 1256 1441 enim

142 1471 272 1509 hostes
310 1469 432 1508 visum
471 1470 738 1518 adspexerant,
781 1471 872 1518 quin
912 1483 1026 1521 paene
1055 1482 1138 1510 ante
1166 1485 1256 1511 con·-

137 1542 276 1591 jectum
310 1539 375 1578 teli
400 1547 501 1588 terga
525 1549 721 1581 verterent.
749 1562 801 1571 —
828 1542 900 1580 Sed
928 1542 1141 1589 inquinatae
1173 1542 1255 1581 fue-

141 1619 230 1649 runt
262 1610 442 1659 plurimae
475 1610 623 1649 Periclis
658 1610 834 1649 victoriae
877 1612 1108 1650 crudelitate.
1162 1613 1255 1651 Pos-

138 1681 189 1719 sit
217 1679 376 1718 fortasse
409 1680 735 1728 Hestiaeensium,
773 1681 1113 1730 Aeginetarumque
1139 1688 1254 1731 epa-

137 1749 207 1788 tria
233 1749 430 1798 expulsio,
471 1751 521 1788 ob
555 1750 729 1799 politicas
760 1751 934 1798 quasdam
969 1763 1097 1789 causas
1134 1751 1253 1790 fuisse

136 1821 294 1860 decreta.
336 1820 496 1859 Saevitia
528 1828 677 1867 tamen,
706 1832 779 1868 qua
807 1822 1001 1869 Aeginetis
1028 1822 1152 1870 pollex
1188 1823 1252 1860 ab·
1311 1861 1314 1863 Α

136 1891 393 1938 scinderetur,
422 1890 669 1939 candentique
701 1890 957 1941 ferro-Samiis
992 1892 1141 1941 signum
1168 1893 1252 1931 inu·

136 1967 304 2009 teretur,
331 1962 431 1999 nulla
456 1961 597 2000 ratione
631 1961 798 1999 excusari
831 1970 985 2009 potest;
1013 1962 1085 1999 nisi
1114 1972 1253 2000 statua-

137 2042 219 2071 mus
235 2058 248 2078 ,
271 2031 518 2070 Athenienses
555 2033 677 2070 eadem
703 2031 845 2070 ratione
877 2032 922 2069 ab
951 2032 1124 2070 hostibus
1157 2043 1250 2071 trac>-

1194 2112 1252 2141 ta-

174 2196 229 2232 (ι)
249 2196 316 2225 Lib.
338 2199 361 2225 Ι.
382 2205 448 2234 cap.
474 2208 521 2228 11.
551 2196 581 2237 §.
615 2197 660 2228 io.
704 2198 794 2227 Aliud
823 2198 945 2228 Periclis
976 2206 1149 2233 stratagema
1184 2199 1249 2231 vid«

136 2251 190 2281 111.
212 2259 240 2287 9.
261 2254 288 2289 §-
313 2260 340 2286 ς.

1280 242 1379 272 sectio
1391 243 1433 271 11.
1453 245 1478 282 s,
1488 255 1519 281 4.
