1523 2745
249 151 272 186 4
442 140 1106 185 COMMENT-ATIO

211 259 333 296 neque
351 250 546 299 τιμήμκτκ
572 251 643 301 (1)
666 252 850 301 (mulctae
874 252 1066 303 publicae)
1089 253 1324 302 sufficerent,
1387 242 1389 244 ¹

212 328 310 357 nova
353 318 550 358 identidem
599 321 841 370 excogitanda
898 331 999 367 erant
1034 323 1176 368 >tributa
1217 325 1324 374 (2),

212 399 405 436 novaeque
442 390 629 429 sociorum
669 392 908 440 vexationes,
960 404 1007 431 ne
1051 393 1226 432 aerarium
1263 406 1329 443 pe-

211 459 313 496 nitus
365 460 650 499 exhauriretur:
711 473 788 510 quo
836 464 933 501 malo
983 464 1110 502 nescio
1157 474 1204 502 an
1250 475 1331 513 gra·

210 528 296 566 vius
336 530 455 576 illud,
497 531 598 577 quod
634 530 717 569 lites
751 543 1008 583 augerentur,
1039 535 1171 583 populi
1205 546 1327 573 mores

209 608 564 648 corrumperentur,
593 609 629 638 et
661 601 794 649 inopes
831 603 930 641 cives
971 604 1093 642 omnia
1121 604 1332 654 relinquen·

213 678 267 706 tes
313 681 398 717 prae
433 671 563 707 insano
597 671 783 719 judicandi
824 673 979 720 furore,
1022 685 1100 712 non
1134 683 1207 712 tarn
1240 675 1330 724 quid

209 742 351 789 justum
367 768 380 784 ,
396 751 504 787 quam
519 741 609 792 quid
623 742 714 779 utile
735 742 828 791 ipsis
857 742 955 782 foret
976 772 989 792 ,
1014 755 1222 794 spectarent
1243 746 1330 797 (3).ν

707 883 747 931 ἕ.
800 895 842 932 4.

266 1035 381 1074 Felici
418 1048 507 1076 casu
559 1045 701 1077 veteres
753 1040 994 1080 Grammatici
1044 1043 1113 1092 (4)
1152 1042 1332 1091 originem

218 1110 280 1145 τοῦ
312 1108 468 1155 θεωρίκου
508 1108 760 1156 adnotarunt,
801 1121 917 1157 quum
950 1111 1092 1160 alioqui
1129 1112 1238 1150 facile
1272 1113 1336 1151 ad·

221 1176 442 1213 duceremus
481 1178 526 1214 ad
562 1178 783 1216 credendum
819 1180 891 1217 tale
923 1180 1013 1228 quid
1038 1193 1159 1219 mores
1186 1172 1338 1230 arguere

220 1245 456 1282 vehementer
498 1255 714 1294 corruptos.
767 1248 954 1287 Nimirum
985 1251 1073 1288 dum
1104 1252 1191 1289 olim
1215 1251 1338 1290 aditus

221 1315 268 1352 ad
316 1316 496 1353 theatrum
537 1316 657 1354 cuivis
693 1324 857 1365 pateret,
885 1318 1007 1357 turbis
1044 1329 1080 1358 et
1117 1320 1247 1360 litibus
1274 1321 1336 1360 illa

222 1385 371 1423 licentia
401 1396 523 1423 ansam
561 1385 782 1434 praebebat:
826 1387 991 1435 quibus,
1031 1400 1146 1436 quum
1182 1390 1336 1439 Olymp.

221 1455 344 1494 LXX.
390 1465 529 1494 novum
563 1455 746 1493 theatrum
780 1465 1060 1505 exstrueretur,
1116 1459 1338 1508 tempestive

227 1525 374 1563 obviam
414 1525 483 1564 ivit
523 1525 682 1574 pretium
723 1526 865 1564 dioboli
908 1528 975 1576 (5)
1003 1540 1023 1566 a
1066 1529 1339 1577 spectatoribus

225 1595 460 1634 solvendum.
488 1595 543 1633 Ita
569 1607 658 1633 vero
685 1607 866 1644 pauperes
892 1598 1204 1637 excludebantur:
1235 1600 1340 1647 quod

228 1675 305 1702 non
332 1664 420 1702 tulit
439 1664 624 1712 Pericles,
653 1674 780 1705 motus
806 1667 1012 1705 rationibus
1037 1667 1199 1716 politicis
1224 1681 1339 1716 aeque

228 1743 340 1782 atque
373 1734 462 1773 artis
493 1734 675 1783 ingenuae
715 1737 855 1774 studio.
922 1737 1135 1775 Debebatur
1170 1738 1340 1787 profecto

227 1806 372 1853 populo
401 1815 471 1853 pro
497 1805 687 1843 continuis
715 1805 908 1845 laboribus
933 1808 1086 1855 aliquod
1109 1809 1309 1858 praemium
1328 1837 1341 1857 ‚

1309 1887 1347 1917 et

268 1979 321 2016 (1)
340 1982 473 2010 Boeckh<
495 1989 550 2016 op.
570 1981 593 2010 1.
615 1981 640 2009 I.
661 1983 698 2011 c.
731 1989 762 2010 11
782 1988 813 2010 et
831 1989 878 2011 12.

264 2040 317 2075 (α)
336 2040 416 2067 Plut.
439 2038 530 2067 Arist.
551 2047 598 2074 24.
619 2039 739 2068 Andoc.
759 2047 789 2068 c.
807 2039 909 2069 Alcib.
936 2047 969 2075 p.
996 2041 1063 2070 116.
1083 2041 1121 2069 de
1139 2042 1217 2070 Pace
1237 2049 1271 2078 p.
1292 2049 1339 2078 93.

270 2095 322 2134 (3)
343 2096 485 2131 Xenoph.
508 2097 531 2124 1.
553 2097 576 2124 l.
596 2096 630 2132 §-
655 2103 701 2131 13.

272 2152 325 2190 (4)
343 2153 418 2181 Vide
435 2152 582 2189 imprimis
603 2153 713 2183 Liban.
731 2153 763 2181 in
785 2159 897 2187 argum.
917 2155 954 2183 ad
972 2155 1130 2185 Demosth.
1161 2158 1287 2191 Olynth.
1312 2158 1339 2187 1.

271 2209 323 2248 (5)
344 2209 500 2246 Aristoph.
521 2208 621 2246 Vesp.
640 2218 674 2240 v-
694 2214 779 2247 1¹89.
801 2210 959 2242 Demosth.
981 2219 1014 2247 p.
1036 2214 1112 2242 Cor.
1131 2221 1162 2250 p.
1178 2223 1246 2252 234.
