1502 2767
222 235 292 273 190
448 218 1112 273 COMMENTATIO

217 334 255 370 in
290 334 459 382 pluribus
507 344 623 375 terrae
665 338 831 385 partibus
871 352 1158 391 successorum,
1209 345 1327 385 donec

218 404 361 441 tandem
388 413 491 442 totus
527 405 604 443 fere
636 418 814 447 terrarum
847 411 949 449 orbis
978 411 1212 461 subigeretur
1248 415 1329 454 Ro·

217 474 361 521 manis,
401 475 465 521 qui
504 487 524 512 a
554 477 700 514 condita
727 477 811 516 inde
845 480 938 519 urbe
968 493 1110 531 semper
1141 482 1242 523 illius
1275 484 1328 522 ef·

216 543 306 582 fati:

264 651 298 687 Τ
295 664 319 687 u
345 663 472 701 regere
497 655 650 705 imperio
671 655 821 705 populos
834 683 848 703 ,
875 656 1067 707 Romane,
1092 669 1267 699 memento

214 772 393 799 memores
411 790 424 809 ‚
453 763 671 810 omnigenos
706 763 922 812 ubicunque
957 774 1132 803 terrarum
1160 767 1324 815 populos

213 832 468 879 debellarunt,
518 833 567 871 ita
600 842 641 870 ut
674 846 741 882 per
768 828 1136 883 septingentorum‚²
1158 844 1197 874 et
1223 836 1325 884 quod

213 904 400 952 excurrit,
430 890 609 942 annorum
642 905 802 953 spatium
839 915 892 943 ter
923 914 1066 944 tantum
1097 903 1212 955 idque
1243 906 1328 960 bre-

211 975 362 1012 vissime
405 974 488 1023 Jani
532 975 713 1022 templum
755 975 918 1013 clausum
955 968 1070 1013 fuerit
1111 961 1194 1025 (⁴1).
1256 974 1326 1015 Uti

211 1045 304 1082 bella
350 1053 497 1083 externa
532 1055 685 1082 numero
723 1053 824 1082 erant
860 1045 1029 1093 infinita,
1082 1045 1132 1083 ita
1172 1043 1327 1093 quoque

210 1117 375 1161 interna,
396 1115 485 1152 adeo
509 1123 552 1152 ut
586 1114 819 1152 verissimum
853 1114 902 1153 sit
939 1116 1075 1152 nullam
1113 1126 1190 1152 non
1215 1115 1328 1153 Anti-

213 1184 365 1232 quitatis
411 1193 582 1234 gentem,
635 1184 822 1222 continuis
864 1184 1111 1222 seditionibus
1147 1193 1183 1222 ct
1215 1185 1324 1223 bellis

210 1255 375 1293 internis
392 1266 431 1293 se
455 1255 571 1303 ipsam
603 1253 859 1291 dilacerantem
878 1282 891 1300 .,
919 1253 979 1291 vel
996 1253 1131 1290 vicinis
1147 1281 1161 1300 ‚
1182 1255 1242 1291 vel
1267 1265 1323 1291 re-

209 1324 432 1362 motioribus
456 1323 606 1371 populis
634 1323 728 1360 viam
763 1324 905 1370 planam
936 1322 1137 1360 reddidisse
1158 1332 1194 1360 et
1219 1332 1325 1371 aper-

210 1404 305 1439 tam⁷
332 1394 407 1440 qua
436 1391 543 1429 facile
569 1395 841 1439 opprimeretur
866 1401 901 1428 et
929 1390 1100 1429 funditus
1125 1391 1321 1433 deleretur.

158 1446 162 1449 Ι
204 1463 282 1512 Jam
311 1463 497 1510 Europam
530 1461 778 1499 Christianam
800 1461 1099 1509 consideremus,
1127 1459 1206 1500 non
1233 1473 1323 1501 con-

208 1533 332 1571 festim
375 1542 462 1581 post
500 1531 748 1569 introductam
785 1531 1000 1578 religionem
1043 1532 1320 1580 ChristIanam,

209 1603 274 1641 sed
311 1614 356 1640 ex
390 1614 466 1650 quo
500 1603 646 1640 Christi
683 1600 850 1640 doctrina
881 1602 1075 1651 benignam
1106 1613 1210 1640 suam
1245 1603 1322 1642 vim
1378 1622 1381 1625 1

208 1675 245 1710 in
282 1674 445 1721 populos
482 1672 668 1719 exseruit,
724 1671 907 1718 iidemque
944 1671 983 1709 in
1020 1671 1156 1710 talibus
1198 1684 1322 1712 rerum

209 1744 438 1793 περιστάσεσι
463 1739 599 1780 versati
615 1749 715 1795 nsunt
731 1752 757 1788 ‚¹
772 1740 943 1789 qualibus
967 1740 1062 1779 bella
1088 1741 1218 1780 evitari
1233 1752 1323 1790 pos-

1222 1821 1321 1852 sent.

246 1919 297 1956 (ι)
318 1907 452 1957 Quisque
476 1919 594 1954 Calgaci
622 1919 699 1953 apud
737 1917 920 1946 Tacitum
952 1917 1002 1946 hic
1038 1918 1129 1947 verba
1164 1918 1322 1956 meminit,

210 1979 238 2006 in
270 1979 344 2006 Vim
373 1978 559 2012 Agricolae,
590 1984 656 2011 cap.
687 1979 736 2005 80.
774 1995 797 2010 „
823 1977 945 2011 Raptor
968 1984 997 2002 es
1023 1977 1126 2009 orbis‚·
1159 1982 1320 2011 postquam

210 2042 320 2062 cuncta
347 2035 544 2064 vastantibus
568 2033 693 2069 defuere
720 2039 843 2065 terrae,
890 2038 921 2059 et
953 2041 1034 2059 mare
1059 2037 1265 2066 scrutamur,-
1291 2033 1321 2060 εἰ

210 2093 340 2127 locuples
364 2092 459 2118 hostis
490 2097 556 2124 cst,
586 2091 698 2124 avari,
729 2090 756 2117 si
781 2095 923 2124 pauper,
949 2090 1130 2122 ambitiosi5
1163 2097 1234 2124 quos
1261 2098 1319 2117 non

212 2150 343 2183 Oriens,
365 2158 420 2175 non
454 2148 600 2174 Occidens
627 2147 822 2179 satiaverit3
844 2147 903 2173 soli
927 2146 1057 2172 omnium
1077 2152 1142 2180 opes
1161 2152 1254 2180 atque
1273 2146 1323 2174 fn·

211 2207 308 2240 opiam
325 2206 402 2240 pari
422 2205 534 2239 affectu
561 2204 788 2238 concupiscunt.
809 2203 968 2238 Auferre,
991 2202 1173 2237 trucidare,
1191 2209 1321 2238 rapere,

204 2263 301 2297 falsis
328 2262 497 2290 nominihus
526 2262 709 2297 imperium,
749 2266 840 2296 atque
867 2261 920 2288 ubi
945 2258 1143 2287 solitudinem
1172 2260 1321 2296 faciunt,

209 2326 308 2349 pacem
337 2318 494 2353 appellant
505 2318 536 2344 ,Ἰ
