1523 2745
234 203 280 230 12
435 186 1099 229 COMMENTATIO

213 310 308 348 quae
332 299 365 337 ci
385 307 460 337 erat
483 310 567 337 cum
587 297 781 337 Pisistrato
807 297 1088 337 similitudinem
1122 297 1217 349 (1),
1245 310 1314 349 po-

210 370 301 417 pulo
337 368 376 407 in
411 367 663 417 suspicionem
704 368 848 406 caderet
889 366 1076 406 affectatae
1111 368 1314 417 tyrannidis

207 451 249 477 ac
282 447 458 477 testarum
482 438 668 488 suffragiis
683 466 698 485 ‚
725 437 837 475 sicuti
860 445 963 485 pater
985 437 1231 487 Xanthippus·
1245 438 1316 487 (α)

207 517 247 548 et
292 510 436 548 Damon
469 508 642 556 magister
678 509 748 558 (3)
777 518 797 544 e
833 506 984 545 civitate
1017 507 1227 557 ejiceretur.
1276 506 1320 545 In

208 578 506 628 expeditionibus
533 585 662 616 contra
690 576 824 614 fortem
844 587 884 615 se
916 584 952 614 et
970 577 1143 616 audacem
1167 576 1320 625 praesti-

210 649 256 687 tit
287 658 323 687 et
358 647 463 695 fore,
500 657 542 685 ut
570 658 647 685 non
684 646 806 684 minus
832 646 949 685 clarus
980 645 1068 684 belli
1098 645 1321 694 aliquando,

211 731 321 768 quam
365 718 468 769 pacis
512 717 655 757 artibus
701 718 873 756 existeret
897 744 911 766 ,
960 716 1035 766 jam
1074 726 1173 755 nunc
1217 726 1323 765 spem

209 788 314 829 fecit.

257 861 401 899 Exsule
428 860 573 898 demum
600 857 884 904 Themistocle,
918 856 1098 908 (Olymp.
1125 854 1322 895 LXXVII.

213 943 255 969 2.
296 942 329 968 a.
365 930 416 969 C.
459 933 575 978 471.)
619 937 770 967 mortuo
819 926 890 977 (4)
929 926 1098 965 Aristide
1145 926 1323 975 (Olymp.

208 999 409 1039 LXXVIII
433 1010 517 1038 1.a.
538 999 589 1037 C.
615 996 734 1046 468.)
760 996 866 1036 bellis
890 995 1108 1047 longinquis
1136 1004 1320 1045 occupato

207 1070 393 1116 Cimone,
439 1081 560 1117 remp.
611 1067 761 1117 attigit,
810 1067 992 1105 continuo
1036 1066 1169 1116 populi
1201 1075 1324 1116 partes

207 1140 422 1188 amplexus,
454 1139 592 1186 idque,
632 1137 817 1185 siquidem
841 1136 1042 1176 Plutarcho
1067 1135 1159 1174 fides
1185 1134 1325 1175 haben-

206 1211 278 1257 da,
324 1194 454 1246 contra
504 1217 655 1245 nautam
692 1217 796 1244 suam
833 1205 982 1244 minime
1025 1205 1244 1254 popularem
1281 1204 1329 1243 il-

209 1280 280 1317 lam
324 1279 408 1327 (5).
462 1276 647 1324 Equidem
664 1303 677 1322 ‚
717 1275 749 1312 si
795 1285 910 1313 meam
951 1275 1167 1323 opinionem
1202 1281 1322 1313 tantae

211 1345 422 1386 auctoritati
451 1356 643 1394 opponere
666 1344 799 1392 liceat,
825 1344 951 1382 multis
977 1345 1173 1393 adducor,
1199 1352 1243 1383 ut
1268 1355 1324 1383 er-

214 1418 353 1457 ravisse
374 1417 476 1455 illum
502 1424 656 1464 putem,
683 1415 773 1452 haec
786 1414 1024 1454 scribentem.
1051 1413 1218 1453 Primum
1229 1413 1325 1452 enim

211 1488 351 1537 Lysiae
362 1486 621 1536 (6)assentior
635 1514 647 1533 ‚
664 1484 845 1523 neminem
855 1485 987 1523 natura
1000 1484 1044 1522 ad
1057 1483 1296 1532 oligarchiam
1309 1511 1325 1531 ,

210 1559 272 1596 vel
293 1559 338 1596 ad
359 1556 614 1595 democratiam
640 1566 723 1593 esse
742 1553 1027 1603 procliviorem,
1052 1553 1117 1592 sed
1129 1565 1206 1592 eam
1228 1554 1327 1593 velle

209 1627 426 1666 confirmare
460 1624 647 1674 regiminis
673 1623 856 1672 formare,
893 1634 988 1673 quae
1010 1624 1070 1662 vel
1105 1618 1178 1663 sibi
1204 1624 1328 1673 prosit

1265 1694 1325 1732 vel

247 1814 300 1852 (ι)
321 1812 531 1843 Narrationem
555 1816 638 1839 suam
659 1816 676 1836 e
703 1807 863 1836 Plutarcho
890 1804 1030 1836 sumsisse
1050 1811 1083 1834 et
1103 1809 1223 1834 ornasse
1240 1801 1326 1834 vide·

211 1879 258 1900 ter
273 1872 377 1900 Valet.
398 1870 481 1898 Max.
514 1867 595 1896 vm.
615 1875 644 1903 9.

250 1934 303 1970 (2)
326 1933 446 1962 Heracl.
467 1934 555 1961 Pont.
577 1936 615 1959 π.
643 1922 824 1958 πολιν-εἴων
846 1927 885 1957 c.
909 1908 950 1956 1.>

245 1987 298 2022 (3)
318 1984 396 2013 Plut.
415 1984 485 2012 Per.
513 1990 544 2019 4.
565 1979 658 2009 Arist.
686 1986 714 2008 1.
743 1977 910 2007 Damonem
941 1976 1086 2005 reducem
1110 1981 1179 2004 cum
1204 1972 1320 2009 Pericle

207 2039 459 2072 consuetudinem
480 2044 642 2067 renovasse
654 2055 665 2072 ,
686 2044 704 2064 e
720 2033 856 2065 Platonis
872 2032 976 2063 verbis
997 2031 1120 2071 (Alcib.
1139 2032 1165 2063 1.
1188 2029 1230 2067 1.)
1248 2037 1323 2061 con·

213 2097 301 2133 jicio.

244 2154 297 2193 (4)
317 2154 367 2183 Cf.
381 2152 518 2182 clinton.
537 2151 574 2180 Τ.
592 2150 636 2179 Η.
652 2150 688 2180 ad
702 2157 731 2180 a·
746 2152 803 2188 468
821 2155 852 2179 et
866 2149 935 2188 469.

251 2213 305 2250 (5)
324 2213 402 2241 Plut.
422 2211 490 2238 Per.
513 2215 544 2243 7.

244 2268 296 2307 (6)
316 2266 430 2303 Lysias.
451 2273 481 2302 p,
501 2265 570 2303 764.
594 2263 634 2293 R.
