1538 2689
262 155 310 182 20
481 131 1141 178 COMMENTATIO

263 251 402 290 artibus
414 246 694 295 disciplinisque
718 253 884 292 tempore
901 239 1008 279 medii
1021 240 1101 278 aevi
1116 252 1130 287 3
1146 250 1368 286 quamquam

264 330 352 358 tunc
376 318 473 366 apnd
498 316 637 354 Arabes
673 315 774 351 bono
810 324 893 350 cum
935 319 1069 348 eventu
1110 309 1369 359 exercebatur,

262 391 369 438 cujus
395 387 571 425 habemus
606 385 811 432 exemplum
851 391 994 430 praeter
1030 381 1097 417 alia
1132 379 1169 417 in
1204 378 1368 422 Arabico

261 457 411 497 Medico
441 455 578 494 Abu'l
622 455 806 491 Kasem.
849 452 939 499 (Αο.
987 449 1122 497 1100.)
1158 449 1227 498 (1)
1250 476 1262 495 ‚
1306 447 1371 495 qui

261 537 338 564 non
369 534 511 563 tantum
547 524 723 571 ligaturae
755 521 999 558 instituendae
1032 520 1183 557 modum
1208 517 1372 565 descrip-

259 595 415 642 sit,sed
433 594 540 632 etiam
566 592 764 638 indicavit,
795 600 970 637 quaenam
999 588 1147 626 materia
1173 588 1217 625 ad
1239 587 1372 634 ligatu-

262 677 335 703 ram
363 665 412 702 sit
424 692 427 693 γ
437 662 664 711 usurpanda.
984 707 987 712 ἱ

313 733 482 772 Historia
494 732 670 781 ligaturae
682 732 803 769 denuo
828 730 981 777 incipit,
998 730 1148 767 ineunte
1161 728 1289 766 seculo
1308 726 1370 764 de-

259 804 357 842 cimo
370 811 482 841 sexto
497 830 509 851 ‚
524 813 638 853 quum
652 801 690 839 V
704 800 718 838 i
733 812 756 848 g
771 812 793 838 o
816 800 906 849 (ΑΟ.
927 812 970 847 15
980 801 1064 851 Ιιό.)
1076 797 1146 848 (2)
1160 797 1374 836 methodum

262 882 487 924 proponeret
502 901 516 920 ‚
539 881 581 910 ut
610 880 801 910 sanaretur
827 881 1046 918 aneurysma
1076 868 1372 915 compressione.

309 943 454 981 Eodem
471 951 636 988 tempore
651 941 687 979 G
703 952 723 992 e
737 953 754 978 r
767 952 785 978 s
800 940 821 977 d
838 951 861 978 o
875 951 891 976 r
904 939 966 977 ffi
982 951 1005 977 u
1018 951 1036 977 s
1052 940 1145 985 (ΑΟ.
1160 937 1294 986 1526.)
1305 936 1375 985 (3)

266 1012 455 1061 ligaturam
483 1010 646 1048 instituit
671 1010 819 1048 duobus
852 1009 940 1047 filis.

1302 1077 1375 1115 Sed

296 1189 349 1225 (ι)
377 1186 616 1220 Albucasis‚
637 1186 671 1213 de
704 1187 896 1222 chirurgia,
925 1188 1050 1214 arabiae
1080 1193 1112 1215 et
1134 1188 1236 1215 latine
1272 1195 1372 1222 pura,

255 1246 340 1281 Jolt.
363 1241 718 1277 Channingkoxonii
733 1246 815 1277 1778.
833 1242 877 1278 4⁰.
901 1241 954 1270 lib.
973 1243 1012 1271 11.
1034 1250 1110 1271 sect.
1131 1251 1160 1277 3.
1181 1251 1214 1278 p.
1235 1252 1280 1279 ¹9·
1301 1261 1326 1278 ,‚
1344 1243 1374 1271 si

256 1320 280 1336 ,‚
300 1300 407 1328 arteria
429 1307 532 1333 magna
556 1299 613 1332 sit,
639 1305 762 1332 oportet
781 1298 862 1326 illam
881 1298 912 1325 in
931 1299 1048 1327 duobus
1072 1297 1149 1326 locis
1169 1298 1282 1333 rigare,
1304 1307 1372 1327 cum

257 1376 280 1391 ‚‚
300 1356 353 1384 filo
381 1356 533 1389 duplicato
561 1354 654 1382 forti:
701 1354 739 1382 sit
766 1354 948 1383 vero-filum
974 1357 1026 1383 vel
1061 1363 1100 1383 ex
1118 1355 1217 1384 serico
1244 1357 1295 1384 vel
1334 1364 1374 1384 ex

256 1430 279 1448 ,‚
301 1411 459 1439 testudinis
478 1410 597 1438 chordis
612 1430 620 1444 ‚
636 1418 673 1438 ne
691 1410 815 1439 festinet
833 1410 878 1438 illi
898 1411 1055 1446 corruptio
1069 1432 1078 1446 ,
1093 1419 1250 1447 antequam
1266 1402 1373 1442 vulnus

256 1487 280 1503 ,‚
299 1468 524 1496 consolidetur:
566 1467 717 1495 accideret
741 1467 820 1495 enim
857 1469 1094 1503 haemorrhagia.
1150 1470 1226 1498 Tum
1257 1451 1375 1505 amputa

250 1545 279 1568 ,‚
319 1526 402 1560 quod
419 1525 603 1559 superfluum
619 1531 684 1559 est,
705 1525 785 1553 inter
804 1527 874 1553 duas
891 1524 1064 1560 ligaturas?
1348 1506 1366 1519 ι(

294 1583 345 1621 (2)
366 1583 435 1619 Joh
446 1590 488 1609 an
500 1581 561 1609 nis
581 1584 619 1610 de
636 1584 662 1611 V
673 1581 682 1608 i
693 1589 737 1615 go
748 1601 758 1616 ‚
772 1583 920 1610 Practt‘ca
933 1583 965 1609 in
983 1589 1052 1610 arte
1065 1583 1264 1620 Chtrurgica,
1275 1584 1372 1614 Rom.

259 1647 342 1676 1514·
360 1639 442 1676 4lib.
457 1640 513 1691 111:
538 1647 578 1668 tr.
592 1640 616 1667 1.
635 1647 701 1674 cap.
725 1647 752 1667 α.
767 1639 822 1667 fol.
842 1642 889 1670 65.
911 1658 933 1673 ‚,
946 1640 1070 1673 Insuper
1086 1647 1210 1671 necesse
1229 1624 1297 1683 est}
1318 1641 1373 1683 ali-

256 1717 278 1733 ,‚
301 1704 386 1731 quam
408 1703 513 1723 venam
536 1702 585 1723 aut
603 1695 740 1723 arteriam
762 1695 898 1722 totaliter
915 1695 1049 1724 incidere
1065 1715 1074 1730 ‚
1091 1703 1124 1724 ut
1147 1705 1248 1725 earum
1265 1697 1374 1726 introi·

253 1773 278 1789 ,‚
299 1761 346 1781 tus
380 1752 430 1780 fiat
456 1752 485 1780 iu
514 1752 720 1786 profunditate
748 1751 874 1779 membri
905 1752 935 1779 in
967 1759 1140 1787 tantumque
1169 1762 1184 1782 a
1210 1762 1297 1782 came
1322 1763 1372 1783 va·

254 1831 279 1846 ‚,
300 1812 379 1838 leant
396 1808 568 1844 cooperiri:
583 1809 637 1841 *sic
649 1809 704 1837 ista
723 1809 771 1836 via
783 1810 962 1843 plerumque
979 1809 1168 1843 restringitur
1184 1810 1294 1844 absque
1311 1793 1373 1839 ma·

255 1887 278 1903 ‚‚
301 1858 345 1894 'tre'
377 1867 506 1900 sanguis.
549 1867 679 1900 siliquae
711 1866 801 1893 modo
830 1873 875 1893 est
897 1866 1096 1894 necessarium
1123 1867 1251 1901 aliquam
1278 1868 1370 1902 ligate

254 1944 278 1959 ‚‚
300 1931 406 1956 venam
433 1922 606 1957 praesertim
630 1922 783 1949 arteriam':
815 1914 890 1956 quae
916 1922 979 1956 ipsa
1007 1922 1093 1957 ligata
1112 1925 1182 1951 loco
1209 1923 1299 1952 facile
1323 1924 1369 1953 in-

255 1999 280 2017 „
301 1987 436 2008 carnatur
463 1974 612 2018 remedio.
655 1980 764 2007 Modus
792 1985 889 2005 autem
914 1978 1065 2011 ligationis
1098 1987 1198 2007 earum
1225 1980 1372 2016 efficitur,

256 2036 528 2073 „intromittendo
545 2043 629 2062 acum
649 2036 703 2063 sub
736 2042 812 2062 vena
840 2035 971 2069 desuper
996 2034 1078 2065 filum
1103 2035 1276 2071 stringendo
1303 2046 1372 2067 cum

256 2113 280 2129 „
301 2093 444 2121 facilitate
482 2099 531 2120 aut
558 2092 651 2126 ligent
675 2100 780 2120 venam
811 2092 903 2126 ipsam
938 2079 1168 2127 excoriandam3
1198 2094 1307 2124 deinde
1340 2095 1371 2125 in

264 2170 275 2187 ‚
297 2150 448 2185 superiori
467 2157 549 2184 parte
568 2156 598 2176 et
613 2157 683 2176 cum
703 2148 754 2176 filo
775 2148 890 2183 optime
911 2147 1093 2182 stringent.’'

292 2206 343 2242 (3)
372 2207 454 2242 Joh.
489 2206 525 2233 ab
558 2204 813 2238 cersdorff‚
852 2204 1004 2233 Feldbuch
1034 2204 1088 2232 dar
1120 2199 1370 2246 H'rindarezney,

1274 2268 1366 2296 stras-
