1523 2745
348 149 1107 212 onseavArtones
1212 184 1284 225 ,η

172 255 348 306 θκγόρειος
372 286 388 307 ,
432 262 472 302 οὗ
512 269 673 315 μαθητὴς
721 270 946 322 Ἀγαθοκλῆς
970 305 984 324 ,
1029 278 1069 319 οὗ
1106 288 1280 333 Λαμπρο-

164 330 256 372 κλῆς
278 327 376 377 (1),
403 332 443 372 οὗ
467 336 620 384 Δάμων.
647 340 766 380 Conf.
796 342 882 382 Obs.
912 346 980 385 LI.

213 422 302 463 Obs.
329 426 380 465 L.
409 430 535 478 Quum
559 435 796 484 Anaxagoras
821 445 1018 481 materiam
1043 457 1061 482 a
1084 456 1202 486 mente
1215 460 1274 486 se-

155 502 327 540 pararet,
344 497 476 537 mirum
501 503 636 541 nemini
662 506 804 545 accidat
819 538 831 556 ‚
859 512 962 557 quod
985 515 1272 557 coelimutatio-

157 570 250 609 nes,
280 564 445 614 aliasque
469 566 553 618 res,
572 575 685 624 vulgo
714 579 881 627 prodigia
901 594 1138 637 acportenta
1167 589 1269 627 habi-

157 636 239 679 ωε,
255 643 274 669 e
288 638 445 675 naturali
470 643 624 687 quadam
649 657 757 685 causa
780 651 959 698 explicare
980 665 1175 709 conaretur
1192 671 1202 696 ε
1217 660 1267 698 ita

152 708 196 737 ut
220 704 343 752 'solem
372 719 413 745 v.
440 720 476 746 c.
496 738 509 756 ,
552 724 660 759 quem
690 718 891 758 multitudo
929 726 1127 764 maximum
1154 729 1261 768 deum

148 770 361 818 Apollinem
378 779 531 824 putabat
545 810 557 829 ,
581 786 706 834 μύδρον
732 790 897 839 διάπυρον
918 804 1065 833 vocaret
1080 796 1170 847 (2).
1188 797 1264 838 Ta·

145 839 199 885 les
228 843 451 895 opiniones,
469 851 539 888 etsi
563 857 706 893 auctori
732 858 932 908 impietatis
961 872 1086 903 notam
1124 867 1261 907 confla-

146 920 234 949 runt
251 941 263 960 ,
277 917 424 955 excelso
447 919 597 960 Periclis
627 924 776 974 ingenio
792 941 869 968 non
894 933 1039 980 placere
1061 945 1137 973 non
1150 946 1260 985 pote·

143 988 249 1031 rant;
264 985 330 1036 qui
351 996 397 1024 ne
410 999 514 1037 aegre
538 993 686 1039 quidem
700 998 815 1046 tulit,
844 1012 959 1048 quum
983 1004 1222 1054 Anaxagoras
1238 1036 1252 1054 ‚

83 1069 86 1072 -
140 1059 269 1101 contra
288 1053 493 1104 Lamponis
505 1061 600 1100 vatis
613 1067 852 1116 sententiam,
866 1072 1087 1122 probasset,
1106 1077 1254 1116 unicum

137 1108 260 1162 arietis
284 1137 402 1164 cornu
428 1140 660 1179 nequaquam
686 1138 863 1185 prodigio
886 1143 1045 1188 quodam
1079 1156 1099 1181 e
1131 1144 1255 1184 fronte

137 1176 282 1241 enatum
321 1194 467 1246 fuisse,
495 1202 562 1239 sed
595 1205 699 1250 quod
731 1206 839 1245 ambo
875 1221 1013 1250 cornua
1037 1213 1108 1261 jam
1129 1215 1166 1252 in
1192 1229 1252 1255 ca-

133 1260 212 1310 pite
236 1263 275 1302 in
310 1276 422 1305 unum
459 1271 685 1321 coaluissent
722 1275 804 1324 (3).
868 1279 1058 1328 Quantum
1093 1295 1181 1322 vero
1211 1286 1249 1323 in

132 1341 252 1370 rerum
294 1335 415 1372 causis
452 1337 667 1388 indagandis
703 1348 938 1385 consuetudo
986 1361 1069 1387 cum
1105 1355 1250 1392 Anaxa·

129 1394 226 1447 gora¹
256 1402 328 1441 sibi
378 1405 564 1451 profuerit
590 1438 603 1456 ,
657 1413 807 1460 publice
847 1419 1009 1456 ostendit
1050 1422 1208 1462 Pericles
1233 1453 1246 1471 ,

131 1479 244 1515 quum
271 1483 315 1509 eo
342 1473 427 1521 ipso
456 1484 647 1527 tempore,
678 1494 753 1529 quo
780 1483 816 1521 in
844 1488 1113 1534 expeditionem
1156 1505 1247 1532 con-

127 1545 181 1575 tra
209 1539 341 1579 hostes
378 1544 618 1591 profecturus
656 1562 785 1590 navem
821 1559 1112 1609 conscenderet,
1150 1564 1241 1603 solis

124 1608 251 1658 subito
290 1612 495 1658 deficientis
522 1629 631 1657 causa
670 1623 848 1670 explicata
866 1653 880 1673 ,
909 1628 1065 1668 militum
1098 1634 1241 1673 animos

125 1678 359 1719 confirmavit
397 1684 481 1733 (4)·
535 1688 696 1727 Narrant
733 1693 866 1742 etiam,
895 1697 1074 1739 militibus
1114 1703 1240 1743 fulmi-

123 1757 171 1785 ne
196 1748 234 1786 in
271 1760 388 1790 castra
427 1755 580 1804 delapso
624 1761 820 1801 admodum
863 1768 1064 1809 terrefactis
1087 1801 1099 1821 ‚
1140 1774 1239 1813 Peri-

1142 1846 1237 1885 clem

708 1901 887 1943 Λάμπρος.
911 1910 1142 1950 Prosopogr.p.
1171 1922 1233 1951 185.

117 1941 220 1972 Minus
238 1952 334 1976 recte.
364 1949 450 1978 Conf.
481 1953 559 1982 Plut.
586 1956 623 1983 de
648 1958 759 1989 Music.
799 1970 866 1999 cap.
900 1970 945 1996 16.
975 1976 1006 2004 p.

115 1999 220 2030 Schol.
241 2004 277 2030 ad
298 2004 426 2035 Aristid.
451 2016 483 2042 p.
504 2017 570 2043 203.
593 2013 751 2045 Prominel.

121 2080 124 2083 ,
153 2055 205 2092 (2)
225 2059 461 2098 conffi11.,quos
479 2066 553 2096 citat
572 2071 696 2102 Schaub.
717 2074 783 2104 Lib.
803 2079 883 2108 laud.
903 2089 935 2116 p.
953 2090 1018 2120 ¹39·

150 2112 202 2148 (3)
224 2115 302 2146 Plut.
322 2108 355 2146 in
374 2121 439 2149 Per.
464 2130 530 2158 cap.
553 2129 581 2155 6.
603 2135 633 2162 p.
652 2137 712 2167 154.
732 2132 765 2163 F.
785 2146 836 2156 --
856 2136 947 2168 Conf.
967 2142 1036 2171 Ohs.
1054 2144 1163 2175 XXII.

149 2168 201 2206 (4)
223 2172 354 2203 Plut.¹in
374 2179 442 2207 Per.
460 2188 526 2217 cap.
548 2192 595 2217 35.
617 2193 648 2219 p.
676 2194 742 2220 17¹.
762 2192 798 2219 C.
818 2205 853 2214 —
878 2194 945 2224 Cic.
973 2199 1009 2225 de
1028 2200 1108 2236 Rep.
1136 2204 1160 2232 1.
1181 2208 1227 2235 ιο.

95 2226 229 2261 ‘Quinem
246 2231 331 2260 lustr.
351 2234 432 2263 Orat.
446 2237 468 2266 1.
484 2247 529 2267 ιο.
548 2254 582 2261 -
605 2243 671 2270 val.
692 2245 776 2274 Max.
792 2249 866 2278 vm.
878 2259 935 2287 cap
970 2261 1013 2282 ιι.
1037 2258 1159 2289 Extern.
1184 2272 1211 2292 ιω

623 2300 710 2349 Qz

127 1909 133 1914 .
156 1886 211 1923 (ι)
234 1889 338 1918 Groen
356 1899 387 1920 v.
407 1893 578 1925 Prinsterer
596 1900 681 1928 malit

1040 1974 1124 2006 1156.
1148 1975 1179 2003 E.
1201 1983 1231 2004 et
