1564 2750
457 147 962 190 LITERARIA.
1212 151 1263 198 65

144 257 351 305 debemus,
381 267 492 305 quam
523 257 567 296 ab
599 270 673 306 eo,
716 259 777 297 cui
820 267 948 296 natura
991 258 1137 296 dederat
1176 258 1262 296 vul·

142 334 221 364 tum
247 327 292 364 ad
323 325 438 364 risum
467 326 616 366 minime
636 328 839 377 proclivem
870 336 906 366 et
934 326 1114 375 insignem
1140 325 1259 374 gravi·

139 403 265 434 tatem.
322 397 437 435 Erant
469 397 624 435 Pericles
653 405 689 436 et
712 398 776 447 qui
806 409 889 435 eum
914 395 1031 435 secuti
1060 406 1148 434 sunt
1175 408 1256 434 ora.

137 475 239 504 tores
256 493 269 513 ,
296 474 391 504 teste
427 466 612 505 Cicerone
638 468 732 516 (1),
772 451 925 515 grandes
955 466 1107 514 verbis,
1135 465 1255 504 crebri

136 536 354 584 sententiis,
398 538 674 586 compressione
710 548 829 575 rerum
860 536 990 575 breves
1024 545 1060 574 et
1095 537 1145 574 ob
1173 544 1250 575 eam

134 605 252 654 ipsam
275 617 421 644 causam
456 607 639 645 interdum
665 606 908 645 subobscuri.
957 606 1108 644 Periclis
1135 606 1249 655 igitur

136 676 384 724 eloquentiam
418 674 503 713 foro
541 685 577 715 et
612 676 741 714 castris
761 704 774 723 ‚
811 688 921 724 quam
957 677 1158 724 palaestrae
1183 688 1249 726 ap-

132 744 264 782 tiorem
305 745 423 783 fuisse
457 754 577 794 puto,
628 755 663 784 et
700 746 904 784 redoluisse
960 744 1001 784 ea
1047 755 1245 795 tempora,

134 826 250 862 quum
271 815 402 854 civitas
428 815 657 854 Athenarum
673 844 686 863 ,
713 816 876 854 nominis
912 816 1008 854 fama
1036 816 1244 863 celebrata,

131 883 170 922 in
203 884 284 923 viro
324 884 493 934 principe
518 887 602 935 plus
632 887 853 934 aliquant0‚
882 898 990 934 quam
1017 887 1151 925 nudam
1192 885 1245 924 rei

131 954 300 994 militaris
329 955 516 993 scientiam
553 956 750 1003 exigebat„
790 957 989 1004 Pleraeque
1033 964 1154 993 autem
1189 968 1247 994 ea·

130 1034 211 1061 rum
229 1051 242 1071 ,
271 1035 363 1072 quas
393 1025 717 1072 enumeravimus,
746 1026 888 1064 dotium
929 1035 1047 1073 quum
1085 1036 1105 1063 a
1131 1025 1248 1063 nemi-

126 1104 200 1141 ne,
229 1093 295 1140 qui
322 1094 472 1141 quidem
496 1093 585 1131 boni
610 1093 779 1132 Oratoris
802 1094 946 1131 laudem
968 1094 1085 1132 ambit
1101 1122 1113 1141 ‚
1141 1094 1246 1131 abes-

127 1174 169 1201 se
203 1163 376 1212 possint,
413 1164 453 1201 in
484 1164 586 1202 nulla
612 1174 738 1202 earum
771 1175 883 1202 verus
920 1164 1154 1211 eloquentiae
1179 1165 1245 1202 Pe-

126 1232 258 1272 ricleae
289 1234 475 1271 character
512 1242 549 1271 et
580 1241 694 1281 typus
734 1233 825 1282 poni
864 1233 1018 1282 poterit.
1086 1234 1245 1271 Difficile

127 1311 184 1341 est
223 1304 314 1341 certi
339 1302 430 1350 quid
461 1303 506 1341 de
532 1314 576 1340 eo
610 1303 814 1350 affirmare,
843 1304 1056 1351 praesertim
1081 1305 1209 1353 juveni
1228 1332 1241 1351 ‚

125 1373 190 1421 qui
236 1381 425 1411 oratorum
469 1381 636 1411 veterum
676 1381 913 1411 monumenta
950 1374 1102 1411 vixdum
1157 1374 1242 1411 atti=

125 1441 206 1491 git3
234 1442 295 1482 vel
327 1441 381 1478 sic
414 1450 535 1478 tamen
571 1439 680 1477 finem
709 1440 808 1478 illius
841 1442 1074 1488 eloquentiae
1109 1442 1147 1479 in
1173 1443 1241 1480 do-

122 1512 240 1550 cendo
270 1522 349 1549 non
380 1518 517 1548 temere
547 1510 642 1548 ,mihi
677 1511 906 1549 constituere
938 1511 1095 1559 videor,
1122 1512 1239 1550 viam-

121 1593 213 1630 que,
245 1593 338 1629 quae
368 1581 413 1618 ad
446 1592 529 1618 eum
567 1580 676 1619 finem
713 1581 893 1628 duceret,
931 1581 1112 1630 insignem
1148 1594 1238 1631 pru-

121 1644 281 1683 dentiam
316 1644 479 1682 civilem.

168 1715 296 1765 Quum
310 1715 421 1752 modo
441 1714 623 1752 calculum
641 1726 761 1751 meum
787 1713 978 1763 adJ'ecerim
994 1714 1039 1751 iis
1055 1742 1068 1761 ,
1085 1715 1148 1762 qui
1175 1726 1238 1753 ne·-

121 1793 207 1834 gant
241 1784 438 1832 quicquam
478 1792 620 1832 praeter
658 1785 802 1822 decreta
832 1796 851 1822 a
888 1784 1028 1823 Pericle
1069 1785 1235 1823 relictum

119 1854 265 1901 fuisse,
306 1855 396 1892 nolo
432 1862 552 1892 tamen
596 1853 688 1891 illud
725 1864 769 1890 eo
808 1854 974 1900 valere‚-
1001 1854 1109 1901 quasi
1142 1854 1238 1891 arbi-

120 1933 193 1963 trer
219 1925 321 1962 illum
355 1935 423 1971 ea,
462 1919 556 1972 quae
588 1923 757 1961 dicturus
785 1931 913 1969 esset,
940 1934 1017 1961 non
1042 1923 1141 1961 domi
1167 1926 1236 1962 ela-

116 1995 270 2033 borasse
294 2004 330 2032 et
350 1994 492 2042 scripto
517 1994 720 2032 mandasse.
777 1992 864 2031 Scio
887 1992 1056 2040 equidem
1088 1992 1206 2031 fuisse
1221 2018 1234 2040 9

120 2065 186 2114 qui
210 2053 335 2104 fontes
357 2070 425 2106 τῶν
462 2066 579 2113 λόγων
605 2066 754 2114 σχέδιων
781 2056 826 2101 ab
866 2074 910 2100 eo
947 2063 1113 2101 reclusos
1139 2062 1236 2100 dice-

1124 2141 1231 2173 rent:

154 2217 207 2257 (1)
227 2219 293 2249 cic.
311 2215 393 2250 Brut.
410 2225 438 2252 7.
459 2219 501 2248 cf.
523 2226 567 2249 ιι.
589 2219 673 2247 Orat.
693 2227 724 2254 4.
746 2218 825 2246 Plut.
843 2215 910 2245 Per.
931 2215 1049 2251 passim.

165 2277 281 2315 Βοοτ
675 2275 707 2312 Ε
