1507 2876
257 220 310 258 12
415 214 503 257 ΤΗ.
522 213 574 256 G.
605 167 703 255 VAn
728 209 905 254 LIDTH
929 222 993 252 DE
1018 206 1209 254 JEUDE

250 341 315 386 sin
347 340 591 399 praesertim
630 338 762 382 valeat
797 334 1021 392 juventutis
1060 335 1215 390 ardor,
1246 334 1356 381 ami-

250 417 369 460 citiae
400 416 536 459 calore
565 413 770 457 incitatus.
1292 422 1295 425 ·

304 494 390 536 Nec
429 498 566 535 tamen
605 488 700 531 huie
730 486 895 543 juvenili
937 487 1080 531 ardori
1115 487 1174 532 ita
1211 486 1355 532 indul-

249 567 329 621 sit,
372 575 417 611 ut
454 566 700 624 prudentem
743 563 981 608 maturioris
1023 564 1168 609 aetatis
1203 563 1356 608 mode-

248 645 450 688 rationem
485 647 781 685 contemneret.
842 640 934 683 Imo
970 655 1096 694 vero,
1140 654 1358 698 quoscun-

250 735 328 776 que
368 719 558 778 paricbat
591 716 741 774 ingenii
771 717 937 770 foetus,
967 716 1072 770 hos,
1112 731 1205 761 cum
1246 717 1356 762 alio-

247 810 367 847 rum,
410 809 531 838 verae
561 794 743 837 Po'e'seos
774 792 1032 850 peritorum,
1061 800 1149 836 tum
1177 793 1356 838 maxime

247 869 626 915 Kantelaarii
660 868 764 922 sui,
794 868 915 913 unius
957 869 1002 912 in
1041 867 1187 927 paucis
1234 883 1356 914 seve-

248 947 401 991 rissimi
451 945 623 1004 judicis,
685 945 860 990 arbitrio
906 944 1198 1004 dijudicandos
1240 943 1355 991 offe-

247 1025 376 1069 rebat.

302 1101 387 1146 Sed
416 1102 467 1145 A.
485 1102 535 1145 A.
553 1100 605 1145 H.
622 1100 696 1144 H.!
729 1099 883 1144 deliciis
918 1101 1053 1145 nostri
1088 1099 1211 1145 amici
1241 1113 1352 1144 con-

247 1176 494 1236 templandis
511 1208 522 1229 ‚
555 1191 621 1220 me
667 1191 692 1219 a
731 1176 955 1234 proposito
999 1177 1151 1221 abduci
1190 1175 1353 1232 senti03

247 1254 303 1298 ad
338 1254 473 1313 ipsam
510 1253 596 1310 ejus
640 1252 767 1297 vitam
802 1252 1134 1297 adumbrandam
1171 1253 1357 1297 redeun-

249 1331 364 1375 dum.

302 1406 640 1465 Quinquennium
677 1406 803 1459 illud,
850 1405 965 1463 quod
1014 1405 1169 1449 Leidae
1215 1403 1353 1462 degit,

248 1484 594 1541 quemadmodum
630 1483 843 1527 literarum
883 1483 1106 1540 elegantiae
1136 1489 1177 1525 et
1207 1481 1352 1534 Poesi,

244 1560 302 1604 ita
338 1560 611 1604 severioribus
653 1574 819 1616 quoque
865 1566 906 1603 et
947 1558 1208 1616 gravioribus
1238 1557 1354 1601 dedit

246 1637 417 1689 studiis,
446 1636 488 1679 in
520 1637 671 1693 quibus
711 1635 1026 1680 celeberrimum
1060 1633 1352 1678 Pestelium

245 1713 321 1757 Jus
346 1714 554 1765 Naturae,
599 1721 638 1756 et
678 1713 803 1756 Viros
832 1711 1104 1763 ¹Clarissimos
1152 1711 1353 1755 Holle-

244 1789 410 1843 beek,
455 1789 665 1842 Broes‚
711 1790 893 1833 Boers
935 1796 975 1832 et
1018 1787 1245 1832 Ravium
1274 1787 1353 1832 Fi-

245 1865 372 1918 lium,
417 1865 689 1922 Theologiam
740 1865 979 1917 tradentes,
1032 1864 1158 1908 duces
1206 1863 1353 1908 habuit

247 1948 371 1997 atque
399 1940 634 1998 magistros.
1301 1937 1304 1940 ’

301 2018 490 2075 Quorum
532 2017 715 2061 virorum
756 2017 992 2076 praeceptis
1044 2023 1084 2060 et
1132 2015 1352 2074 disciplina

249 2110 375 2152 quum
411 2094 509 2138 satis
540 2094 593 2136 ad
623 2094 875 2151 gravissimi,
905 2108 990 2150 quo
1018 2108 1062 2137 se
1095 2106 1246 2137 ornare
1273 2105 1352 2136 cu-

246 2172 411 2230 piebat,
471 2170 651 2214 muneris
704 2170 1006 2228 professionem
1044 2176 1216 2228 paratus
1261 2182 1350 2212 esse

246 2248 476 2301 videretur,
516 2261 626 2291 anno
667 2247 954 2305 praecedentis
994 2246 1120 2292 seculi
1160 2259 1349 2303 nonage-
