1502 2767
256 192 300 237 78
472 186 1134 228 COMMENTATIO

300 296 400 335 Haec
425 297 494 345 (ne
521 295 605 333 alias
637 307 764 333 causas
797 296 1016 345 memorem)
1047 296 1112 344 qui
1144 307 1268 336 secum
1293 308 1353 337 re·

253 373 388 413 putet,
420 373 456 402 et
487 373 644 402 mentem
681 364 934 413 scriptorum,
964 366 1030 414 qui
1061 365 1180 404 tribus
1215 367 1351 406 seculis

251 434 438 483 prioribus
477 433 676 481 vixerunt,
724 434 947 484 perspiciat,
992 435 1099 473 facile
1143 435 1353 485 intelliget,

253 503 319 550 qui
365 503 487 550 plures
533 513 630 541 arma
661 514 790 552 capere
831 503 905 542 sibi
939 504 1036 542 haud
1074 504 1215 544 licitum
1245 513 1355 555 puta-

254 581 342 610 rint.

302 641 546 680 Attendamus
570 641 644 690 jam
673 641 717 679 ad
749 650 942 690 tempora,
990 642 1127 690 quibus
1160 642 1364 693 Mystici,

252 711 414 761 Quakeri
434 712 502 759 (1)
529 719 565 749 et
589 711 832 750 Mennonitae
851 712 1087 750 exstiterunt⁴
1115 712 1185 750 His
1212 721 1357 760 tempo-

252 780 355 818 ribus
379 780 417 818 in
435 781 599 829 spinosis
627 780 696 831 (2)
723 781 877 819 maxime
904 781 1185 829 quaestionibus
1207 783 1356 821 solven-

255 852 310 889 dis
330 851 499 889 homines
519 852 691 900 occupati
713 860 814 889 erant
829 879 842 898 ,
870 852 990 889 omnis
1016 851 1094 890 fere
1115 853 1231 900 pietas
1246 879 1260 899 ‚
1276 863 1356 890 om·

252 932 300 958 ne
320 921 534 959 moralitatis
560 922 727 960 studium
751 921 950 960 interierat.
973 921 1052 970 Jam
1077 933 1166 973 vero
1190 921 1358 960 Historia

251 991 440 1029 Ec'clesiae
487 991 721 1029 Christianae
766 991 810 1028 ab
857 991 1092 1029 incunabulis
1131 991 1218 1029 inde
1248 992 1358 1030 docet

252 1061 291 1097 in
323 1061 386 1098 tali
411 1071 532 1099 rerum
563 1060 802 1107 conditione,
831 1060 1022 1098 hominum
1047 1060 1236 1098 desideriis
1255 1061 1354 1099 haud

253 1130 450 1178 satisfieri,
514 1139 550 1168 et
588 1130 653 1168 ubi
700 1130 744 1167 ab
783 1140 854 1168 una
893 1138 996 1178 parte
1038 1130 1146 1167 unice
1188 1128 1355 1177 spinosis

253 1199 533 1247 quaestionibus
575 1200 761 1238 solvendis
800 1210 948 1247 operam
988 1199 1102 1245 dant,
1154 1198 1200 1235 ab
1243 1199 1356 1236 altera

252 1277 355 1316 parte
387 1268 554 1306 homines
591 1269 629 1306 in
666 1268 877 1315 pietismum
906 1276 943 1306 et
973 1268 1240 1316 mysticismum
1269 1279 1359 1317 pro-

252 1338 340 1377 labi.
366 1361 418 1371 -
453 1337 562 1375 Haud
588 1337 721 1374 mirum
751 1338 840 1374 adeo
867 1336 1039 1383 cuiquam
1068 1335 1184 1374 videri
1206 1343 1357 1384 potest,

252 1408 286 1445 si
315 1408 370 1446 his
399 1407 629 1457 temporibus
647 1408 773 1455 plures
797 1406 1034 1452 exstiterint,
1064 1406 1128 1453 qui
1155 1406 1358 1454 Antiquio-

1275 1486 1358 1515 rum

251 1591 274 1608 ‚‚
296 1582 352 1599 non
375 1573 539 1600 cessatione
561 1572 611 1599 sed
627 1572 794 1599 abolitione
814 1571 980 1605 bellorum,
1001 1570 1123 1597 clausae
1148 1569 1236 1607 Jani
1260 1572 1355 1606 gemi-

248 1648 274 1664 „
295 1638 349 1656 naa
365 1635 496 1665 portae,
517 1629 702 1664 exstirpatis
729 1628 874 1655 bellorum
898 1626 1079 1660 radicibus,
1107 1635 1163 1652 mm
1186 1628 1352 1662 repressis,

252 1705 275 1721 ‚,
294 1695 396 1716 census
418 1687 473 1713 ille
485 1687 606 1722 primus
629 1691 660 1712 et
680 1686 829 1712 maximus
842 1683 914 1718 fuit
928 1703 938 1718 ,
957 1692 1020 1709 cum
1049 1684 1080 1709 z’n
1100 1682 1151 1708 hoc
1170 1690 1260 1709 unum
1282 1683 1355 1711 Cae-

251 1765 274 1779 „
293 1744 374 1771 saris
394 1751 496 1770 nomen
518 1743 662 1770 um‘versa
685 1749 862 1776 magnarum
882 1733 1020 1775 gentium
1041 1744 1188 1765 creatura
1203 1739 1357 1774 jurarit,

252 1821 275 1836 ,‚
296 1803 446 1837 simulque
475 1807 533 1836 per
567 1800 796 1826 communionem
823 1805 926 1823 census
953 1797 1044 1822 unius
1074 1795 1232 1824 societatis
1267 1793 1357 1830 effec-

254 1876 276 1891 „
299 1863 331 1884 tn
354 1863 412 1884 est.
423 1854 442 1867 ’'
461 1856 536 1882 Item
551 1856 659 1889 Cap.3.
680 1853 765 1881 Hanc
780 1852 928 1885 fabulam,
943 1850 1043 1878 multis
1060 1857 1160 1877 rerum
1175 1850 1245 1879 Chr.
1263 1849 1359 1885 scrip-

252 1913 368 1942 toribus
387 1919 595 1947 propagatam,
613 1911 716 1938 falsam
735 1917 800 1936 esse
818 1907 1035 1936 demonstravit
1050 1908 1158 1943 joan.
1178 1905 1306 1934 Masso
1316 1913 1357 1940 n,

253 1971 333 2007 Jam‘
363 1969 503 2004 templum
531 1967 652 1994 Christo
684 1971 825 1992 nascente
857 1969 1048 1998 reseratum,
1088 1970 1162 1996 seu,
1198 1967 1357 1988 tractatus

252 2024 667 2061 chrortologt'co-historicus,
692 2023 849 2056 vulgarem
877 2021 1022 2055 refellens
1050 2020 1214 2055 opinionem
1243 2018 1357 2046 existi-

253 2084 422 2115 mantium,
453 2087 558 2117 pacem
591 2086 652 2106 toto
679 2085 835 2105 terrarnm
862 2079 931 2104 orbe
957 2078 1011 2104 sub
1038 2081 1152 2110 tempus
1178 2075 1357 2104 Servatam)

255 2140 355 2167 nostri
379 2139 484 2165 natale
509 2137 687 2164 stabilitam
704 2136 827 2173 fuisse,
846 2134 995 2162 Roterod.
1021 2139 1106 2166 1700.

291 2195 342 2231 (ι)
366 2196 468 2223 Broc
481 2203 513 2227 s,
534 2192 700 2228 Engelschc
725 2192 831 2225 Kerk,
854 2191 937 2217 Torn.
960 2189 983 2218 1.
1004 2197 1035 2224 p,
1064 2197 1132 2225 234.

298 2253 351 2290 (α)
373 2253 455 2281 Idem
479 2260 547 2281 over
567 2251 601 2278 a'e
622 2249 818 2284 vereonigtng
833 2247 887 2275 der
906 2247 1281 2283 Protesmnten,pag.19.
1292 2251 1359 2280 sqq.
