1502 2767
391 186 995 228 THEOLOGICA.
1184 201 1253 240 157

143 304 289 346 recepta
325 306 408 345 est,
446 297 678 344 incolentes,
718 297 976 338 catholicismo
1012 297 1145 337 addicti
1182 306 1258 337 ma-

143 366 256 405 nent!
284 366 389 417 Qui,
409 379 430 406 a
450 378 638 405 sacrorum
660 368 922 407 reformatione
945 370 1159 407 emendatus
1175 369 1259 418 qui-

139 439 223 476 dem
238 466 252 486 ,
275 437 520 478 Christianae
546 438 740 487 religionis
778 447 877 477 certe
901 438 1003 477 initia
1028 439 1165 486 docet,
1207 448 1262 477 ta·

141 519 225 547 men
260 519 305 546 ex
337 508 463 546 indole
503 519 571 546 sua
615 519 691 546 non
726 517 853 557 potest
891 519 968 547 non
1006 521 1089 559 erga
1129 521 1258 549 omnes

140 578 248 618 aliter
282 578 486 617 sentientes
523 577 650 617 odium
688 587 724 616 et
760 588 989 618 contemtum
1029 580 1126 618 alere
1160 583 1258 631 (t),

140 660 189 688 ne
210 645 332 688 'dicam
365 647 522 688 Ethices
557 646 791 696 doctrinam,
839 650 997 687 multum
1035 662 1054 687 a
1092 661 1261 699 germana

143 719 292 759 Christi
331 718 500 757 doctrina
537 719 801 768 degenerasse,
832 730 898 758 nec
937 731 1013 758 earn
1046 720 1159 759 animi
1183 723 1263 771 pie-

143 798 255 828 tatem
286 790 381 828 alere
404 800 544 838 posse,
584 800 693 836 quam
727 789 906 828 Christus
933 790 1056 829 voluit
1086 791 1168 841 (a).
1207 814 1262 823 —

143 860 197 898 Et
231 860 335 908 quod
366 859 411 897 ad
446 857 615 907 regiones
653 858 807 905 attinet,
862 858 928 896 ubi
966 859 1264 899 Protestantismi

144 940 291 968 causam
317 937 565 977 susceperunt
597 937 708 975 atque
740 928 829 966 tuiti
867 937 980 977 sunt;
1019 939 1067 967 ne
1109 931 1263 969 oblivis-

143 1009 294 1045 camur,
323 997 485 1046 quaeso!
515 997 712 1043 homines,
739 998 1013 1036 Catholicismo
1050 1000 1259 1048 valedicto,

145 1078 223 1106 non
255 1066 380 1106 statim
411 1065 584 1104 unanima
614 1067 660 1104 de
688 1066 825 1114 quovis
863 1068 1002 1115 placito
1031 1067 1152 1109 fuisse
1180 1082 1264 1109 sen-

143 1134 287 1185 tentia,
317 1147 411 1182 nec,
438 1143 481 1173 ut
515 1135 569 1173 rei
605 1135 698 1174 ratio
737 1147 862 1174 secum
897 1136 1066 1187 ferebat,
1094 1142 1266 1188 potuisse

143 1218 223 1246 non
256 1207 302 1245 de
334 1205 462 1244 multis
499 1204 596 1243 inter
631 1216 673 1244 se
706 1205 876 1255 litigare3
934 1220 1010 1255 quo
1047 1208 1188 1249 factum
1224 1220 1265 1250 ut

145 1288 224 1316 non
256 1276 445 1316 doctiores
476 1275 547 1314 viri
580 1284 745 1323 tantum,
774 1288 902 1315 verum
938 1278 1070 1327 integri
1110 1292 1267 1330 quoque

147 1347 307 1397 populi,
343 1358 449 1385 sacro
476 1347 605 1385 ardore
634 1346 806 1393 incitati,
833 1360 981 1386 suarum
1020 1351 1158 1399 singuli
1184 1364 1270 1391 sen·

149 1418 345 1457 tentiarum
395 1416 644 1466 patrocinium
696 1417 968 1466 suscipientes,
1009 1420 1048 1458 vi
1086 1428 1122 1458 et
1158 1423 1269 1461 armis

149 1499 210 1527 eas
243 1487 428 1527 vindicare
449 1486 522 1525 sibi
547 1486 767 1535 impositum
799 1490 997 1537 putarent!
1028 1511 1078 1522 —
1104 1493 1166 1532 Ex
1191 1506 1268 1542 quo

151 1559 236 1598 lites
273 1559 355 1598 illae
395 1557 538 1607 sopitae
579 1566 695 1606 sunt,
749 1567 844 1606 quot
891 1560 1151 1610 reperiuntur,
1204 1567 1271 1612 qui

153 1640 233 1668 non
264 1628 339 1667 nisi
365 1639 502 1666 nomen
526 1628 690 1676 habent,
719 1639 768 1667 ne
791 1629 868 1668 ulla
900 1632 1049 1679 quidem
1079 1634 1269 1683 religionis

154 1698 389 1739 Christianae
433 1698 648 1748 cognitione
688 1699 851 1747 imbuti,
904 1710 1025 1749 neque
1065 1705 1157 1742 adeo
1190 1717 1268 1746 eam

157 1779 303 1808 morum
336 1769 467 1808 ducem
503 1769 711 1824 habentes!
740 1771 869 1821 Quot,
897 1781 1097 1821 postquam
1134 1777 1272 1825 princi-

157 1839 306 1890 piorum
346 1839 478 1879 levitas
525 1852 546 1879 a
590 1840 711 1880 Gallis
768 1853 1066 1891 quaquaversum
1103 1845 1270 1896 dispersa
1301 1852 1303 1854 '

1185 1928 1269 1969 est,

194 2045 248 2081 (1)
269 2045 334 2074 Cfr.
351 2046 596 2083 Jerusalem,
615 2048 696 2077 over
714 2049 817 2085 eenige
837 2059 996 2080 voomame
1015 2053 1195 2082 waarheden
1212 2065 1270 2084 van

158 2102 214 2129 den
243 2103 442 2137 emmens»,
469 2105 501 2132 le
527 2106 603 2133 Deel
621 2112 690 2141 pag.
713 2114 767 2143 42¹
791 2114 830 2135 en
850 2117 919 2145 423.
957 2109 996 2139 H.
1016 2110 1270 2150 Muntinghe,

159 2157 190 2184 in
209 2159 394 2196 Theologia‚
416 2161 508 2191 Tom.
529 2162 568 2191 11.
591 2170 659 2199 pag.
680 2170 803 2200 55—59.

200 2215 252 2251 (α)
273 2217 337 2245 Cfr.
358 2220 407 2247 W.
429 2218 471 2247 A.
495 2226 524 2248 v.
548 2220 726 2255 Hengel,
749 2220 780 2250 in
799 2220 855 2256 op.
877 2221 952 2256 cit..
972 2223 1061 2252 Tom.
1083 2225 1108 2254 1.
1131 2234 1187 2261 png
1207 2237 1272 2266 204⁴

164 2278 230 2306 sqq.
254 2271 356 2307 ibique
373 2275 473 2304 taudd.
