<?xml version="1.0" encoding="UTF-8"?>
<!DOCTYPE html PUBLIC "-//W3C//DTD XHTML 1.0 Transitional//EN"
    "http://www.w3.org/TR/xhtml1/DTD/xhtml1-transitional.dtd">
<html xmlns="http://www.w3.org/1999/xhtml" xml:lang="en" lang="en">
 <head>
  <title>
</title>
<meta http-equiv="Content-Type" content="text/html;charset=utf-8" />
  <meta name='ocr-system' content='tesseract 3.04.00' />
  <meta name='ocr-capabilities' content='ocr_page ocr_carea ocr_par ocr_line ocrx_word'/>
</head>
<body>
  <div class='ocr_page' id='page_1' title='image "annalesacademiae33rhen_0280.png"; bbox 0 0 1502 2767; ppageno 0'>
   <div class='ocr_carea' id='block_1_1' title="bbox 432 155 1026 200">
    <p class='ocr_par' dir='ltr' id='par_1_1' title="bbox 432 155 1026 200">
     <span class='ocr_line' id='line_1_1' title="bbox 432 155 1026 200; baseline 0.005 -4"><span class='ocrx_word' id='word_1_1' title='bbox 432 155 1026 200; x_wconf 88' lang='lat' dir='ltr'><strong>CONSPE-CTUS.</strong></span> 
     </span>
    </p>
   </div>
   <div class='ocr_carea' id='block_1_2' title="bbox 169 267 1284 668">
    <p class='ocr_par' dir='ltr' id='par_1_2' title="bbox 366 267 1139 318">
     <span class='ocr_line' id='line_1_2' title="bbox 366 267 1139 318; baseline -0.001 -13"><span class='ocrx_word' id='word_1_2' title='bbox 366 282 414 306; x_wconf 78' lang='lat' dir='ltr'><em>ex</em></span> <span class='ocrx_word' id='word_1_3' title='bbox 448 269 643 318; x_wconf 76' lang='lat' dir='ltr'><em>officiorum</em></span> <span class='ocrx_word' id='word_1_4' title='bbox 671 267 818 314; x_wconf 85' lang='lat' dir='ltr'><em>indole,</em></span> <span class='ocrx_word' id='word_1_5' title='bbox 856 279 951 318; x_wconf 83' lang='lat' dir='ltr'><em>quae</em></span> <span class='ocrx_word' id='word_1_6' title='bbox 988 268 1139 316; x_wconf 71' lang='lat' dir='ltr'><em>utrique</em></span> 
     </span>
    </p>

    <p class='ocr_par' dir='ltr' id='par_1_3' title="bbox 371 335 1141 389">
     <span class='ocr_line' id='line_1_3' title="bbox 371 335 1141 389; baseline -0.001 -13"><span class='ocrx_word' id='word_1_7' title='bbox 371 351 464 388; x_wconf 80' lang='lat' dir='ltr'><em>erga</em></span> <span class='ocrx_word' id='word_1_8' title='bbox 492 339 700 376; x_wconf 81' lang='lat' dir='ltr'><em>societatem</em></span> <span class='ocrx_word' id='word_1_9' title='bbox 731 338 874 377; x_wconf 80' lang='lat' dir='ltr'><em>civilem</em></span> <span class='ocrx_word' id='word_1_10' title='bbox 909 335 1141 389; x_wconf 79' lang='lat' dir='ltr'><em>praestanda</em></span> 
     </span>
    </p>

    <p class='ocr_par' dir='ltr' id='par_1_4' title="bbox 169 407 1281 528">
     <span class='ocr_line' id='line_1_4' title="bbox 367 407 1281 455; baseline 0 -10"><span class='ocrx_word' id='word_1_11' title='bbox 367 407 598 447; x_wconf 74' lang='lat' dir='ltr'><em>incumbunt.</em></span> <span class='ocrx_word' id='word_1_12' title='bbox 700 433 711 446; x_wconf 84' lang='lat'><strong>.</strong></span> <span class='ocrx_word' id='word_1_13' title='bbox 811 435 822 446; x_wconf 89' lang='lat'><strong>.</strong></span> <span class='ocrx_word' id='word_1_14' title='bbox 919 433 933 447; x_wconf 85' lang='lat'><strong>.</strong></span> <span class='ocrx_word' id='word_1_15' title='bbox 1027 431 1038 443; x_wconf 89' lang='lat'><strong>.</strong></span> <span class='ocrx_word' id='word_1_16' title='bbox 1139 416 1227 455; x_wconf 85' lang='lat' dir='ltr'><strong>pag.</strong></span> <span class='ocrx_word' id='word_1_17' title='bbox 1236 415 1281 455; x_wconf 77' lang='lat'><em>5¹</em></span> 
     </span>
     <span class='ocr_line' id='line_1_5' title="bbox 169 475 1144 528; baseline -0.005 -9"><span class='ocrx_word' id='word_1_18' title='bbox 169 484 205 528; x_wconf 84' lang='lat'><em>§.</em></span> <span class='ocrx_word' id='word_1_19' title='bbox 233 493 274 528; x_wconf 81' lang='lat'><em>4.</em></span> <span class='ocrx_word' id='word_1_20' title='bbox 302 479 438 517; x_wconf 82' lang='lat' dir='ltr'><em>Allata</em></span> <span class='ocrx_word' id='word_1_21' title='bbox 466 485 690 527; x_wconf 76' lang='lat' dir='ltr'><em>argumenta</em></span> <span class='ocrx_word' id='word_1_22' title='bbox 726 486 912 527; x_wconf 78' lang='lat' dir='ltr'><em>urgentur</em></span> <span class='ocrx_word' id='word_1_23' title='bbox 942 489 979 516; x_wconf 87' lang='lat' dir='ltr'><em>eo</em></span> <span class='ocrx_word' id='word_1_24' title='bbox 995 505 1008 524; x_wconf 89' lang='lat'>,</span> <span class='ocrx_word' id='word_1_25' title='bbox 1044 475 1144 526; x_wconf 76' lang='lat' dir='ltr'><em>quod</em></span> 
     </span>
    </p>

    <p class='ocr_par' dir='ltr' id='par_1_5' title="bbox 364 547 1137 586">
     <span class='ocr_line' id='line_1_6' title="bbox 364 547 1137 586; baseline -0.001 -1"><span class='ocrx_word' id='word_1_26' title='bbox 364 561 411 586; x_wconf 85' lang='lat' dir='ltr'><em>ex</em></span> <span class='ocrx_word' id='word_1_27' title='bbox 426 547 577 585; x_wconf 71' lang='lat' dir='ltr'><em>Eehices</em></span> <span class='ocrx_word' id='word_1_28' title='bbox 597 547 835 585; x_wconf 71' lang='lat' dir='ltr'><em>Christianae</em></span> <span class='ocrx_word' id='word_1_29' title='bbox 858 547 1032 586; x_wconf 86' lang='lat' dir='ltr'><em>doctrina</em></span> <span class='ocrx_word' id='word_1_30' title='bbox 1057 547 1137 586; x_wconf 80' lang='lat' dir='ltr'><em>lici-</em></span> 
     </span>
    </p>

    <p class='ocr_par' dir='ltr' id='par_1_6' title="bbox 366 617 1284 668">
     <span class='ocr_line' id='line_1_7' title="bbox 366 617 1284 668; baseline -0.002 -12"><span class='ocrx_word' id='word_1_31' title='bbox 366 628 446 656; x_wconf 84' lang='lat' dir='ltr'><em>tum</em></span> <span class='ocrx_word' id='word_1_32' title='bbox 469 620 517 656; x_wconf 82' lang='lat' dir='ltr'><em>sit</em></span> <span class='ocrx_word' id='word_1_33' title='bbox 542 619 616 656; x_wconf 74' lang='lat' dir='ltr'><em>vim</em></span> <span class='ocrx_word' id='word_1_34' title='bbox 641 618 681 656; x_wconf 82' lang='grc' dir='ltr'><em>νὶ</em></span> <span class='ocrx_word' id='word_1_35' title='bbox 704 617 893 668; x_wconf 77' lang='lat' dir='ltr'><em>repellere.</em></span> <span class='ocrx_word' id='word_1_36' title='bbox 1034 645 1047 657; x_wconf 90' lang='lat'><strong>.</strong></span> <span class='ocrx_word' id='word_1_37' title='bbox 1147 642 1160 656; x_wconf 84' lang='grc'><strong>.</strong></span> <span class='ocrx_word' id='word_1_38' title='bbox 1233 618 1284 664; x_wconf 82' lang='grc'><em>64</em></span> 
     </span>
    </p>
   </div>
   <div class='ocr_carea' id='block_1_3' title="bbox 358 779 1088 824">
    <p class='ocr_par' dir='ltr' id='par_1_7' title="bbox 358 779 1088 824">
     <span class='ocr_line' id='line_1_8' title="bbox 358 779 1088 824; baseline -0.011 0"><span class='ocrx_word' id='word_1_39' title='bbox 358 783 675 824; x_wconf 86' lang='lat' dir='ltr'><strong>SECTIO</strong></span> <span class='ocrx_word' id='word_1_40' title='bbox 728 779 1088 820; x_wconf 87' lang='lat' dir='ltr'>ALTERA.</span> 
     </span>
    </p>
   </div>
   <div class='ocr_carea' id='block_1_4' title="bbox 165 958 1278 1273">
    <p class='ocr_par' dir='ltr' id='par_1_8' title="bbox 165 958 1278 1273">
     <span class='ocr_line' id='line_1_9' title="bbox 165 958 1137 996; baseline -0.005 -7"><span class='ocrx_word' id='word_1_41' title='bbox 165 961 441 989; x_wconf 77' lang='lat' dir='ltr'><strong>SENTENTIAE</strong></span> <span class='ocrx_word' id='word_1_42' title='bbox 477 961 656 996; x_wconf 79' lang='lat' dir='ltr'>EORUM,</span> <span class='ocrx_word' id='word_1_43' title='bbox 684 960 760 996; x_wconf 84' lang='lat' dir='ltr'><em>QUI</em></span> <span class='ocrx_word' id='word_1_44' title='bbox 797 960 976 995; x_wconf 79' lang='lat' dir='ltr'><strong>BELLUM</strong></span> <span class='ocrx_word' id='word_1_45' title='bbox 1005 958 1137 994; x_wconf 74' lang='lat' dir='ltr'>GERE-</span> 
     </span>
     <span class='ocr_line' id='line_1_10' title="bbox 215 1027 1137 1059; baseline -0.007 0"><span class='ocrx_word' id='word_1_46' title='bbox 215 1032 271 1059; x_wconf 77' lang='lat' dir='ltr'><em>RE</em></span> <span class='ocrx_word' id='word_1_47' title='bbox 309 1031 463 1059; x_wconf 66' lang='lat' dir='ltr'><em>nonum</em></span> <span class='ocrx_word' id='word_1_48' title='bbox 499 1030 758 1058; x_wconf 73' lang='lat' dir='ltr'>cflmsT1ANo</span> <span class='ocrx_word' id='word_1_49' title='bbox 786 1028 904 1055; x_wconf 85' lang='lat' dir='ltr'>HAUD</span> <span class='ocrx_word' id='word_1_50' title='bbox 947 1027 1137 1055; x_wconf 84' lang='lat' dir='ltr'>LICITUM</span> 
     </span>
     <span class='ocr_line' id='line_1_11' title="bbox 214 1097 1135 1137; baseline -0.004 -9"><span class='ocrx_word' id='word_1_51' title='bbox 214 1101 310 1129; x_wconf 78' lang='lat' dir='ltr'>ESSE</span> <span class='ocrx_word' id='word_1_52' title='bbox 335 1102 513 1129; x_wconf 83' lang='lat' dir='ltr'>PUTANT</span> <span class='ocrx_word' id='word_1_53' title='bbox 529 1119 541 1137; x_wconf 81' lang='lat'>,</span> <span class='ocrx_word' id='word_1_54' title='bbox 569 1101 624 1128; x_wconf 89' lang='lat' dir='ltr'><em>AD</em></span> <span class='ocrx_word' id='word_1_55' title='bbox 642 1100 826 1128; x_wconf 76' lang='lat' dir='ltr'><strong>ETfflcEs</strong></span> <span class='ocrx_word' id='word_1_56' title='bbox 844 1097 1135 1127; x_wconf 75' lang='lat' dir='ltr'>CHRISTIANAE</span> 
     </span>
     <span class='ocr_line' id='line_1_12' title="bbox 216 1168 1137 1199; baseline -0.005 0"><span class='ocrx_word' id='word_1_57' title='bbox 216 1172 475 1199; x_wconf 81' lang='lat' dir='ltr'>DOCTRINAM</span> <span class='ocrx_word' id='word_1_58' title='bbox 519 1171 774 1199; x_wconf 71' lang='lat' dir='ltr'>EleUN&#39;rUR</span> <span class='ocrx_word' id='word_1_59' title='bbox 811 1171 869 1197; x_wconf 86' lang='lat' dir='ltr'><em>ET</em></span> <span class='ocrx_word' id='word_1_60' title='bbox 908 1168 1137 1197; x_wconf 81' lang='lat' dir='ltr'><strong>REFUTAN·</strong></span> 
     </span>
     <span class='ocr_line' id='line_1_13' title="bbox 212 1235 1278 1273; baseline -0.007 -6"><span class='ocrx_word' id='word_1_61' title='bbox 212 1242 318 1270; x_wconf 83' lang='lat' dir='ltr'>TUR.</span> <span class='ocrx_word' id='word_1_62' title='bbox 433 1257 443 1267; x_wconf 93' lang='lat'><strong><em>.</em></strong></span> <span class='ocrx_word' id='word_1_63' title='bbox 543 1255 556 1267; x_wconf 89' lang='lat'><strong>.</strong></span> <span class='ocrx_word' id='word_1_64' title='bbox 656 1255 668 1266; x_wconf 89' lang='lat'><strong>.</strong></span> <span class='ocrx_word' id='word_1_65' title='bbox 771 1254 784 1265; x_wconf 86' lang='lat'><strong>.</strong></span> <span class='ocrx_word' id='word_1_66' title='bbox 886 1253 898 1265; x_wconf 93' lang='lat'><strong>.</strong></span> <span class='ocrx_word' id='word_1_67' title='bbox 998 1235 1085 1273; x_wconf 86' lang='lat' dir='ltr'>pag.</span> <span class='ocrx_word' id='word_1_68' title='bbox 1103 1235 1278 1271; x_wconf 84' lang='lat'><em>70—121</em></span> 
     </span>
    </p>
   </div>
   <div class='ocr_carea' id='block_1_5' title="bbox 160 1382 1280 2276">
    <p class='ocr_par' dir='ltr' id='par_1_9' title="bbox 160 1382 1280 2276">
     <span class='ocr_line' id='line_1_14' title="bbox 163 1382 1137 1436; baseline -0.008 -8"><span class='ocrx_word' id='word_1_69' title='bbox 163 1391 200 1436; x_wconf 84' lang='lat'><em>§.</em></span> <span class='ocrx_word' id='word_1_70' title='bbox 235 1403 267 1427; x_wconf 85' lang='lat'><em>1.</em></span> <span class='ocrx_word' id='word_1_71' title='bbox 297 1389 614 1428; x_wconf 76' lang='lat' dir='ltr'><em>Adversariorum</em></span> <span class='ocrx_word' id='word_1_72' title='bbox 658 1399 756 1424; x_wconf 84' lang='lat' dir='ltr'><em>mens</em></span> <span class='ocrx_word' id='word_1_73' title='bbox 799 1394 834 1423; x_wconf 83' lang='lat' dir='ltr'><em>et</em></span> <span class='ocrx_word' id='word_1_74' title='bbox 882 1382 1137 1422; x_wconf 81' lang='lat' dir='ltr'><em>ratiocinandi</em></span> 
     </span>
     <span class='ocr_line' id='line_1_15' title="bbox 361 1460 1277 1508; baseline -0.008 -12"><span class='ocrx_word' id='word_1_75' title='bbox 361 1460 462 1496; x_wconf 78' lang='lat' dir='ltr'><em>ratio</em></span> <span class='ocrx_word' id='word_1_76' title='bbox 485 1466 758 1508; x_wconf 76' lang='lat' dir='ltr'><em>proponuntur.</em></span> <span class='ocrx_word' id='word_1_77' title='bbox 797 1482 809 1493; x_wconf 89' lang='lat'><strong>.</strong></span> <span class='ocrx_word' id='word_1_78' title='bbox 915 1481 928 1493; x_wconf 87' lang='lat'><strong>.</strong></span> <span class='ocrx_word' id='word_1_79' title='bbox 1029 1480 1041 1491; x_wconf 86' lang='lat'><strong>.</strong></span> <span class='ocrx_word' id='word_1_80' title='bbox 1146 1479 1156 1490; x_wconf 92' lang='lat'>.</span> <span class='ocrx_word' id='word_1_81' title='bbox 1232 1463 1277 1500; x_wconf 80' lang='lat'><em>71</em></span> 
     </span>
     <span class='ocr_line' id='line_1_16' title="bbox 162 1523 1134 1578; baseline -0.006 -12"><span class='ocrx_word' id='word_1_82' title='bbox 162 1530 198 1576; x_wconf 81' lang='lat'><em>§.</em></span> <span class='ocrx_word' id='word_1_83' title='bbox 229 1542 262 1568; x_wconf 74' lang='lat'><em>2,</em></span> <span class='ocrx_word' id='word_1_84' title='bbox 290 1528 489 1578; x_wconf 68' lang='lat' dir='ltr'><em>Inquisitio</em></span> <span class='ocrx_word' id='word_1_85' title='bbox 530 1528 734 1573; x_wconf 80' lang='lat' dir='ltr'><em>historica,</em></span> <span class='ocrx_word' id='word_1_86' title='bbox 763 1523 937 1576; x_wconf 68' lang='lat' dir='ltr'><em>quomodo</em></span> <span class='ocrx_word' id='word_1_87' title='bbox 976 1524 1134 1561; x_wconf 82' lang='lat' dir='ltr'><em>homines</em></span> 
     </span>
     <span class='ocr_line' id='line_1_17' title="bbox 356 1593 1135 1648; baseline -0.006 -12"><span class='ocrx_word' id='word_1_88' title='bbox 356 1597 410 1636; x_wconf 79' lang='lat' dir='ltr'><em>acl</em></span> <span class='ocrx_word' id='word_1_89' title='bbox 441 1600 642 1648; x_wconf 75' lang='lat' dir='ltr'><em>opinionem</em></span> <span class='ocrx_word' id='word_1_90' title='bbox 681 1595 725 1633; x_wconf 81' lang='lat' dir='ltr'><em>de</em></span> <span class='ocrx_word' id='word_1_91' title='bbox 764 1595 881 1638; x_wconf 82' lang='lat' dir='ltr'><em>bello,</em></span> <span class='ocrx_word' id='word_1_92' title='bbox 920 1593 1135 1631; x_wconf 77' lang='lat' dir='ltr'><em>Christiano</em></span> 
     </span>
     <span class='ocr_line' id='line_1_18' title="bbox 355 1666 1280 1717; baseline -0.002 -13"><span class='ocrx_word' id='word_1_93' title='bbox 355 1668 493 1706; x_wconf 80' lang='lat' dir='ltr'><em>bomini</em></span> <span class='ocrx_word' id='word_1_94' title='bbox 517 1666 622 1704; x_wconf 73' lang='lat' dir='ltr'><em>haud</em></span> <span class='ocrx_word' id='word_1_95' title='bbox 646 1667 746 1704; x_wconf 80' lang='lat' dir='ltr'><em>llciio</em></span> <span class='ocrx_word' id='word_1_96' title='bbox 763 1694 776 1712; x_wconf 86' lang='lat'>‚</span> <span class='ocrx_word' id='word_1_97' title='bbox 799 1666 1056 1717; x_wconf 76' lang='lat' dir='ltr'><em>pervenerint.</em></span> <span class='ocrx_word' id='word_1_98' title='bbox 1139 1691 1164 1703; x_wconf 74' lang='grc'><em>.,</em></span> <span class='ocrx_word' id='word_1_99' title='bbox 1230 1672 1280 1710; x_wconf 85' lang='grc'><em>75</em></span> 
     </span>
     <span class='ocr_line' id='line_1_19' title="bbox 160 1736 1136 1787; baseline -0.006 -10"><span class='ocrx_word' id='word_1_100' title='bbox 160 1741 195 1786; x_wconf 85' lang='lat'><em>§.</em></span> <span class='ocrx_word' id='word_1_101' title='bbox 229 1751 262 1787; x_wconf 80' lang='lat'><em>3.</em></span> <span class='ocrx_word' id='word_1_102' title='bbox 295 1737 398 1787; x_wconf 75' lang='lat' dir='ltr'><em>Quid</em></span> <span class='ocrx_word' id='word_1_103' title='bbox 419 1737 463 1775; x_wconf 79' lang='lat' dir='ltr'><em>de</em></span> <span class='ocrx_word' id='word_1_104' title='bbox 489 1737 720 1781; x_wconf 76' lang='lat' dir='ltr'><em>hominibus,</em></span> <span class='ocrx_word' id='word_1_105' title='bbox 750 1738 814 1786; x_wconf 74' lang='lat' dir='ltr'><em>qni</em></span> <span class='ocrx_word' id='word_1_106' title='bbox 845 1736 978 1773; x_wconf 63' lang='lat' dir='ltr'><em>bellam</em></span> <span class='ocrx_word' id='word_1_107' title='bbox 1003 1745 1136 1784; x_wconf 79' lang='lat' dir='ltr'><em>gerere</em></span> 
     </span>
     <span class='ocr_line' id='line_1_20' title="bbox 358 1805 1131 1846; baseline -0.006 0"><span class='ocrx_word' id='word_1_108' title='bbox 358 1809 572 1846; x_wconf 75' lang='lat' dir='ltr'><em>Christiano</em></span> <span class='ocrx_word' id='word_1_109' title='bbox 595 1809 732 1845; x_wconf 81' lang='lat' dir='ltr'><em>homini</em></span> <span class='ocrx_word' id='word_1_110' title='bbox 755 1805 861 1844; x_wconf 77' lang='lat' dir='ltr'><em>baud</em></span> <span class='ocrx_word' id='word_1_111' title='bbox 883 1806 1029 1843; x_wconf 78' lang='lat' dir='ltr'><em>licitum</em></span> <span class='ocrx_word' id='word_1_112' title='bbox 1051 1811 1131 1842; x_wconf 78' lang='lat' dir='ltr'><em>cen-</em></span> 
     </span>
     <span class='ocr_line' id='line_1_21' title="bbox 361 1877 1278 1927; baseline -0.005 -11"><span class='ocrx_word' id='word_1_113' title='bbox 361 1888 467 1925; x_wconf 77' lang='lat' dir='ltr'><em>sent,</em></span> <span class='ocrx_word' id='word_1_114' title='bbox 483 1877 736 1927; x_wconf 67' lang='lat' dir='ltr'><em>judicandam</em></span> <span class='ocrx_word' id='word_1_115' title='bbox 762 1879 824 1914; x_wconf 77' lang='lat' dir='ltr'><em>sit.</em></span> <span class='ocrx_word' id='word_1_116' title='bbox 912 1902 923 1913; x_wconf 91' lang='lat'><strong>.</strong></span> <span class='ocrx_word' id='word_1_117' title='bbox 1024 1900 1035 1912; x_wconf 89' lang='grc'><strong>.</strong></span> <span class='ocrx_word' id='word_1_118' title='bbox 1139 1901 1150 1912; x_wconf 95' lang='grc'><strong><em>.</em></strong></span> <span class='ocrx_word' id='word_1_119' title='bbox 1229 1884 1278 1922; x_wconf 83' lang='lat'><em>79</em></span> 
     </span>
     <span class='ocr_line' id='line_1_22' title="bbox 160 1945 1132 1997; baseline -0.004 -11"><span class='ocrx_word' id='word_1_120' title='bbox 160 1950 196 1996; x_wconf 66' lang='lat' dir='ltr'><em>S.</em></span> <span class='ocrx_word' id='word_1_121' title='bbox 227 1962 264 1996; x_wconf 87' lang='lat'><em>4.</em></span> <span class='ocrx_word' id='word_1_122' title='bbox 293 1949 406 1986; x_wconf 79' lang='lat' dir='ltr'><em>Duae</em></span> <span class='ocrx_word' id='word_1_123' title='bbox 431 1948 695 1986; x_wconf 74' lang='lat' dir='ltr'><em>observationes</em></span> <span class='ocrx_word' id='word_1_124' title='bbox 716 1948 967 1997; x_wconf 80' lang='lat' dir='ltr'><em>generaliores</em></span> <span class='ocrx_word' id='word_1_125' title='bbox 990 1945 1034 1983; x_wconf 85' lang='lat' dir='ltr'><em>de</em></span> <span class='ocrx_word' id='word_1_126' title='bbox 1054 1958 1132 1982; x_wconf 80' lang='lat' dir='ltr'><em>sen-</em></span> 
     </span>
     <span class='ocr_line' id='line_1_23' title="bbox 358 2016 1132 2068; baseline -0.001 -14"><span class='ocrx_word' id='word_1_127' title='bbox 358 2020 478 2055; x_wconf 73' lang='lat' dir='ltr'><em>tentia</em></span> <span class='ocrx_word' id='word_1_128' title='bbox 500 2031 623 2055; x_wconf 78' lang='lat' dir='ltr'><em>eornm</em></span> <span class='ocrx_word' id='word_1_129' title='bbox 641 2046 653 2064; x_wconf 79' lang='lat'>‚</span> <span class='ocrx_word' id='word_1_130' title='bbox 682 2021 748 2068; x_wconf 65' lang='lat' dir='ltr'><em>qui</em></span> <span class='ocrx_word' id='word_1_131' title='bbox 768 2031 814 2055; x_wconf 77' lang='lat' dir='ltr'><em>ex</em></span> <span class='ocrx_word' id='word_1_132' title='bbox 835 2017 986 2055; x_wconf 72' lang='lat' dir='ltr'><em>Ethices</em></span> <span class='ocrx_word' id='word_1_133' title='bbox 1007 2016 1132 2054; x_wconf 79' lang='lat' dir='ltr'><em>Chris-</em></span> 
     </span>
     <span class='ocr_line' id='line_1_24' title="bbox 361 2084 1154 2125; baseline -0.003 -1"><span class='ocrx_word' id='word_1_134' title='bbox 361 2089 490 2125; x_wconf 82' lang='lat' dir='ltr'><em>tianae</em></span> <span class='ocrx_word' id='word_1_135' title='bbox 515 2087 689 2125; x_wconf 81' lang='lat' dir='ltr'><em>doctrina</em></span> <span class='ocrx_word' id='word_1_136' title='bbox 712 2084 876 2124; x_wconf 77' lang='lat' dir='ltr'><em>bellandi</em></span> <span class='ocrx_word' id='word_1_137' title='bbox 896 2088 1040 2125; x_wconf 72' lang='lat' dir='ltr'><em>veniam</em></span> <span class='ocrx_word' id='word_1_138' title='bbox 1061 2098 1154 2123; x_wconf 86' lang='lat' dir='ltr'><em>non-</em></span> 
     </span>
     <span class='ocr_line' id='line_1_25' title="bbox 355 2157 1272 2209; baseline -0.003 -15"><span class='ocrx_word' id='word_1_139' title='bbox 355 2157 502 2195; x_wconf 81' lang='lat' dir='ltr'><em>concedi</em></span> <span class='ocrx_word' id='word_1_140' title='bbox 520 2167 667 2209; x_wconf 73' lang='lat' dir='ltr'><em>putent.</em></span> <span class='ocrx_word' id='word_1_141' title='bbox 800 2184 810 2194; x_wconf 86' lang='lat'><strong>.</strong></span> <span class='ocrx_word' id='word_1_142' title='bbox 914 2183 924 2194; x_wconf 91' lang='lat'><strong><em>.</em></strong></span> <span class='ocrx_word' id='word_1_143' title='bbox 1026 2183 1038 2194; x_wconf 90' lang='lat'>.</span> <span class='ocrx_word' id='word_1_144' title='bbox 1140 2183 1149 2192; x_wconf 93' lang='lat'><em>.</em></span> <span class='ocrx_word' id='word_1_145' title='bbox 1229 2157 1272 2192; x_wconf 77' lang='lat'><em>81</em></span> 
     </span>
     <span class='ocr_line' id='line_1_26' title="bbox 183 2227 1131 2276; baseline -0.004 -10"><span class='ocrx_word' id='word_1_146' title='bbox 183 2256 193 2266; x_wconf 58' lang='lat'><em>2</em></span> <span class='ocrx_word' id='word_1_147' title='bbox 225 2239 258 2273; x_wconf 84' lang='grc'><em>5.</em></span> <span class='ocrx_word' id='word_1_148' title='bbox 292 2228 349 2265; x_wconf 83' lang='lat' dir='ltr'><em>De</em></span> <span class='ocrx_word' id='word_1_149' title='bbox 373 2229 458 2266; x_wconf 78' lang='lat' dir='ltr'><em>locis</em></span> <span class='ocrx_word' id='word_1_150' title='bbox 484 2230 637 2266; x_wconf 80' lang='lat' dir='ltr'><em>minoris</em></span> <span class='ocrx_word' id='word_1_151' title='bbox 661 2230 859 2274; x_wconf 75' lang='lat' dir='ltr'><em>momenti,</em></span> <span class='ocrx_word' id='word_1_152' title='bbox 886 2240 981 2276; x_wconf 76' lang='lat' dir='ltr'><em>quae</em></span> <span class='ocrx_word' id='word_1_153' title='bbox 1000 2239 1045 2264; x_wconf 76' lang='lat' dir='ltr'><em>ex</em></span> <span class='ocrx_word' id='word_1_154' title='bbox 1063 2227 1131 2263; x_wconf 83' lang='lat' dir='ltr'><em>Ve-</em></span> 
     </span>
    </p>
   </div>
   <div class='ocr_carea' id='block_1_6' title="bbox 155 2226 178 2274">
    <p class='ocr_par' dir='ltr' id='par_1_10' title="bbox 155 2226 178 2274">
     <span class='ocr_line' id='line_1_27' title="bbox 155 2226 178 2274; textangle 90"><span class='ocrx_word' id='word_1_155' title='bbox 155 2226 178 2274; x_wconf 61' lang='lat' dir='ltr'><em>&lt;m</em></span> 
     </span>
    </p>
   </div>
   <div class='ocr_carea' id='block_1_7' title="bbox 1223 2305 1270 2332">
    <p class='ocr_par' dir='ltr' id='par_1_11' title="bbox 1223 2305 1270 2332">
     <span class='ocr_line' id='line_1_28' title="bbox 1223 2305 1270 2332; baseline -0.021 0"><span class='ocrx_word' id='word_1_156' title='bbox 1223 2305 1270 2332; x_wconf 65' lang='lat' dir='ltr'><em>lc·</em></span> 
     </span>
    </p>
   </div>
   <div class='ocr_carea' id='block_1_8' title="bbox 1460 1055 1502 2767">
    <p class='ocr_par' dir='ltr' id='par_1_12' title="bbox 1460 1055 1502 2767">
     <span class='ocr_line' id='line_1_29' title="bbox 1460 1055 1502 2767; baseline 0 0"><span class='ocrx_word' id='word_1_157' title='bbox 1460 1055 1502 2767; x_wconf 95' lang='lat' dir='ltr'><em> </em></span> 
     </span>
    </p>
   </div>
  </div>
 </body>
</html>
