1507 2876
250 177 337 272 '34
435 208 525 252 ΤΗ.
548 206 600 250 o.
632 215 735 247 vim
762 197 943 244 LIDTH
969 212 1033 241 DE
1055 197 1245 242 Jssunss

287 352 369 393 qua
405 334 548 379 civitas
585 329 740 375 versari
775 326 936 386 possit,
988 325 1296 378 conditionem,
1338 325 1394 368 ad

287 414 410 472 hujus
443 409 602 470 generis
638 408 747 464 leges
780 403 1087 457 defendendas,
1116 402 1284 447 tumab
1311 401 1399 449 uti-v

289 491 429 542 litate,
469 495 557 530 tum
591 483 713 527 etiam
750 481 803 524 ab
833 479 1062 537 aequitate,
1101 480 1188 538 peti
1221 486 1399 538 possunt

293 570 557 623 argumenta,
588 573 763 618 prorsus
788 557 940 601 omisit.
1028 556 1220 612 Denique
1260 556 1401 615 plures

294 641 540 698 scriptores,
572 635 644 692 qui
668 635 750 678 hoe
778 640 1064 692 argumentum
1092 633 1255 692 plenius
1285 639 1404 675 trae-

293 723 460 768 tarunt,
490 714 645 770 quique
676 711 802 770 igitur
838 710 1078 754 consulendi
1111 710 1309 763 fuissent,
1338 710 1405 759 vel

295 808 381 837 non
411 790 548 842 novit,
592 790 657 834 vel
695 789 840 838 saltem
878 801 965 831 non
1004 787 1255 833 consuluit„
1280 787 1407 845 Quo,—

297 870 410 913 circa
455 866 576 912 Ordo
595 898 624 919 ,,
674 864 752 909 etsi
791 864 951 921 aliquas
993 863 1226 923 diligentiae
1263 862 1407 913 laudes

299 945 458 991 auctori
493 943 671 988 tributas
706 942 826 996 velit,
871 949 1009 991 tamen
1048 941 1270 1000 judicavit,
1315 956 1410 987 eum

299 1027 585 1080 argumentum
611 1034 718 1074 non,
747 1019 807 1063 uti
831 1018 1041 1077 oportuit,
1071 1025 1302 1073 tractasse,
1332 1032 1411 1063 nec

298 1098 477 1158 proinde
516 1097 747 1157 praemium
783 1095 1047 1155 propositum
1085 1095 1169 1154 ipsi
1199 1096 1412 1154 assignare

301 1175 446 1234 potuit.

628 1329 769 1376 ORDo
801 1329 1100 1373 MEDIGORUM

307 1489 358 1532 ad
393 1487 704 1545 quaestionem,
734 1483 950 1543 superiore
981 1496 1093 1526 anno
1129 1481 1414 1541 propositam:

312 1567 546 1617 Quaenam
585 1566 859 1606 mutationes
902 1563 1234 1617 Patbologicae
1278 1563 1421 1603 indu-

313 1652 478 1685 curatur
520 1643 711 1684 arteriis
747 1657 839 1695 per
880 1640 1168 1695 ligaturam?
1214 1662 1217 1665 ,
1265 1639 1418 1688 Hinc,

312 1722 525 1776 expositis
575 1721 721 1762 variis
773 1734 872 1759 eam
925 1718 1191 1759 instituendi
1249 1715 1420 1766 modis,

316 1799 427 1854 quid
462 1798 636 1852 singuli
676 1798 882 1847 valeant,
914 1795 1236 1844 concludatur,
1294 1805 1421 1836 unam

320 1871 480 1928 accepit
522 1870 867 1930 responsionem,
923 1867 1116 1913 Ovidii
1161 1867 1301 1912 verbis
1352 1868 1424 1911 in-

319 1949 534 2007 scriptam:
566 1952 749 2000 Parve,
780 1963 858 1989 nec
894 1949 1096 1998 invideo,
1128 1953 1231 1989 caet.
1292 1944 1426 2003 Hujus

321 2015 678 2069 commentationis
725 2031 870 2068 auctor
915 2022 1127 2082 probabili
1167 2023 1313 2066 ordine
1351 2037 1427 2066 ar—

322 2109 558 2160 gumentum
598 2101 814 2161 disposuit.
885 2099 1070 2145 Primum
1105 2099 1159 2142 ab
1189 2099 1319 2157 ipsius
1348 2112 1431 2141 na-

323 2186 464 2231 turae,
492 2179 535 2221 in
571 2179 766 2222 sanandis
798 2177 1044 2222 arteriarum
1066 2174 1428 2234 Haemorrhagiis,

325 2255 491 2299 salutari
528 2269 727 2313 processu
764 2255 1074 2299 fundamentum
1112 2254 1255 2299 sumsit
1296 2253 1431 2298 ratio-
