1538 2689
258 138 308 186 48
477 133 1131 175 COMMENTATIO

743 291 778 340 §.
819 303 884 338 145

590 450 649 489 De
677 449 836 489 methodo
862 450 1047 491 Celsiana.

312 611 436 652 Nobis
459 620 658 659 superest,
680 619 722 648 ut
758 612 960 650 secundum
987 612 1149 650 ordinem
1182 610 1356 660 proposi-

261 690 340 720 tum
376 683 573 729 loquamur
601 681 645 719 de
670 681 774 719 tertia
796 682 973 721 methodo
1009 682 1063 720 sic
1092 681 1185 721 dicta
1217 681 1358 720 Celsia-

260 757 306 784 na
321 774 335 794 ‚
360 747 467 796 cujus
495 745 588 783 ratio
613 755 689 783 non
716 745 870 783 multum
893 744 1015 784 differt
1040 758 1061 784 a
1088 745 1262 784 methodo
1290 744 1359 795 Jo-

261 816 426 855 nesiana.
462 815 611 854 Scilicet
622 814 750 853 arteria
765 823 952 863 separatur
974 827 994 853 a
1019 814 1186 864 partibus
1200 815 1358 853 circum-

260 886 432 925 dantibus
458 892 495 922 et
533 884 890 932 circumducuntur,
929 896 1001 933 ope
1031 896 1116 923 acus
1154 892 1355 931 curvatae,

260 955 335 993 duo
369 954 455 1000 fila,
482 953 576 990 inter
602 964 693 1001 quae
716 952 867 1001 aliquod
888 954 1046 1001 spatium
1072 954 1199 1000 adest,
1225 964 1271 991 ex
1296 962 1354 1000 gr.

259 1025 371 1063 trium
399 1032 607 1071 quartarum
633 1022 788 1070 partium
817 1023 977 1070 pollicis.
1029 1022 1126 1060 Dein
1165 1022 1204 1059 in
1228 1020 1356 1060 mediis

259 1093 364 1132 hisce
393 1092 465 1130 filis
490 1092 618 1130 arteria
644 1092 751 1140 plane
776 1092 1048 1131 transcinditur.
1109 1091 1245 1130 Nodus
1275 1089 1359 1129 filo-

259 1174 340 1201 rum
367 1162 420 1200 sic
438 1162 597 1199 nectitur
616 1189 628 1208 ,
656 1170 697 1198 ut
723 1161 865 1199 tunicae
886 1161 1032 1198 intimae
1045 1167 1357 1208 rumpantur,at·

261 1243 334 1278 que
365 1231 466 1269 filum
497 1231 649 1268 alterum
678 1241 795 1277 prope
815 1230 953 1267 nodum
988 1228 1243 1276 abscinditur,
1271 1229 1359 1268 dum

257 1300 359 1340 alteri
396 1300 540 1337 filorum
570 1299 661 1336 fines
690 1299 728 1335 in
764 1300 899 1346 angulo
929 1296 1086 1336 vulneris
1126 1306 1332 1346 ponuntur.

311 1369 501 1408 Retractio
527 1367 676 1406 arteriae
710 1367 748 1404 in
783 1367 948 1416 vaginam
982 1376 1018 1404 et
1052 1366 1254 1405 contractio
1278 1367 1358 1416 eius

258 1440 344 1479 finiS
378 1437 501 1476 statim
538 1439 659 1475 locum
698 1436 819 1474 habet.
887 1437 930 1474 In
963 1446 1123 1483 utroque
1157 1436 1229 1474 fine
1263 1444 1358 1474 arte-

259 1510 331 1547 riae
364 1508 482 1546 oritur
507 1507 700 1556 coagulum
719 1505 936 1553 sanguinis,
961 1507 1062 1552 quod
1089 1506 1214 1543 eodem
1247 1506 1358 1545 modo
1416 1532 1419 1533 ν

259 1581 382 1617 locum
415 1577 552 1624 habet,
578 1589 619 1614 ac
660 1575 698 1613 in
737 1575 912 1613 methodo
931 1574 1140 1624 Jonesiana.
1196 1575 1362 1615 Tunicae

259 1647 408 1685 intimae
432 1646 539 1684 etiam
566 1645 853 1683 inflammantur.
906 1644 1120 1682 Exsudatur
1143 1653 1243 1684 extra
1265 1653 1361 1684 arte·

258 1717 346 1754 riam
383 1727 511 1764 magna
541 1715 710 1765 lymphae
744 1714 876 1762 copia,
930 1725 1023 1761 quae
1058 1714 1168 1753 finem
1204 1715 1360 1754 circum·

258 1787 333 1824 dat.
400 1786 522 1823 Partes
567 1783 717 1822 arteriae
762 1783 832 1822 sub
871 1784 1025 1831 ligatura
1061 1783 1226 1822 celeriter
1260 1796 1361 1823 emo·

259 1851 436 1902 riuntur3
484 1864 642 1903 namque
687 1863 762 1890 non
790 1852 1038 1899 nutriuntur,
1073 1862 1201 1891 natura
1246 1853 1360 1902 igitur

260 1916 328 1964 hic'
364 1925 518 1963 multum
550 1924 738 1972 pertendat
766 1930 916 1970 oportet
953 1923 1037 1970 quia
1076 1935 1159 1972 pars
1194 1923 1288 1962 inter
1317 1925 1362 1961 li-

260 2004 421 2044 gaturam
455 2002 564 2041 atque
588 1992 696 2030 finem
725 1992 905 2031 descissae
939 1994 1088 2030 arteriae
1120 1993 1243 2041 posita
1270 1995 1358 2032 satis

258 2063 432 2103 notabilis
466 2072 553 2110 est,
595 2071 630 2100 et
657 2063 807 2108 longum
845 2062 1020 2110 temporis
1047 2063 1206 2110 spatium
1239 2064 1362 2111 requi-

260 2136 307 2172 rit
323 2162 335 2180 ,
362 2143 404 2171 ut
428 2132 667 2170 absorbeatur
690 2132 749 2169 vel
771 2134 1036 2180 suppuratione
1062 2132 1235 2171 deleatur.
1277 2132 1364 2172 Cir-

261 2204 396 2243 culatio
429 2205 641 2252 plerumque
684 2201 892 2240 dilatatione
937 2212 1117 2240 ramorum
1160 2201 1360 2241 lateralium

1311 2283 1366 2311 re·
