1502 2767
221 162 294 201 106
454 154 1120 200 COMMENTATIO

219 269 454 312 Christianae
465 280 609 308 morum
619 268 807 307 doctrinae
819 268 1038 317 praestantia
1048 279 1127 307 non
1140 275 1284 308 tantum
1296 268 1336 308 in

179 369 182 371 >
219 353 264 380 eo
276 341 439 380 cernitur
453 369 466 388 ,
483 341 586 389 quod
598 348 792 388 praecepta
803 369 815 386 ‚
829 339 1047 377 auctoritate
1060 339 1336 378 divinaconfir-

218 421 314 451 mata
329 441 342 459 ,
370 413 475 460 plura
498 422 539 449 ac
567 410 724 448 certiora
750 410 867 448 tradat
883 437 897 456 ,
924 411 990 448 sed
1017 411 1174 449 maxime
1195 410 1235 449 in
1259 421 1333 459 eo,

219 483 323 532 quod
348 482 499 520 meliora
531 481 607 518 sint
633 480 723 527 illa,
762 490 923 527 quorum
957 480 1155 528 peculiaris
1188 480 1335 520 indoles

214 555 267 594 sit
287 554 420 592 caritas
443 564 570 590 mutua
587 580 600 600 ,
628 562 797 600 quaeque
813 561 890 588 non
917 550 1192 590 subtilitatibus
1215 553 1336 591 scola·

217 636 300 663 rum
327 623 502 671 implicita
516 622 619 669 sint,
633 622 698 660 sed
719 620 1013 670 simplicissima,
1043 630 1078 660 et
1098 623 1144 661 ad
1167 622 1334 661 omnium

216 695 408 733 hominum
421 694 481 742 cuj
489 704 683 740 uscunque
702 692 845 740 generis
864 700 1014 740 captum
1028 693 1124 732 data.
1148 693 1336 733 Universa

215 765 347 813 religio
374 763 586 803 Christiana
621 764 736 811 spirat
771 763 984 801 caritatem:
1021 765 1043 810 ἢ
1067 765 1189 809 πίστις
1224 763 1336 802 debet

215 847 299 874 esse
323 838 368 877 δῖ
395 835 546 883 ἀγάπης
573 834 803 884 ἐνεργουμένη
819 864 831 879 ,
869 835 1050 884 πλήρωμα
1081 835 1186 883 νόμου
1218 841 1276 871 est
1310 835 1334 881 ἦ

216 908 376 955 ἀγάπη,
402 908 443 946 τὸ
466 907 569 950 τέλος
594 910 659 950 τῆς
684 905 943 953 παραγγελίας
968 911 1027 942 est
1050 907 1184 952 ἁγωτη
1207 906 1248 944 ἐκ
1269 919 1337 945 και-

212 980 320 1026 θικρὲὶς
355 977 500 1026 καρδίαις
533 975 593 1015 xxi
633 976 863 1021 συνειδήσεως
894 976 1036 1022 ἀγαθῆς
1075 975 1137 1019 ,καὶ
1177 976 1333 1019 πίστεως

215 1047 446 1095 ἀνυποκρίτου
461 1072 474 1092 ,
501 1056 543 1082 ea
565 1053 622 1082 est
642 1045 834 1093 σύνδεσμος
859 1049 923 1089 τῆς
949 1045 1168 1090 τελειόητος,
1195 1045 1337 1092 2502?AE-

212 1132 265 1162 πη
284 1117 449 1157 οὐδέποτε
462 1116 627 1156 ἐκπίπτει
643 1115 727 1164 (ι).
754 1113 886 1164 Qualis
903 1123 959 1152 est
984 1114 1098 1162 igitur
1110 1114 1171 1152 hic
1196 1113 1333 1153 amor?

212 1183 333 1226 Curat
353 1187 414 1224 ille
439 1185 603 1224 omnium
637 1193 674 1222 et
709 1194 889 1223 aeternam
926 1194 962 1223 et
991 1194 1199 1223 terrestrem
1234 1186 1335 1223 salu·

213 1265 314 1304 tem,
367 1255 500 1294 mentis
546 1255 734 1303 animique
770 1254 922 1294 dotibus
969 1254 1128 1292 fratrum
1168 1255 1330 1304 gaudet,

215 1338 351 1375 easque
389 1333 530 1374 auget,
582 1325 683 1363 vitiis
724 1326 826 1363 dolet
859 1333 897 1363 et
932 1324 1101 1372 resistit,
1135 1333 1332 1364 veneratur

214 1397 406 1437 hominum
437 1405 475 1435 et
508 1395 621 1434 vitam
648 1405 686 1433 et
719 1395 818 1433 vitae
851 1395 1077 1442 commoda,
1104 1406 1333 1433 conservan-

214 1470 264 1507 do
304 1467 574 1518 augendoque,
601 1465 780 1507 beneficia
817 1465 947 1514 potius
986 1464 1198 1512 distribuit,
1220 1476 1329 1514 quam

213 1539 373 1588 accipit,
401 1526 422 1576 ὲ,
448 1538 552 1576 furto
579 1549 620 1575 ac
646 1536 756 1575 caede
793 1535 968 1573 abhorret
991 1535 1087 1586 (2),
1113 1535 1330 1586 συμπάσχει

215 1612 275 1652 καὶ
311 1615 533 1659 συγχωρεῖ,
586 1606 680 1645 lenis
713 1614 770 1644 est
804 1617 845 1644 ac
881 1614 1122 1653 mansuetus,
1161 1616 1239 1644 non
1277 1607 1333 1644 in·

213 1683 313 1731 juste
340 1681 532 1726 irascitur,
568 1676 767 1716 vindictam
793 1686 871 1713 non
895 1675 1047 1714 molitur
1075 1675 1171 1726 (3),
1201 1676 1331 1724 potius

212 1750 287 1795 fert
319 1749 526 1797 laesione53
567 1747 649 1797 ipse
686 1747 889 1797 εἶρηνοποιός
923 1755 959 1784 et
991 1756 1138 1794 semper
1164 1745 1331 1784 reconci-

1289 1816 1334 1854 li·

253 1917 300 1958 (1)
321 1919 387 1947 Gai.
409 1918 449 1945 V.
469 1917 500 1945 6.
519 1915 611 1944 Rom.
641 1913 722 1943 XIII.
754 1922 802 1944 ιο.
832 1919 845 1941 1
873 1911 953 1942 Tim.
981 1912 1008 1942 1.
1043 1921 1076 1947 s·
1110 1913 1182 1941 col.
1205 1912 1258 1942 111.
1279 1920 1330 1951 14.

217 1985 229 2006 ι
245 1975 321 2006 Cor.
340 1975 422 2005 XIII.
442 1977 483 2003 8².

255 2032 307 2070 (ε)
327 2040 338 2061 1
357 2033 464 2061 Thess.
484 2032 523 2060 V.
543 2038 587 2062 11,
607 2037 658 2066 14.
683 2028 749 2057 Gal.
768 2028 819 2057 VI.
842 2034 854 2055 1
875 2027 967 2056 I-Iebr.
983 2027 1024 2056 X.
1046 2036 1102 2064 24,
1127 2027 1190 2064 Jac.
1209 2027 1248 2056 V.
1268 2035 1328 2064 ¹9·

218 2101 267 2122 20.
279 2104 316 2112 —
335 2089 448 2129 (Exod.
459 2087 519 2116 XX.
529 2095 541 2115 1
553 2087 602 2121 3.)
613 2085 720 2114 Matth.
730 2086 768 2114 V.
779 2092 795 2112 2
806 2093 829 2113 x.
842 2099 881 2106 —
894 2092 906 2113 ι
921 2085 990 2123 Joh.
1010 2084 1068 2113 111.
1079 2085 1208 2113 10—18.
1225 2091 1237 2112 1
1249 2084 1324 2114 Cor.

217 2147 268 2176 VI.
289 2150 399 2176 8—10.
420 2144 531 2178 Ephes.
551 2142 602 2172 lv.
622 2145 671 2171 28.
696 2148 707 2168 1
726 2141 835 2169 Thess.
854 2142 907 2169 IV.
928 2141 957 2169 6.

255 2201 310 2239 (³)
329 2203 440 2232 Matth.
458 2202 509 2231 xi.
527 2209 576 2237 29.
597 2200 691 2228 Rom.
713 2199 794 2228 xm.
819 2206 866 2228 10.
886 2199 985 2234 Ephes
1006 2198 1060 2226 1v.
1079 2206 1128 2232 μ.
1147 2205 1158 2226 ι
1177 2198 1258 2226 Petr.
1268 2197 1323 2226 111.

219 2266 250 2292 8.
271 2276 298 2284 -
317 2260 429 2290 Matth.
451 2261 488 2289 v.
507 2267 557 2289 22.
580 2258 676 2286 Rom·
689 2257 768 2286 xm.
790 2263 836 2291 1³·
855 2256 918 2291 Jac.
940 2258 991 2286 Iu.
1009 2259 1057 2287 16.
1073 2255 1165 2285 Rom.
1182 2255 1255 2285 xu.
1275 2262 1320 2290 19·
