1502 2767
369 193 962 234 THEOLOGICA.
1149 204 1221 240 2⁹5

113 306 160 343 lia
196 312 333 343 temere
368 305 538 354 periculo
570 303 742 353 objecit?
770 311 863 351 quot
903 303 1064 352 frigore,
1096 301 1219 347 fame,

115 375 294 423 omnique
337 385 590 414 aerumnarum
625 385 761 423 genere
794 373 913 423 perire
953 385 1086 421 passus
1132 375 1221 413 est?

111 443 213 483 Intra
247 443 358 483 trium
398 443 578 482 mensium
610 444 771 493 spatium
813 453 916 482 totus
954 444 1030 482 fere
1062 443 1219 482 militum

114 512 467 564 quadringentorum
501 514 657 552 millium
690 515 872 553 exercitus
908 514 1072 553 deletus!
1118 514 1222 564 Quid

110 591 276 623 veterum
314 584 464 624 annales
500 584 621 623 simile
660 585 825 635 produnt
869 585 1013 634 proelio
1050 585 1105 623 illi
1136 585 1223 623 hor-

110 652 227 691 rendo
256 651 449 701 Lipsiensi
475 666 540 703 per
568 662 643 693 tres
675 654 842 703 integros
874 654 953 693 dies
985 655 1121 704 gesto!

160 720 358 771 Denique,
386 725 456 774 (ne
484 725 592 773 plura
626 723 848 774 afferantur)
885 727 922 763 in
957 722 1104 774 Belgica
1131 727 1225 764 sedi·

111 791 214 831 tione
249 793 382 832 turbae
419 793 586 837 virorum
622 803 658 832 et
691 795 887 834 mulierum
917 807 986 843 per-
1023 794 1224 843 regiones,

111 862 336 912 praedonum
370 863 516 912 instar,
541 873 716 914 vagantes
753 864 902 911 ubivis,
930 876 1088 904 excusso
1124 865 1226 904 omni

110 932 284 982 pudore,
324 933 404 972 dira
437 942 474 972 et
509 935 691 974 horrenda
726 937 942 984 patrarunt!
983 935 1128 974 Milites
1162 947 1228 973 cu—

55 1051 59 1055 ,
107 1001 231 1050 iusvis
267 1004 406 1043 ordinis
438 1004 544 1042 nullo
581 1014 811 1043 sacramento
848 1014 886 1043 et
927 1005 1048 1044 officio
1089 1017 1129 1044 se
1159 1005 1228 1043 ob·

109 1072 263 1112 strictos
290 1072 475 1111 habuere!
503 1073 580 1124 regi
605 1073 770 1122 legitimo
798 1085 839 1113 se
864 1076 1096 1123 opposuere!
1126 1085 1227 1115 sum·

113 1151 171 1180 ma
207 1141 360 1192 perfidia
393 1153 500 1192 pacta
530 1144 686 1183 violata!
725 1144 900 1193 Milites,
934 1145 1045 1184 armis
1077 1144 1229 1193 deposi-

110 1209 160 1249 tis
171 1230 190 1259 ‚1
212 1210 348 1251 infirmi
376 1222 413 1252 et
442 1214 625 1262 inermes,
651 1213 801 1253 horride
827 1216 998 1254 trucidati
1017 1216 1108 1265 (¹)!
1139 1215 1229 1263 quid

110 1280 213 1329 quod
242 1281 316 1331 ipsi
357 1282 518 1332 Hispani
556 1285 666 1323 hodie
704 1285 874 1333 captivos
910 1286 1033 1325 statim
1068 1286 1227 1325 crudeli-

113 1359 170 1389 ter
203 1353 408 1392 necarunt!

161 1420 406 1462 istiusmodi
416 1425 559 1464 scilicet
583 1426 773 1474 probant,
823 1436 1007 1475 quatenus
1041 1429 1229 1476 religionis

105 1483 352 1531 'Christianae
396 1493 565 1533 doctrina
604 1495 798 1534 hominum
836 1496 883 1534 de
925 1495 1024 1535 bello
1062 1497 1228 1545 gerundo

111 1561 312 1601 sententias
343 1564 614 1603 emendaverit!

163 1630 267 1670 Haec
302 1640 340 1670 et
374 1633 506 1672 similia
541 1636 656 1683 vulgo
698 1637 843 1684 opponi
885 1637 1039 1675 solent.v
1099 1637 1228 1686 Quum

110 1702 183 1750 jam
217 1713 330 1750 supra
361 1704 484 1751 (Part.
513 1703 563 1744 11.
591 1705 689 1754 Cap.
717 1706 749 1743 I.
777 1707 819 1755 §.
843 1705 912 1754 4.)
951 1716 988 1747 et
1021 1706 1109 1744 alibi
1140 1718 1230 1755 pas-

112 1770 214 1818 sim,
265 1771 629 1824 significaverimus,
679 1776 768 1824 quid
801 1777 847 1815 de
878 1777 936 1815 his
972 1786 1010 1815 et
1045 1777 1230 1816 similibus

113 1839 391 1891 objectionibus
426 1845 664 1884 statuendum
695 1847 894 1895 videatur,
923 1848 1070 1895 singula
1101 1850 1230 1886 multis

112 1908 275 1950 refutare
315 1924 392 1950 non
419 1926 515 1962 opus
552 1915 649 1964 erit3
679 1917 900 1965 sequentia,
927 1930 996 1967 pro
1022 1928 1123 1968 parte
1155 1921 1226 1968 J‘am

113 1979 216 2027 prius
252 1982 290 2019 in
326 1984 484 2023 medium
519 1988 687 2034 prolata,
709 1988 768 2025 hic
802 1988 839 2026 in
877 1988 1090 2028 universum
1118 1990 1229 2027 simul

112 2051 412 2093 animadvertisse
446 2054 649 2095 suffecerit.

126 2112 129 2115 Ὗ
1043 2142 1078 2168 1.
1101 2131 1228 2168 Unus·

154 2213 205 2251 (Ι)
223 2216 285 2245 cfr.
309 2218 354 2245 La
381 2221 555 2248 revolution
579 2221 612 2249 de
640 2223 672 2250 Ia
704 2224 858 2260 Belgt‘que
888 2233 919 2253 et
943 2229 986 2255 les
1008 2227 1177 2255 Aren-emen!
1197 2227 1230 2253 tle

125 2271 291 2299 Bruxdln
307 2283 341 2301 en
361 2276 532 2311 Septembre
552 2282 638 2314 ¹830·
662 2289 728 2315 pag.
754 2286 799 2316 76-
823 2291 888 2318 sqq.

175 2340 261 2376 jux.
659 2338 687 2376 P
