1502 2767
427 181 1023 233 THEOLOGICA.
1226 211 1294 241 ιιι

177 299 272 339 ope,
286 290 494 331 decrevisse
507 320 520 340 ‚
536 305 577 332 ac
592 294 788 346 deinceps,
803 310 868 337 eos
885 300 931 339 de
952 303 1076 342 causis
1091 332 1105 352 ‚
1127 306 1177 345 ob
1201 320 1295 358 quas

126 396 129 399 ,
172 359 269 398 bella
281 362 443 409 gerunda
458 372 546 402 sunt
563 393 575 411 ‚
590 367 790 406 sententias
815 365 985 412 meliores
996 371 1186 422 amplexos
1197 390 1293 421 esse.

188 458 192 463 .
225 430 267 469 Si
292 431 378 479 quis
402 444 538 481 pravos
566 435 676 474 animi
701 437 857 477 affectus
893 452 914 479 a
953 443 1131 492 religione
1160 448 1296 489 Chris-

172 499 270 539 tiana
289 501 431 540 domari
454 503 656 554 intelligit,
681 508 754 557 Jam
789 509 921 550 exinde
945 513 1078 563 efficit,
1106 529 1296 568 quemque

167 571 351 619 populum
366 600 380 620 ,
412 585 489 622 quo
511 578 626 624 magis
653 578 797 618 Christi
822 585 1030 632 praeceptis
1056 576 1293 638 obediat,eo

172 641 302 692 majori
324 642 413 682 odio
440 655 569 684 omnes
593 647 804 689 inimicitias
822 678 835 698 ‚
859 653 996 692 desidia
1023 667 1064 694 ae
1101 657 1197 698 bella
1229 659 1295 700 ha-

167 711 366 761 bitu'rum,
394 716 570 763 paulatim
597 718 642 757 de
677 720 781 759 hisce
811 722 1062 763 discessurum
1096 739 1138 767 ac
1172 730 1291 771 rarius

168 781 264 820 bella
299 794 495 832 gessurum
522 798 625 842 esse,
679 791 733 828 uti
766 793 841 841 J'am
883 806 904 832 a
939 798 1133 836 nonnullis
1159 800 1293 840 ChrIS-

167 849 288 890 tianis·
307 853 446 893 factum
470 856 598 906 videt,
626 860 732 898 verbi
766 865 905 911 causa,
933 865 978 903 ab
1004 866 1140 907 incolis
1167 871 1292 920 reipu-

162 921 281 961 blicae
306 926 629 976 Paraguagensis,
661 925 779 970 inedia
822 933 1003 981 ingressis
1037 937 1101 977 via
1126 939 1289 990 Sparta·

163 1002 226 1030 nos
242 1007 245 1010 ⁴
260 991 358 1031 inter
394 1002 430 1033 et
475 995 746 1048 Pcmyhams,
792 1011 829 1041 et
864 1011 1006 1045 tantum
1050 1008 1104 1046 rei
1141 1010 1290 1052 militari

163 1065 362 1112 propterea
401 1066 667 1118 studentibus,
696 1073 799 1119 quod
838 1078 982 1115 summa
1007 1079 1126 1130 coactfi
1146 1091 1290 1121 ‚neces-

160 1130 270 1179 sitate
300 1144 383 1173 sese
425 1147 459 1174 e.
496 1149 536 1186 g.
578 1138 618 1177 in
655 1141 895 1193 Portugallos
932 1146 1128 1189 defendere
1177 1153 1289 1194 debe·

159 1211 244 1241 rent
257 1203 279 1254 (
285 1205 343 1254 1).
353 1205 493 1246 Verum
510 1210 605 1249 enim
629 1222 719 1251 vero
732 1213 803 1253 alia
822 1225 909 1254 sunt
922 1217 1156 1270 testimonia,
1170 1234 1191 1262 e
1203 1224 1289 1274 qui-

159 1271 232 1311 bus
269 1273 422 1316 uberius
448 1283 550 1327 patet
585 1281 704 1331 bella,
731 1295 888 1325 numero
914 1290 1092 1338 pauciora
1113 1303 1282 1336 *auctore

162 1343 374 1385 Christiana
384 1347 575 1398 religione,
586 1363 694 1400 gessa
707 1367 804 1395 esse.
821 1357 989 1398 Historia
1000 1361 1283 1412 Europaearum

159 1415 515 1465 gentium³certiores
528 1432 598 1461 nos
610 1423 699 1463 facit
713 1439 730 1473 ,·
740 1429 944 1475 postremis
958 1433 1195 1481 temporibus
1205 1436 1284 1475 bel-

158 1485 279 1526 lorum
299 1496 494 1528 numerum
519 1491 745 1534 diminutum
785 1509 882 1538 esse.
915 1500 1054 1550 Neque
1076 1507 1277 1556 populus,

159 1555 202 1594 u't
214 1556 377 1606 primum
398 1560 555 1600 Christo
580 1567 881 1607 nomenzdederit
897 1598 911 1618 ‚
923 1579 998 1611 tam
1015 1585 1097 1613 raro
1108 1587 1204 1624 pace
1218 1590 1279 1627 ga-

156 1626 262 1665 visus
277 1630 334 1667 est·
347 1657 360 1676 ‚
376 1630 432 1669 uti
445 1631 613 1672 Romam·
623 1664 637 1683 ‚
651 1637 719 1684 qui
743 1647 848 1678 tanto
861 1645 1042 1691 temporis
1064 1647 1187 1695 spatio
1203 1677 1218 1697 ‚
1229 1650 1275 1688 ab

156 1695 405 1738 urbecondita
428 1701 474 1739 ad
491 1703 590 1742 Ves
603 1716 628 1753 p
642 1707 772 1747 asian
789 1721 859 1748 um
884 1723 1005 1761 usque
1020 1714 1138 1761 Jani
1154 1745 1168 1766 ,
1185 1727 1276 1759 tem—

153 1765 256 1814 plum
272 1767 336 1806 vix
354 1770 491 1809 sexties
505 1800 518 1820 ,
532 1772 648 1823 idque
675 1775 893 1819 brevissime
905 1811 918 1830 ‚
945 1784 1161 1826 clauserunt
1181 1790 1267 1839 (2).

151 1835 514 1881 Profectojfeliciora
536 1843 677 1885 Italiae
687 1846 867 1900 fuerunt,
895 1854 979 1904 rege
1004 1855 1274 1900 Theodori-

152 1917 212 1945 σο
229 1935 242 1955 ,
257 1916 438 1959 tempora.
469 1913 584 1953 Gothi
602 1917 746 1957 Christi
771 1931 908 1962 nomen
933 1925 1130 1978 dederant,
1145 1939 1182 1971 et
1207 1934 1273 1970 tri·

151 1976 255 2025 ginta
279 1988 356 2018 tres
389 1992 506 2022 annos
531 1986 660 2025 nullus
690 2000 876 2036 armorum
900 1994 1054 2045 clangor
1089 1998 1143 2037 ibi
1168 2002 1272 2040 audi-

1207 2081 1269 2111 tUS

150 2201 242 2239 ,(1)
262 2203 789 2257 Cf.3Chateaubria11d31.1.
810 2210 852 2241 11.
873 2220 1037 2259 ¹91¹!.19²·
1102 2203 1107 2207 ³

191 2259 246 2294 (η)
270 2262 322 2290 Cf.
344 2264 504 2299 stunt,
526 2265 585 2293 1.1.
609 2265 759 2315 xv11.·p.
781 2270 849 2302 285.
