1502 2767
332 655 1051 710 PRAEFATIO.

132 1183 154 1199 .·
179 1138 502 1213 (Quaestionem,
542 1171 564 1198 a
594 1159 837 1199 *nobilissima
869 1159 1060 1200 Facultate
1101 1158 1251 1198 Medica

133 1228 173 1267 in
208 1228 406 1267 Academia
439 1228 827 1280 Rheno-TraJ‘eetina
862 1228 1119 1279 propositam,
1154 1240 1251 1277 quae

134 1306 193 1337 est
224 1297 269 1337 dc
300 1285 537 1342 arteriarum
562 1300 771 1350 ligatura,
790 1309 907 1349 quum
934 1300 1134 1348 legis-sem,
1168 1310 1251 1347 par-

137 1368 205 1406 tim
233 1368 354 1417 ipsius
389 1369 597 1418 argumenti
636 1370 796 1419 dignitas
839 1379 952 1419 atque
997 1374 1251 1416 momentum,

136 1438 270 1488 partim
319 1440 638 1488 emolumentum,
693 1441 799 1489 quod
849 1440 982 1479 exinde
1023 1438 1253 1478 institutioni

138 1519 240 1547 meae
264 1509 424 1548 medicae
450 1511 738 1549 redundaturum
762 1521 844 1548 esse
870 1509 1141 1557 existimabam,
1172 1520 1255 1557 pat·-

135 1578 203 1616 tim
237 1591 326 1618 vero
360 1580 495 1628 etiam,
534 1580 626 1629 quid
657 1580 755 1619 enim
797 1580 957 1629 negem?
984 1578 1142 1618 honoris
1172 1587 1256 1617 stu-

136 1648 238 1686 dium
268 1660 328 1707 me
357 1650 528 1699 impulit,
580 1659 624 1689 ut
658 1651 696 1688 in
729 1651 797 1689 hac
823 1650 974 1688 materia
1012 1649 1252 1688 elaborarem.

135 1717 277 1757 Verum
305 1718 400 1757 enim
423 1731 513 1758 vero
530 1748 542 1768 ,
568 1729 767 1769 perspecta
791 1731 954 1758 mearum
993 1721 1174 1759 tenuitate
1198 1718 1256 1757 vi-

139 1787 260 1834 rium,
300 1787 460 1836 primum
496 1801 518 1828 a
551 1790 664 1829 tantis
702 1790 846 1839 coeptis
877 1789 1035 1828 alienum
1072 1801 1130 1827 me
1170 1800 1256 1838 per-

139 1856 370 1906 sentiebam,
405 1857 451 1896 ad
483 1870 577 1908 quae
609 1871 669 1897 me
702 1871 774 1898 una
805 1861 895 1898 haec
933 1858 1115 1898 sententia
1145 1870 1255 1896 revo-
1297 1855 1300 1857 ’

139 1926 257 1975 cavit,
299 1936 341 1966 ut
364 1929 487 1967 desint
519 1929 648 1978 vires,
673 1939 795 1968 tamen
827 1940 909 1968 esse
936 1929 1152 1968 laudandam
1186 1940 1257 1968 vo·

138 1997 332 2036 luntatem.
399 1998 461 2036 Sic
493 2010 581 2048 ergo
612 2010 710 2048 opus
744 2007 780 2037 et
821 2010 1018 2049 aggressus
1054 2009 1164 2046 sum,
1219 2005 1257 2036 et

141 2066 186 2104 ad
216 2066 326 2106 finem
371 2068 557 2117 perduxi,
608 2070 736 2117 quod,
777 2069 1036 2118 qualecunque
1081 2068 1255 2116 demum,

145 2145 243 2174 nunc
271 2146 397 2176 vestro
419 2139 560 2189 judicio
595 2139 805 2188 submitto,
832 2139 918 2178 Viri
943 2140 1020 2179 Cll.
1037 2165 1049 2178 .
1079 2137 1254 2177 Teneatis

145 2213 267 2244 autem
304 2219 441 2257 spero,
481 2222 539 2248 me
579 2220 656 2248 non
691 2209 795 2258 quod
826 2208 929 2249 volui
964 2208 1144 2256 dedisse,
1192 2207 1258 2245 sed

141 2264 250 2322 'quod
288 2278 410 2325 potui.

663 2349 699 2386 A
728 2362 749 2386 2
1156 2345 1261 2396 Quo-
