1523 2745
346 147 1109 195 OBSERVATIONES.
1199 170 1274 207 209

163 250 208 292 fit
236 255 374 294 mentio
409 258 531 296 sacelli
564 261 675 306 Νίκης
698 264 850 312 σξη-τέμοι)
875 262 1101 303 ad‘dextram
1131 266 1272 316 Propy-

159 319 320 358 laeorum
332 348 344 366 ‚
358 323 403 359 ad
417 334 574 369 quorum
590 325 725 362 laevam
752 336 826 364 erat
848 329 937 365 cella
955 330 1129 375 quaedam
1149 331 1268 378 pictu-

155 387 205 425 ris
229 399 379 428 ornata:
398 391 597 439 dequibus
621 394 792 433 aedificiis
818 397 863 435 lis
890 407 946 435 est
970 401 1064 436 inter
1087 401 1265 439 recentio-

155 469 213 496 res
235 460 555 508 peregrinator-es,
592 463 672 501 aliis
708 465 870 503 aedificia
907 467 976 505 ista
1002 477 1122 516 partes
1153 482 1262 518 quas-

151 529 232 566 dam
258 540 299 566 ac
330 531 441 568 latera
465 532 748 580 Propylaeorum
775 536 1025 585 vocantibus3
1054 539 1135 578 aliis
1169 551 1257 578 vero

150 599 460 637 contendentibus
477 628 489 647 ‚
531 613 569 639 ea
591 603 662 650 jam
685 604 723 641 in
744 616 825 643 arce
850 607 972 644 statim
1001 617 1089 655 post
1115 610 1258 659 Propy-

147 668 223 706 laea
260 668 378 707 fuisse
403 670 472 707 sita
494 670 574 720 (1).
608 658 711 711 ¹Utut
741 683 825 720 est,
868 676 1038 714 videntur
1071 678 1158 716 haec
1198 691 1258 718 ae-

151 736 293 785 dificia,
329 740 471 778 etiamsi
503 741 716 789 Propylaeis
761 744 853 791 ipsis
889 748 1113 785 accensenda
1153 749 1253 797 sint,

145 818 223 846 non
258 809 348 847 tanti
382 812 559 848 momenti
598 811 746 861 fuisse,
789 816 916 861 quanti
959 825 1113 864 portae,
1160 830 1254 865 quae

147 878 313 926 quinque
345 890 499 918 numero
528 909 541 928 ‚
590 883 634 920 ad
668 894 785 920 arcem
829 885 967 923 aditum
1013 886 1250 934 praebebant.

144 948 287 987 Harum
340 950 507 989 meminit
568 951 794 991 Heliodorus
841 955 941 1002 apud
986 957 1251 1005 Harpocratio-

141 1029 253 1066 nem‚
292 1019 357 1067 qui
385 1020 491 1058 etiam
531 1023 671 1070 argenti
697 1035 876 1061 summam
922 1027 1118 1065 memoriae
1150 1039 1250 1066 man⁰

137 1088 238 1126 davit
260 1116 273 1135 ‚
319 1100 391 1135 qua
444 1090 531 1127 haec
579 1102 690 1138 opera
740 1094 1002 1132 constiterunt.
1078 1096 1247 1144 Impensa

135 1164 224 1194 sunt
251 1169 349 1195 2012
382 1156 536 1196 Talenta
564 1160 646 1207 (εὶς
677 1169 718 1198 ut
745 1163 876 1215 mirum
910 1173 986 1200 non
1012 1164 1088 1212 sit,
1114 1166 1248 1204 Pericli

73 1274 75 1276 q
132 1227 397 1275 exprobratum
433 1227 575 1275 fuisse,
615 1230 717 1276 quod
757 1232 896 1279 patriae
917 1235 1057 1271 reditus
1089 1235 1247 1282 profun-

131 1297 253 1335 deret:
284 1298 328 1335 de
363 1309 435 1344 qua
472 1299 706 1337 accusatione
741 1300 808 1338 alia
837 1304 1120 1351 opportunitate
1145 1305 1243 1343 dice-

130 1380 228 1407 mus.
251 1387 305 1394 —
320 1369 416 1405 Dum
437 1367 593 1406 Pericles
618 1369 654 1406 in
679 1370 894 1419 Propylaeis
924 1373 1158 1412 aedificandis
1178 1366 1242 1413 oc—

128 1450 284 1488 cupatus
309 1447 413 1485 erat,
451 1439 590 1486 aliquid
623 1440 778 1487 accidit,
816 1454 890 1489 quo
924 1444 1001 1492 ejus
1041 1445 1148 1483 amici
1182 1458 1242 1484 os-

125 1509 227 1548 tendi
248 1517 499 1557 putaverunt,
532 1511 719 1547 tutelarem
757 1512 987 1551 Athenarum
1022 1515 1135 1552 Deam
1162 1527 1238 1554 non

128 1587 270 1618 tantum
300 1578 530 1627 approbare,
560 1590 651 1626 quae
689 1582 726 1618 in
755 1593 863 1621 suum
909 1584 1085 1622 honorem
1124 1587 1241 1635 erige-

1156 1665 1239 1693 ren-

163 1752 213 1791 (1)
234 1753 361 1788 sponius
379 1762 409 1782 et
425 1757 557 1783 stuartus
569 1776 578 1788 ‚
591 1763 667 1789 quos
687 1754 792 1783 citavit
809 1753 963 1783 Sibelisius
982 1756 1016 1783 ad
1037 1756 1161 1785 Pausan.
1173 1760 1196 1786 l.
1215 1759 1236 1788 1.

122 1808 174 1837 ubi
194 1809 283 1837 etiam
301 1811 583 1839 Winckelmannum
603 1818 632 1839 et
650 1810 853 1845 Boettigerum
873 1810 1007 1838 conferri
1024 1810 1121 1844 jubet.

163 1865 214 1905 (α)
233 1867 455 1901 Harpocration
474 1867 503 1895 in
521 1875 620 1902 voce,
638 1875 727 1902 atque
754 1875 793 1896 ex
819 1875 856 1895 co
877 1868 1000 1897 Photius
1020 1876 1050 1896 et
1060 1868 1173 1898 suidas.
1195 1882 1233 1891 —

122 1925 358 1955 Diod.Sic.x11.
374 1933 424 1961 40.
446 1924 599 1958 refert‚in
621 1925 786 1959 propylaea
804 1932 834 1952 et
857 1925 1021 1964 Potidaeae
1040 1926 1233 1956 obsidionem

119 1982 254 2018 impensa
285 1982 379 2019 fuisse
396 1989 473 2016 4000
499 1983 609 2010 talenta
632 1994 674 2004 —
696 1981 795 2010 Thuc.
823 1983 861 2011 H.
889 1992 932 2017 13.
950 1993 985 2002 —
1011 1983 1078 2011 Cic.
1101 1985 1138 2011 de
1169 1985 1229 2014 Off.

116 2039 155 2069 ΙΙ.
177 2047 224 2074 17.
243 2037 400 2066 —Afferri
418 2037 505 2065 etiam
531 2038 645 2072 poterit
674 2039 752 2067 Plut.
784 2040 822 2066 de
847 2041 930 2067 Glor.
958 2041 1017 2067 Ath
1050 2049 1116 2075 cap.
1143 2051 1172 2076 7.
1195 2050 1228 2077 p.

118 2105 173 2132 349
194 2095 237 2123 D.
264 2107 302 2116 —-
335 2094 483 2122 himerius
514 2103 542 2130 p.
570 2102 638 2126 292.
663 2095 786 2124 Wernd.
826 2111 870 2118 ᾗ
909 2098 1035 2125 Veteres
1065 2094 1227 2133 scriptores

115 2152 436 2187 collegit,eorumque
447 2152 609 2181 sententias
620 2151 797 2185 dijudicavit
807 2152 958 2182 Meursius
970 2155 1050 2190 opp.
1063 2155 1086 2182 1.
1105 2163 1138 2190 p.
1158 2165 1226 2195 409.

111 2210 154 2239 11.
175 2217 207 2244 p.
232 2214 317 2245 1294.

164 2278 293 2313 CLAR.
664 2265 699 2302 O
