1523 2745
407 148 1004 189 LITERARIAp'
1169 161 1214 199 ⁵2⁵

110 263 266 311 Romen,
294 264 419 294 aucto
445 256 580 295 civium
614 263 795 304 numem,
822 256 937 295 rarius
974 256 1109 295 factum
1147 268 1215 295 noa

109 327 258 373 vimus,
295 338 360 364 nec
405 327 476 364 nisi
519 311 678 365 turbidis
705 328 968 375 {temporibus‚
1015 339 1128 375 quum
1164 327 1217 365 ci-

112 396 212 442 vium
237 407 411 434 numerus
432 397 535 434 valde
567 397 786 434 imminutus*
808 407 929 443 esset,
959 405 1022 435 aut
1047 398 1134 435 alias
1163 397 1211 435 ob

109 476 236 504 causas
272 466 476 514 augendus.
529 466 646 503 Solon
684 466 867 504 civitatem
913 467 1098 504 concessit
1140 466 1215 513 iis,

110 537 176 584 qui
205 545 385 584 perpetuo
416 535 545 573 exsilio
579 532 696 583 patria
718 536 822 585 eJ'ecti
847 544 974 582 erant,
1028 537 1086 573 vel
1128 547 1211 573 cum

112 605 283 644 universa
320 606 430 643 domo
465 602 629 644 Athenas
669 605 915 653 migrabantur
951 605 1040 655 (1):
1081 604 1215 643 fortas-

109 681 149 707 se
183 669 287 706 etiam
328 671 429 714 νόθοις
469 668 565 718 (2),
593 669 619 707 i.
647 681 680 706 e.
711 678 823 706 matre
860 669 1053 718 peregrina
1097 669 1208 708 natis.

112 739 326 777 Clisthenes
350 766 362 785 ‚
424 751 501 786 quo
549 751 651 776 suam
693 738 889 777 factionem
930 739 1217 785 corroboraret,

107 809 284 846 tribubus
322 809 516 856 adscripsit
553 808 691 846 multos
721 808 939 857 peregrinos
987 818 1024 846 et
1065 808 1217 856 inquili-

108 887 182 916 nos
210 878 295 928 (3).
352 878 590 916 Florentibus
619 886 751 926 postea
781 879 891 916 rebus
933 890 952 915 e
978 889 1132 916 numero
1166 878 1216 915 ci-

110 947 210 985 vium
243 948 434 995 eximunt,
461 957 502 984 ut
528 955 657 985 auctor
690 957 746 985 est
778 948 999 986 Aristoteles
1027 949 1122 997 (4),
1150 959 1216 985 eos

107 1015 266 1064 primum
287 1045 300 1063 ‚
329 1017 393 1063 qui
421 1028 442 1054 e
468 1028 576 1054 servo
611 1017 815 1064 ancillave,
845 1027 921 1055 tum
953 1017 1019 1064 qui
1048 1030 1068 1055 e
1103 1025 1217 1055 matre

106 1093 245 1123 tantum
282 1086 364 1123 cive
396 1086 471 1122 nati
509 1094 619 1132 sunt,
661 1087 881 1135 tandemque
922 1099 986 1125 eos
1014 1088 1219 1126 solummo-

104 1154 154 1192 do
189 1154 288 1192 cives
318 1155 477 1202 habent,
518 1167 678 1202 quorum
711 1164 869 1204 uterque
894 1167 1025 1204 parens
1056 1157 1215 1197 civitatis

101 1225 184 1273 jure
216 1224 410 1273 gaudebat.
465 1225 550 1262 Hoc
587 1224 724 1263 factum
761 1237 780 1263 a
809 1227 975 1272 Pericle,
1002 1237 1109 1274 quern
1139 1238 1219 1275 gra·

103 1294 275 1332 vissimae
293 1294 453 1331 rationes
482 1284 534 1330 eo
551 1294 744 1342 impulisse
768 1297 1037 1354 contendimus.
1089 1296 1214 1345 Quum

105 1363 200 1401 enim
244 1364 304 1400 ille
337 1365 453 1401 varias
492 1365 675 1401 mercedes
703 1365 798 1402 inter
822 1366 921 1403 cives
944 1365 1215 1404 distribuendas

58 1448 62 1452 ⁴
103 1433 374 1478 constituerat,
405 1444 423 1469 e
445 1445 481 1470 re
507 1432 666 1480 civitatis
693 1443 795 1481 erat,
822 1446 899 1472 non
924 1435 1126 1482 unicuique
1143 1446 1216 1481 2ur-

102 1503 163 1551 bis
199 1503 338 1540 incolae
371 1514 428 1539 eas
466 1503 611 1550 largiri,
662 1503 700 1540 in
733 1506 832 1542 tanta
877 1505 1088 1552 praesertim
1113 1517 1215 1553 pere·

105 1557 481 1625 grinorumfithenis
512 1572 753 1610 habitantium
782 1574 908 1622 copia.
962 1575 1077 1613 Porro
1099 1575 1212 1623 illos,

104 1643 170 1690 qui
197 1642 439 1696 inquisitione
470 1642 620 1688 habita,
637 1654 745 1680 causa
770 1642 946 1681 cadebant
962 1672 974 1690 ‚
1003 1643 1214 1682 verosimile

101 1721 159 1750 est
179 1711 346 1750 auxissse
367 1723 558 1749 numerum
570 1712 836 1760 inquilinorum
852 1741 864 1761 ‚
878 1714 941 1761 qui
958 1714 1115 1762 opificiis
1131 1715 1212 1753 suis

101 1781 260 1830 civitatis
285 1792 377 1829 opes
409 1781 624 1830 augebant,
652 1792 720 1820 nec
745 1782 857 1831 Reip.
884 1783 1074 1828 securitati
1105 1783 1212 1822 facile

111 1836 116 1909 ἶ
1142 1854 1210 1892 οἱ),

140 1933 190 1972 (ι)
210 1934 288 1962 Piut.
304 1933 370 1978 Sol..
385 1945 431 1972 24.

96 2028 99 2031 Δ
110 1984 192 2026 (2)
211 1993 332 2021 Pollux.
356 1992 407 2020 111.
428 1999 475 2028 21.
495 1989 575 2025 Plut.
596 1990 743 2022 Themist.
766 2000 792 2022 1.

138 2045 192 2085 (3)
212 2047 307 2076 Arist.
328 2049 416 2077 Polit
432 2047 535 2079 111.1.
558 2050 608 2078 ubi
629 2051 755 2086 dubito,
786 2060 821 2080 an
841 2059 924 2080 recte
941 2051 1131 2087 Gottlingius
1152 2061 1209 2082 vo-

99 2107 236 2138 c'abulum
256 2105 397 2147 δούλους
417 2111 534 2140 uncinis
550 2111 717 2142 incluserit.
730 2127 765 2134 --
795 2113 921 2148 saepius
942 2114 1037 2142 servis
1056 2108 1213 2148 civitatem*

102 2168 199 2195 datam
215 2168 307 2196 fuisse
328 2175 475 2205 testatur,
505 2170 621 2199 Antioc.
643 2171 679 2199 de
696 2169 814 2206 reditu,
833 2178 863 2206 p.
884 2171 933 2201 86
955 2178 1006 2198 ex
997 2179 1033 2198 ..r

138 2223 192 2261 (4)
214 2224 293 2254 ibid.
315 2225 367 2254 111.
387 2234 416 2259 5.
628 2212 631 2216 ’
787 2213 791 2216 ’
