1523 2745
415 183 924 223 LITERARIA.
1178 193 1231 231 45

173 292 359 332 Abstineo
388 292 433 330 ab
472 292 573 330 omni
614 291 850 339 laudatione,
898 303 1014 340 quum
1051 300 1129 331 tota
1161 292 1232 332 viri

124 363 200 402 vita
232 371 268 400 et
303 362 619 401 Characterismus
648 374 735 400 mox
769 362 1039 400 adumbrandus
1066 362 1232 410 splendi-

122 433 158 471 di
175 431 365 480 praeconii
390 433 505 469 instar
529 432 594 469 sit.
647 431 789 468 Merito
817 439 937 468 tamen
958 431 1053 469 inter
1077 444 1232 481 magnos

122 503 253 548 viros,
281 513 378 549 quos
406 501 561 539 Graecia
583 501 720 538 multos
758 501 867 547 tulit,
899 501 998 540 hunc
1023 501 1100 540 fere
1122 503 1236 541 maxi-

124 583 224 610 mum
252 570 407 620 judicari
440 570 536 617 (1),
565 570 740 621 affirmare
768 571 963 610 sustineo:
997 571 1090 618 qui,
1117 583 1235 620 quum

123 652 270 689 semper
308 640 444 689 patriae
495 641 690 678 commoda
737 640 975 688 potissimum
1016 649 1232 691 spectaret,

125 719 247 750 morte
283 712 351 749 sust
387 710 555 748 Athenas
584 710 693 748 orbas
719 721 795 748 non
831 711 947 749 dicam
975 711 1147 759 prudenti
1177 720 1237 750 tu-

124 782 228 829 tori,
255 782 320 820 sed
344 780 442 819 fideli
479 780 597 819 amico
624 780 662 819 et
692 780 835 829 optimo
867 781 1027 831 adjutori
1063 781 1233 829 reliquit:

125 851 191 900 qui
216 852 353 900 dignus
378 851 539 899 denique
564 859 666 899 erat,
694 861 802 898 quem
830 861 907 888 non
934 851 1082 889 Comici
1108 851 1147 889 in
1174 851 1238 889 de·

124 921 242 960 risum
278 922 343 959 sed
366 921 468 959 cives
504 920 542 959 in
575 921 785 966 honorem,
818 932 895 959 non
923 933 968 959 ex
1006 923 1079 960 una
1112 921 1237 970 aliqua

125 991 276 1030 virtutis
328 991 484 1039 specie,
547 991 613 1029 sed
665 1003 710 1029 ex
757 991 996 1040 plurimarum
1050 1001 1237 1032 concentu

128 1060 299 1110 Olympii
323 1060 547 1110 cognomine
587 1069 760 1100 ornarent
790 1060 876 1108 (2).

618 1209 657 1257 §-
698 1218 758 1256 15.

176 1330 313 1369 Adhuc
357 1330 435 1369 vita
469 1330 541 1368 viri
574 1331 725 1378 publica
770 1343 916 1371 omnem
961 1341 1123 1372 nostram
1173 1346 1239 1372 cu·

125 1412 202 1439 ram
235 1400 309 1438 sibi
351 1399 573 1439 vindicavit:
625 1401 698 1450 jam
722 1413 811 1440 vero
848 1403 1067 1450 videamus,
1117 1404 1236 1452 qualis

127 1468 313 1514 fueritin
347 1469 424 1508 vita
458 1470 686 1517 domestica,
727 1473 803 1518 qua
840 1472 1106 1521 disquisitione
1141 1474 1239 1512 viam

127 1539 246 1577 simul
270 1547 479 1578 sternemus
505 1539 551 1578 ad
571 1541 719 1578 alteram
743 1551 894 1580 nostrae
919 1543 1134 1592 scriptionls
1159 1531 1242 1595 pat-

139 1617 229 1646 tem.

175 1678 277 1717 Idem
296 1679 405 1726 plane
426 1678 536 1718 nobis
558 1689 710 1729 apparet
741 1681 859 1721 fuisse
879 1683 974 1722 inter
1002 1696 1093 1723 suos
1111 1714 1124 1733 ‚
1151 1697 1241 1734 qua-

125 1749 198 1787 lem
226 1760 309 1786 eum
334 1748 373 1786 in
397 1749 473 1788 vita
493 1750 641 1798 publica
665 1753 928 1801 cognovimus.
970 1755 1144 1804 Namque
1166 1766 1239 1796 sta-

126 1817 194 1857 tim
227 1827 428 1868 postquam
464 1820 510 1858 ad
552 1821 691 1869 Remp.
726 1832 928 1862 accesserat
965 1825 1060 1875 (3),
1098 1829 1241 1876 respuit

1149 1909 1240 1936 cone

168 1969 222 2007 (ι)
241 1971 319 2001 Vide
334 1973 492 2007 wyttenb.
517 1972 548 2002 in
567 1980 642 2004 orat.
668 1975 707 2005 de
723 1975 816 2010 Conj.
836 1976 914 2012 phil.
934 1986 1001 2007 cum
1016 1978 1062 2008 lit.
1080 1980 1192 2015 opusc.
1214 1981 1239 2011 Ι.

130 2034 180 2064 974

169 2084 223 2121 (2)
238 2087 317 2116 Plut.
336 2088 360 2116 1.
377 2095 407 2117 c.
426 2091 442 2118 8
465 2093 496 2116 et
513 2097 562 2126 39.
584 2089 710 2119 Aristid.
732 2092 827 2120 Oratt.
844 2092 897 2139 Ψ.
920 2101 987 2129 249·

169 2150 223 2186 (3)
243 2149 361 2179 Dicitur
391 2158 465 2181 tnnc
497 2148 571 2189 τοῖς
605 2151 678 2192 περὶ
714 2152 776 2188 τῆν
811 2150 948 2186 δίαιταν
982 2150 1103 2197 ἑτέραν
1140 2153 1242 2199 τάξιν
1285 2192 1293 2197 λ

130 2205 333 2242 imposuisse,
354 2209 436 2242 quod
462 2211 539 2239 male
557 2219 573 2240 a
598 2211 752 2241 nonnullis
775 2212 875 2248 urgeri
898 2214 1013 2250 video,
1040 2216 1124 2251 quasi
1147 2218 1242 2247 fuerit

133 2269 219 2305 autea
234 2263 370 2295 moribus
390 2264 563 2297 dissolutus.
