1523 2745
288 181 335 217 34
511 164 1170 204 COMMENTATIo

288 288 396 323 quam
439 274 612 313 disertius
629 302 642 320 ‚
693 283 870 321 quantum
908 273 946 310 in
992 284 1035 310 eo
1078 272 1192 312 fuerit
1223 275 1396 314 declarari

289 346 503 394 potuisset3
564 356 640 382 non
687 345 787 381 aliud
819 354 907 380 vero
951 354 1169 390 responsum
1209 345 1399 392 tulerunt,

292 427 400 461 quam
442 423 482 451 ut
519 413 591 461 ipsi
634 424 673 450 se
711 421 908 460 purgarent
957 411 1104 460 piaculo
1139 412 1323 452 Taenario
1364 423 1401 452 et

289 487 444 525 Palladis
482 485 695 524 Chalcioeci
733 484 752 526 (
759 486 815 531 1).
874 483 1010 522 Deinde
1037 485 1152 522 multa
1177 485 1244 522 alia
1270 494 1403 533 postu-

290 557 410 594 lavere
430 555 643 602 bellumque
669 555 809 591 nullum
833 554 913 591 fore
946 554 1174 601 promisere,
1201 556 1313 593 modo
1345 566 1400 593 re-

292 633 487 663 vocaretur
505 625 688 673 decretum
707 623 935 671 Megaricum
952 624 1042 672 (232
1060 626 1120 661 cui
1141 625 1264 673 jussui
1288 637 1402 673 quum

292 694 468 733 restiterit
500 694 656 732 Pericles
692 695 796 732 solus
830 693 986 730 habetur
1024 692 1111 730 belli
1148 703 1291 732 auctor.
1351 696 1405 733 At

293 765 436 812 optimo
454 765 515 801 ille
538 764 696 802 consilio
727 752 912 801 decretum
947 774 1023 800 non
1048 765 1292 801 revocandum
1317 775 1404 802 esse

292 828 489 872 censebat}
519 836 744 881 quacunque
768 834 865 870 enim
881 834 937 873 ,de
958 836 1069 871 causa
1088 836 1201 871 latum
1226 834 1275 871 sit
1290 862 1304 882 ‚
1335 836 1409 872 tol·

293 904 319 940 li
344 904 434 941 illud
445 904 823 941 Lacedaemoniorum
844 905 952 953 Jussu
978 914 1056 941 non
1090 913 1262 951 poterat,
1291 917 1406 953 quum

294 975 352 1011 vel
386 974 534 1012 minima
560 973 753 1012 concessio
780 971 880 1011 foret
907 972 1170 1012 imbecillitatis
1209 982 1407 1022 metusque

291 1043 468 1081 indicium
495 1043 579 1093 (3).
633 1044 773 1082 Deinde
795 1043 826 1080 si
861 1043 983 1091 aliqua
1022 1055 1107 1091 spes
1145 1043 1280 1083 fuisset
1304 1043 1407 1092 fore,

295 1121 336 1150 ut
379 1114 454 1150 hoo
490 1114 602 1150 modo
639 1113 760 1150 omnis
789 1113 876 1150 belli
917 1114 1064 1157 matema
1102 1114 1407 1162 extingueretur,

293 1193 360 1218 nec
396 1193 495 1220 arma
522 1192 711 1220 sumerent
741 1183 892 1230 hostes;
922 1182 1063 1230 aliquid
1093 1184 1251 1221 fortasse
1275 1196 1410 1223 conce-

293 1251 452 1289 dendum
476 1251 626 1291 fuisset.
684 1253 823 1291 Verum
844 1252 962 1300 probe
993 1252 1220 1301 intelligebat
1248 1255 1429 1296 Pericles*

291 1320 387 1358 viam
410 1320 462 1358 ita
485 1322 603 1359 sterni
630 1323 676 1359 ad
703 1323 870 1360 duriores
900 1322 1136 1360 conditiones
1153 1351 1166 1367 .,
1193 1323 1290 1361 sicut
1318 1336 1410 1363 mox

290 1390 466 1438 probavit
479 1391 585 1429 tertia
596 1404 710 1440 eaque
732 1392 859 1430 ultima
870 1393 1004 1442 legatio
1023 1420 1035 1438 ‚
1053 1404 1147 1441 quae
1170 1405 1297 1442 pacem
1322 1394 1416 1433 offe·

290 1460 393 1498 rebat
404 1488 417 1508 ,
430 1471 471 1498 ea
483 1462 563 1510 lege
579 1489 592 1510 ‚
606 1471 647 1500 ut
659 1462 908 1500 Athenienses
921 1463 1088 1502 Graecos
1103 1467 1315 1513 αὐτονομοὺς
1329 1477 1411 1504 esse

289 1531 453 1569 sinerent
480 1531 564 1579 (4).
593 1532 635 1570 Id
660 1544 747 1570 vcro
772 1533 866 1571 nihil
888 1533 986 1571 aliud
1008 1542 1111 1581 erat,
1141 1546 1248 1581 quam
1278 1544 1411 1583 postu-

288 1604 390 1649 lare,
420 1611 461 1640 ut
494 1602 663 1641 Athenae
691 1613 829 1652 sponte
860 1615 1007 1642 omnem
1035 1605 1270 1652 splendorem
1293 1606 1417 1656 depo-.

289 1681 439 1719 nerent,
467 1673 719 1721 omnibusque
746 1674 925 1712 reditibus
955 1675 1166 1722 spoliandas
1186 1686 1225 1713 se
1257 1676 1412 1724 praebe-

290 1751 371 1780 rent
393 1751 429 1780 et
459 1743 648 1781 interitum
686 1743 759 1781 sibi
796 1744 899 1792 ipsae
930 1752 1098 1792 pararent
1125 1744 1212 1794 (5).
1265 1745 1407 1784 Placuit

428 1842 433 1844 .
1338 1815 1407 1865 1gi.

329 1865 380 1902 (ι)
403 1865 500 1893 Thuc.
522 1866 548 1893 Ι.
571 1868 639 1894 128.

329 1920 384 1959 (ι’)
403 1922 485 1949 Idem
516 1930 582 1957 139·
610 1922 678 1950 add.
709 1922 829 1950 Aelian.
862 1923 900 1951 V.
931 1923 972 1950 H.
1004 1921 1067 1950 ΧΠ.
1091 1928 1138 1956 53.
1167 1920 1271 1956 ibique
1302 1921 1406 1952 Ktihn.

292 1978 450 2013 Aristoph.
480 1979 606 2006 Acharn.
638 1987 668 2006 v.
699 1985 879 2015 530·-540·
915 1992 952 1999 —
981 1977 1022 2007 cf.
1051 1978 1089 2006 de
1113 1978 1174 2007 hoc
1197 1985 1228 2007 et
1252 1977 1312 2008 alio
1339 1987 1414 2009 mox

291 2036 440 2063 laudando
464 2036 474 2062 1
506 2036 622 2062 Siivern
640 2036 660 2063 l.
682 2042 710 2064 e.

328 2091 379 2128 (s)
400 2093 478 2121 Plut.
511 2094 578 2120 Per.
608 2100 655 2126 31.
680 2092 776 2121 Thuc.
797 2093 818 2120 1.
842 2100 911 2129 140.
957 2120 958 2124 ,

329 2149 381 2186 (4)
403 2150 499 2177 Thuc.
524 2150 546 2176 1.
569 2156 636 2183 139.

330 2205 382 2242 (5)
402 2208 486 2236 Orat.
517 2205 640 2236 Periclis
669 2207 746 2241 apud
769 2207 868 2237 Thuc.
896 2208 923 2236 1.
944 2214 1008 2245 ¹40·
1030 2216 1117 2245 seqq.
1141 2208 1281 2244 Heeren,
1302 2208 1410 2238 Ideen.

293 2265 330 2290 V.
352 2264 406 2291 ΠΙ.
431 2271 463 2297 p.
484 2271 550 2298 227.
