1523 2745
250 196 323 224 212
408 182 663 222 COMM.
717 181 1225 228 LITAERARIA.

257 293 353 331 viam
408 290 570 339 profecti
609 301 770 338 pugnam
806 290 1071 328 commiserunt
1106 291 1149 327 ad
1186 290 1364 336 Actium,

258 361 443 401 famosum
462 362 553 398 illud
580 361 904 407 promontorium
935 373 953 397 e
975 373 1046 408 qua
1068 359 1227 399 insulani
1249 360 1368 397 victo-

262 444 322 470 res
338 432 587 468 discesserunt
607 431 768 476 ‚multos
795 430 962 478 captivos
977 442 1101 468 secum
1128 430 1367 467 abducentes.

262 502 467 552 Quumque
486 499 786 546 Corinthii,hac
814 502 914 537 clade
933 501 1078 546 afflicti,
1107 511 1188 537 sese
1218 500 1369 537 domum

261 571 514 619 recepissent,
542 570 658 607 totius
685 571 792 608 maris
827 570 1023 617 imperium
1049 578 1245 608 tenuerunt
1275 570 1372 607 Cor-

264 641 410 690 cyraei,
437 652 478 678 ac
506 640 734 685 Leucadem,
776 639 1062 677 Corinthiorum
1094 639 1301 685 coloniam,
1336 648 1372 676 et

266 713 478 760 Cyllenen,
511 709 573 748 ubi
614 710 788 747 Eleorum
826 709 967 747 navalia
999 717 1127 754 erant,
1167 716 1373 747 vastarunt.

265 781 325 818 Illi
359 782 513 817 classem
538 791 624 816 cum
647 779 810 816 exercitu
837 770 874 816 in
891 779 990 816 Actii
1017 788 1052 816 et
1083 778 1263 816 Chimerii
1284 789 1376 815 con-

269 850 367 889 finiis
394 851 430 886 in
465 850 624 886 statione
658 858 891 896 posuerunt,
934 857 991 885 -et-
1018 860 1237 895 quamquam
1282 848 1378 886 Cor·

269 919 391 967 cyraei
404 919 442 955 in
467 917 670 974 Leucirnna
693 917 812 954 insula
837 917 1089 954 castrametati
1110 925 1235 962 erant,
1257 915 1378 953 neutri

271 989 425 1025 ulterius
448 996 709 1035 processerunt
726 1015 738 1032 ‚
765 987 836 1025 sed
861 987 991 1024 hiemis
1017 996 1184 1034 ternpore
1216 988 1254 1024 in
1276 998 1379 1025 suam

273 1059 434 1106 quisque
445 1058 629 1095 civitatem
645 1057 845 1095 redierunt.
863 1056 1074 1095 Commissa
1085 1065 1205 1094 autem
1219 1065 1274 1094 est
1287 1067 1382 1104 pug-

272 1139 318 1166 na
331 1128 390 1165 illa
412 1129 456 1164 ad
472 1127 622 1164 Actium
637 1138 723 1164 vere
739 1158 750 1172 ‚
765 1129 822 1164 vel
841 1127 994 1164 'ineunte
1008 1135 1142 1164 aestate
1165 1126 1251 1163 anni
1277 1139 1381 1174 434.,

275 1205 318 1234 ut
351 1208 370 1233 e
401 1197 645 1244 sequentibus
669 1196 824 1243 patebit.
878 1196 937 1234 Sic
959 1197 1054 1232 enim
1079 1196 1196 1243 pergit
1227 1196 1382 1244 Thucy-

277 1266 404 1304 dides:
433 1275 554 1303 totum
590 1266 689 1302 hunc
728 1277 863 1302 annum
898 1274 985 1312 post
1011 1267 1137 1302 navale
1171 1265 1350 1312 proelium
1371 1293 1384 1312 ,

279 1345 320 1374 ut
346 1344 380 1372 et
417 1344 632 1382 sequentem
658 1335 847 1372 Corinthii
875 1346 955 1371 sese
990 1335 1035 1371 ad
1081 1334 1217 1371 bellum
1256 1335 1386 1372 acerri-

279 1416 337 1442 me
374 1406 570 1453 gerendum
618 1414 816 1452 pararunt,
869 1405 1034 1450 undique
1067 1415 1087 1440 e
1125 1404 1386 1451 Peloponneso

281 1487 322 1513 ac
354 1475 494 1522 reliqua
519 1474 671 1511 Graecia
698 1473 896 1521 remigibus
930 1474 1121 1522 collectis;
1151 1475 1253 1521 quod
1272 1474 1387 1512 anim-

284 1545 513 1582 advertentes
550 1543 778 1591 Corcyraei,
808 1543 1094 1589 intellexerunt,
1121 1554 1160 1579 se
1191 1544 1290 1580 nulla
1326 1555 1389 1581 so·

282 1615 411 1652 cietate
445 1625 528 1650 curn
552 1613 705 1651 Graecis
734 1613 957 1661 conjunctos
991 1611 1136 1649 cunctis
1175 1612 1233 1649 his
1267 1613 1405 1660 copiis

282 1686 438 1732 impares
474 1682 569 1720 fore.
624 1684 729 1732 Quae
761 1683 873 1729 igitur
907 1692 1010 1719 antea
1038 1682 1163 1719 minati
1190 1691 1316 1728 erant,
1350 1694 1390 1719 ea

284 1754 474 1800 fecerunt3
520 1754 737 1799 legatosque
767 1753 810 1789 ad
831 1753 1083 1789 Athenienses
1113 1752 1318 1798 miserunt,
1348 1762 1390 1790 ut

285 1825 355 1861 hos
382 1824 453 1861 sibi
482 1823 606 1860 socios
631 1823 892 1870 adjungerent,
915 1831 1026 1868 atque
1053 1822 1204 1867 aliquod
1229 1822 1272 1858 ab
1297 1822 1390 1869 ipsis

285 1903 452 1942 peterent
475 1894 650 1930 auxilium
673 1906 685 1939 3
715 1894 777 1928 sex-i
802 1901 836 1928 et
871 1891 1059 1930 Corinthii
1085 1900 1316 1938 metuentes·⁹
1344 1902 1390 1928 ne

289 1964 573 2002 Atheniensium
606 1963 734 2009 copiae
763 1961 987 2008 Corcyraeis
1016 1960 1183 2005 additae,
1220 1959 1293 1997 sibi
1325 1960 1392 1996 ini·

289 2035 500 2083 pedimento
523 2032 676 2077 forent,
706 2031 904 2079 quominus
945 2031 1079 2067 bellurn
1133 2029 1289 2067 feliciter
1331 2039 1394 2076 ge-

289 2112 410 2140 rerent
435 2129 449 2149 ,
503 2110 538 2138 et
586 2100 657 2147 ipsi
697 2111 848 2146 quoque
885 2101 1025 2146 legatos
1072 2099 1239 2136 Athenas
1287 2099 1397 2137 mise·

292 2182 406 2218 runt,
444 2182 540 2219 quos
569 2170 604 2207 in
646 2170 827 2206 concione
857 2180 938 2206 cum
979 2169 1197 2217 Corcyraeis
1243 2177 1399 2206 contenv

294 2244 421 2280 dentes
459 2240 698 2289 Thucydides
733 2239 905 2286 historiae
949 2249 1035 2276 suae
1087 2238 1257 2278 intexuit.
1325 2240 1400 2276 Ha·

1323 2320 1402 2347 rum
