1523 2745
602 568 940 613 CAPUT
991 568 1065 610 II.

362 754 934 792 CHARACTERISMUS
977 753 1286 786 PERICLIS.

626 909 1035 938 w-

775 1054 814 1100 §.
855 1062 890 1089 1.

323 1211 600 1280 Exposuimus
621 1229 736 1268 vitam
762 1228 937 1276 Periclis,
964 1230 1061 1267 uncle
1085 1229 1280 1268 didicimus
1307 1237 1387 1267 tan-

273 1305 313 1339 ta
339 1312 421 1339 eum
451 1300 632 1350 polluisse
666 1298 909 1346 auctoritate,
951 1307 993 1335 ut
1030 1298 1068 1335 in
1100 1298 1214 1336 libera
1242 1299 1385 1336 Athen.

276 1370 452 1417 civitate,
508 1378 544 1407 et
572 1377 677 1407 antea
704 1368 904 1417 plurimum
944 1367 1136 1415 potuerit,
1189 1375 1225 1405 et
1267 1379 1386 1414 veto,

276 1439 500 1488 Thucydide
536 1440 683 1488 eJect0‚
722 1449 819 1476 unus
854 1437 914 1475 ille
941 1437 1063 1475 omnia
1097 1436 1237 1484 fuerit,
1263 1438 1390 1475 demo-

278 1509 391 1548 cratia
413 1521 490 1547 non
509 1508 585 1547 nisi
610 1507 760 1546 nomine
781 1504 910 1546 relicta
935 1507 1024 1556 (1),
1045 1514 1273 1554 quapropter
1293 1507 1390 1543 mul-

281 1589 339 1618 tos
374 1591 476 1629 reges
501 1579 671 1628 potentia
703 1589 898 1626 superasse
923 1588 1009 1615 vere
1034 1576 1107 1614 dici
1135 1575 1271 1624 possit.
1300 1575 1388 1625 (2).

279 1650 416 1697 Neque
438 1659 558 1686 tamen
585 1649 645 1687 ille
669 1648 705 1685 vi
732 1656 795 1686 aut
825 1655 924 1684 metu
948 1647 1047 1684 cives
1074 1658 1165 1684 suos
1188 1645 1281 1682 rexit
1296 1657 1309 1693 3
1327 1638 1415 1683 sed‘

280 1731 364 1756 cum
401 1719 489 1756 aliae
516 1730 574 1755 res
609 1719 654 1756 ad
678 1718 770 1754 illud
795 1716 984 1764 fastigium
1012 1715 1135 1763 ipsum
1161 1724 1393 1761 evexerunt,

282 1798 359 1826 tum
397 1787 577 1836 imprimis
606 1786 837 1834 eloquentiae
862 1786 999 1824 flumen
1025 1794 1061 1822 et
1084 1795 1188 1822 rarus
1213 1784 1394 1821 virtutum

282 1869 501 1897 concentus.
555 1858 683 1895 Meum
717 1858 787 1905 jam
829 1865 908 1902 est,
937 1856 1016 1892 illas
1042 1854 1152 1892 animi
1181 1852 1396 1902 ingeniique

284 1930 389 1966 dores
427 1939 662 1973 enumerare3
705 1927 807 1973 quod
856 1925 886 1962 si
924 1925 993 1962 rite
1042 1924 1163 1962 fecero
1181 1951 1193 1969 ‚
1246 1922 1396 1962 Periclis

287 1997 617 2036 Characterismum
645 1995 923 2033 adumbravisse
961 1994 1049 2032 mihi
1091 1994 1234 2031 videor.
1297 1994 1397 2047 Ante

287 2069 408 2107 omnia
446 2077 565 2106 autem
592 2077 689 2115 opus
724 2074 808 2113 est,
837 2075 879 2104 ut
904 2067 974 2103 hoc
1000 2076 1143 2114 semper
1168 2073 1361 2102 teneamus
1385 2091 1399 2111 ,

1331 2134 1402 2171 Pe-

326 2221 379 2256 (1)
400 2219 500 2247 Thuc.
514 2218 551 2245 11.
573 2219 620 2251 65·
648 2218 718 2245 loeo
743 2216 866 2246 illustri.

325 2276 378 2312 (ε)
398 2277 473 2305 plut.
494 2276 564 2304 Per.
586 2281 631 2308 15·
