1502 2767
391 170 992 211 THEOLOGIC'A.
1184 183 1258 231 203

150 282 250 322 Hinc
278 282 509 320 immortales
543 281 594 319 illi
634 283 764 319 heroes
801 283 846 319 ad
871 281 1157 330 Marathonem,
1202 283 1266 320 Sa·

150 353 343 400 laminem,
371 353 559 398 Plataeas,
590 351 791 399 Mycalen,
819 351 858 388 in
890 351 996 389 bellis
1021 359 1149 389 contra
1173 353 1266 390 Por·

148 433 326 469 sennam,
385 422 564 471 Pyrrhum
605 430 640 459 et
678 421 935 459 Hannibalem.
997 420 1098 458 Hinc
1140 422 1267 470 plures

104 529 107 532 ,
148 493 317 533 Graecia
336 504 426 530 suos
463 492 574 530 habet
606 493 779 538 Codros,
808 491 1020 538 Leonidas,
1050 491 1267 538 Miltiades,

150 562 426 601 Themistocles
443 590 455 609 ‚
486 562 689 609 Cimones,
716 562 937 610 Agesilaos,
966 562 1267 610 Epaminondas,

148 633 385 681 Phocione53
428 643 519 671 suos
558 633 680 671 Roma
718 633 884 680 Decios,
910 632 1074 680 Fabios,
1103 632 1239 670 Brutos
1260 662 1273 679 ‚

149 702 340 741 Fabricios
357 731 371 751 ,
387 703 567 741 Camillos
581 731 593 749 ‚
623 703 847 749 Marcellos,
863 703 956 741 alios
973 692 1195 751 permultos.
1221 725 1272 732 --

149 773 210 811 Ne
240 773 325 821 quis
352 782 460 821 putet
486 785 544 811 me
571 774 615 811 de
629 774 789 820 horum,
822 774 885 821 qui
921 773 1061 822 optime
1087 775 1132 811 de
1158 773 1276 821 patria

149 854 217 882 sua
247 843 368 881 meriti
405 852 494 881 sunt
516 872 529 891 ,
568 843 730 882 virorum
766 842 940 881 laudibus
977 843 1177 890 quidquam
1209 844 1274 881 de·

150 921 316 951 tractum
346 915 464 962 velle3
506 914 591 961 quis
625 925 757 962 negare
783 914 880 951 ausit
906 914 1096 951 Graeciam
1127 923 1163 950 et
1189 912 1269 950 Ro·

154 993 276 1030 mam,
318 995 362 1021 ex
394 993 592 1031 ternpore,
633 995 709 1031 quo
751 983 948 1029 viverent,
988 969 1272 1034 dijudicandos,

151 1053 230 1090 veri
264 1053 429 1090 nominis
459 1053 591 1090 heroes
616 1053 852 1100 protulisse?
883 1053 934 1090 At
966 1064 1084 1099 vero,
1125 1054 1155 1090 si
1185 1065 1271 1090 cum

152 1121 379 1161 Christianis
427 1131 716 1170 comparentur,
777 1123 852 1161 utri
886 1123 1135 1171 praeponendi
1171 1124 1271 1170 sint,

150 1203 227 1230 non
258 1201 315 1230 est
352 1193 458 1240 quod
492 1192 658 1231 dubites.
713 1193 833 1231 Amor
871 1193 967 1230 enim
1003 1193 1141 1241 patriae
1175 1203 1276 1232 vete·

151 1273 232 1300 rum
267 1263 383 1300 nullis
401 1263 515 1311 justis
541 1262 680 1300 finibus
714 1271 789 1300 erat
816 1262 1153 1311 circumscriptus,
1182 1274 1272 1310 qua·

150 1341 308 1381 propter
352 1344 436 1371 eum
474 1332 750 1380 patriotismum
801 1333 931 1381 potius
976 1343 1012 1370 et
1058 1332 1269 1380 superbiam

154 1403 348 1450 quamdam
389 1402 609 1441 nationalem
644 1402 796 1440 dixerim
837 1402 920 1452 (ι).
973 1403 1060 1450 Ipse
1100 1403 1184 1450 ille,
1222 1402 1272 1439 ita

151 1471 303 1519 dictus,
331 1471 471 1521 patriae
507 1484 609 1510 amor
639 1471 762 1509 effecit
783 1500 795 1519 ,
834 1481 876 1509 ut
900 1472 1034 1510 Graeci
1068 1482 1103 1509 et
1133 1473 1273 1510 Roma-

144 1541 193 1578 --ni
227 1541 330 1579 omni
366 1542 584 1580 humanitati
619 1542 905 1589 renunciarent,
951 1552 988 1580 et
1027 1543 1128 1580 omni
1159 1544 1276 1592 injus-

158 1611 282 1658 titiae,
317 1612 509 1659 iniquitati
545 1620 582 1649 et
613 1611 822 1650 crudelitati
858 1614 1096 1652 inservirent.
1175 1615 1273 1652 Hinc

156 1683 320 1720 studium
360 1682 454 1720 illud
490 1682 776 1732 explicandum,
805 1684 907 1731 quod
934 1684 972 1721 in
997 1684 1173 1723 omnibus
1198 1696 1277 1722 cetu

155 1753 285 1800 nitur,
315 1753 554 1800 dominandi,
585 1753 811 1801 superandi,
851 1753 991 1792 ruinam
1031 1754 1110 1792 aliis
1145 1766 1275 1802 parann

157 1823 220 1869 di,
248 1824 409 1862 externis
442 1823 551 1862 factis
585 1825 803 1872 splendendi
833 1833 868 1862 et
893 1825 1051 1872 gloriam
1079 1825 1151 1863 sibi
1175 1838 1277 1864 com-

157 1893 322 1941 parandi.
378 1894 481 1932 Itane
518 1894 557 1932 hi
594 1894 671 1947 veri
707 1904 795 1933 sunt
829 1896 989 1942 heroes,
1019 1906 1108 1933 vero
1140 1897 1277 1944 patriae

157 1975 282 2003 amore
319 1964 442 2003 ducti!
474 1964 573 2011 Sed,
602 1973 645 2003 ut
678 1966 751 2015 jam
782 1967 1023 2013 monuimus,
1053 1978 1096 2004 ex
1130 1976 1273 2016 tempo·

1204 2050 1271 2086 re,

200 2137 253 2174 (ι)
276 2137 649 2175 Εἶτ.’Ζίιτιῐηει-ιῐιαη,
672 2140 751 2167 Uber
779 2141 1057 2171 nationul-Seolz.
1097 2140 1275 2179 Hei-der,

163 2194 252 2223 ldeen
287 2203 327 2223 zu
363 2198 451 2225 einer
481 2197 659 2225 Geschiclne
685 2196 740 2224 der
768 2197 986 2234 Mensehhest,
1010 2198 1103 2227 Tom.
1126 2200 1178 2229 111.
1206 2208 1274 2235 pag.

163 2257 232 2287 πεῖ.
253 2259 320 2291 sqq.
