1502 2767
163 195 237 231 ιφ
304 156 1046 220 ἐοΜΜΕΝΤΑΤῑα

204 291 424 339 Jam1ver0-‚·
459 289 490 326 si
517 289 562 326 ad
587 290 734 327 deorum
770 290 935 336 cultum,
972 289 1070 337 apud
1107 298 1257 326 veteres*L

159 370 404 408 quoscunque
423 360 585 407 populos
599 386 612 406 ‚
633 358 788 407 Judaico
812 369 966 407 excepto
986 360 1078 407 (1),
1094 360 1252 396 attenda-

157 441 240 467 mus
253 457 266 477 ,
287 437 504 466 nontautum
521 428 691 469 universe
715 428 777 466 has
796 429 966 472 notiones
981 427 1252 473 desideramus,

158 509 283 536 verum
306 503 432 535 contra
471 499 561 535 tales·
584 496 834 544 offendimus,
867 510 958 545 quae
990 498 1027 534 in
1056 497 1245 537 hominum

155 569 200 605 de
237 568 332 604 bello
355 567 516 614 gerundo
547 565 743 603 sententias
773 577 848 603 non
877 575 1047 614 poterant
1073 576 1150 603 non
1173 565 1247 603 vim

154 646 319 674 exercere
348 634 569 683 pestiferam.
640 634 716 672 Cui
749 645 824 671 non
857 635 979 672 statim
1014 635 1142 682 ingens
1190 634 1251 672 ille

152 706 316 744 Deorum
347 715 520 745 numerus
548 702 615 752 (α)
643 703 690 740 ob
725 704 852 741 oculos
885 704 1126 750 obversatur,
1155 703 1251 750 qui,

153 773 190 810 vi
226 783 262 810 et
303 773 466 821 potentia
500 784 588 820 prae
623 772 834 810 hominibus
877 773 1032 810 maxime
1069 773 1251 811 excellen-

154 851 206 880 tes
222 870 235 889 ,
262 842 390 879 iisdem
418 854 528 889 vero,
561 842 696 890 quibus
725 841 891 878 homines
908 869 921 888 ,
958 841 1056 879 vitiis
1080 843 1249 880 laboran-

151 920 233 959 tes,
265 912 311 949 ad
337 923 456 949 unum
484 922 611 951 omnes
646 911 759 959 magis
794 911 960 957 minusve
989 920 1088 950 erant
1122 912 1251 949 crude-

1163 982 1246 1030 les,

190 1102 243 1138 (r)
263 1101 348 1129 Licet
378 1102 412 1129 in
448 1103 485 1129 V.
522 1101 612 1130 F.lib
625 1102 666 1131 ris
692 1104 807 1140 Jehova
836 1111 897 1132 non
922 1111 954 1132 ut
977 1101 1059 1133 Deus
1089 1102 1243 1139 popularis

151 1165 353 1193 proponatur,
385 1159 465 1193 quod
482 1167 536 1187 suo
565 1167 649 1188 more
676 1160 795 1195 egregie
819 1159 924 1188 docuit
957 1161 1075 1196 Hesz,
1097 1162 1170 1188 uber
1190 1160 1247 1197 Je-

149 1214 225 1243 hova
240 1214 294 1241 den
308 1215 382 1241 Gon
399 1214 531 1249 lnam,
550 1214 580 1243 in
606 1216 794 1244 Biblr'othekv
809 1218 863 1244 der
887 1217 1020 1254 heiligen
1049 1217 1245 1248 Germia-bre,

149 1270 209 1299 Th.
220 1270 246 1298 11
258 1279 266 1298 ε
277 1278 372 1298 tamen
385 1270 522 1305 plerique
538 1279 576 1300 ex
585 1272 704 1307 Judaica
719 1273 838 1301 natione
847 1275 992 1309 Jehovam
1008 1273 1137 1300 habuere
1147 1273 1246 1300 Deum

149 1328 326 1361 tutelarem,
348 1334 378 1354 et
397 1328 470 1353 haud
491 1327 578 1360 pauci
606 1327 680 1356 alios
698 1329 779 1356 Deos
795 1328 882 1356 simul
903 1328 965 1356 coli
981 1336 1069 1363 posse
1087 1335 1226 1363 putarunt
1235 1335 1251 1361 ς.

149 1384 230 1417 quod
255 1383 285 1410 in
307 1383 460 1411 hominum
482 1385 519 1410 de
551 1384 632 1411 bello
660 1385 793 1417 gerundo
812 1385 973 1412 sententias
990 1392 1049 1412 non
1065 1384 1166 1419 potuit
1184 1391 1245 1412 nou

146 1447 318 1474 perversam
341 1439 401 1467 vim
425 1440 547 1468 habere.
584 1440 649 1467 Cfr.
679 1439 874 1476 Tinman,
904 1442 925 1469 1.
947 1442 986 1476 1.,
1014 1449 1080 1476 pag.
1100 1451 1149 1478 47.
1174 1443 1241 1477 sqq:

146 1503 177 1524 et
194 1498 241 1525 81.
270 1504 354 1530 seqq.
385 1504 451 1530 pag.
472 1506 519 1530 25·
543 1504 609 1531 sqq.
641 1496 688 1523 Ne
715 1496 810 1524 dicam
837 1497 935 1525 omnia
961 1497 1024 1525 fere
1051 1495 1129 1531 ap'ud
1151 1498 1245 1526 lsraffl

144 1551 211 1581 litas
229 1552 259 1580 id
278 1559 383 1586 agere,
403 1559 436 1580 ut
450 1561 466 1580 a
484 1552 610 1587 reliquis
637 1553 774 1581 omnibus
796 1553 917 1588 populis
935 1561 1153 1588 separarentur.
1175 1554 1240 1583 Cfr.

145 1611 336 1644 spencer‚
356 1609 390 1636 sle
415 1610 532 1645 legibus
561 1611 768 1637 Hebraeorum
794 1611 986 1644 ritualibus,
1005 1611 1044 1639 L.
1067 1611 1094 1639 l.

179 1666 230 1702 (α)
251 1665 299 1693 Ne
316 1665 496 1700 sagacissimi
520 1665 640 1702 quidem
657 1665 833 1700 Philosophi
854 1666 961 1695 Graeci
977 1673 1008 1694 et
1026 1666 1153 1695 Romani
1176 1666 1243 1702 opi·

144 1722 267 1751 nionem
284 1723 320 1750 de
336 1723 403 1750 Deo
423 1731 505 1758 uuo,
519 1723 677 1758 perfecto,
698 1722 829 1751 omnium
847 1730 980 1750 creatore
999 1730 1028 1750 et
1045 1723 1242 1757 gubernatore

144 1780 286 1807 habuere.
309 1779 373 1807 cfr.
385 1779 432 1807 Cl.
444 1779 494 1807 W.
508 1780 545 1809 A.
563 1787 594 1806 v.
614 1779 668 1807 He
680 1778 828 1814 ngel‚in
846 1781 960 1808 Comm.
982 1780 1053 1808 soe.
1076 1779 1245 1815 Teyler‚

144 1836 218 1864 Vol.
241 1836 345 1865 XXVI.
363 1844 394 1870 p.
416 1838 481 1865 216.
503 1843 547 1870 sq.
571 1836 617 1863 Ne
632 1844 762 1864 summus
778 1837 890 1865 Plato
915 1835 1054 1870 quidem:
1076 1836 1133 1864 cfr.
1157 1835 1243 1864 Tie-

145 1893 299 1928 deman,
333 1893 366 1920 de
400 1893 463 1919 Deo
505 1893 666 1927 Platonis,
702 1900 769 1927 pag.
809 1901 856 1928 34.
896 1891 954 1920 Hic
984 1893 1080 1920 honos
1117 1892 1244 1921 debetur

148 1949 257 1978 Christi
281 1949 448 1978 doctrinae.
489 1949 554 1977 Cfr.
586 1950 622 1976 H.
653 1946 842 1982 Bouman‚
864 1948 894 1975 in
919 1947 1060 1976 oratione
1086 1949 1120 1976 de
1145 1949 1241 1976 histo-

145 2007 196 2033 ria
221 2001 433 2041 Philosophiae
460 2007 492 2034 de
518 2008 602 2042 Deo,
618 2006 787 2042 sapientiae
815 2006 981 2040 magistra,
1005 2013 1071 2040 pag.
1096 2009 1143 2039 38.
1173 2013 1241 2041 sqqz.

144 2062 208 2091 Etsi
224 2065 385 2092 zoroaster
405 2070 496 2090 unum
518 2064 615 2091 Deum
633 2062 768 2091 statuisse
786 2061 930 2097 vitietur,-
950 2069 1032 2090 certe
1056 2069 1117 2089 non
1132 2063 1240 2098 talem,

143 2120 236 2154 qualis
259 2119 493 2148 Christianorum
527 2121 618 2148 Deus.
677 2121 742 2148 Hoc
776 2119 928 2148 Zoroastri
960 2118 1102 2154 placitum
1136 2126 1239 2154 parurn

143 2177 192 2203 vel
216 2175 289 2203 nihil
310 2175 339 2203 in
364 2177 515 2204 Persarum
539 2176 732 2206 moralitatem
762 2175 873 2211 valuit,
905 2176 986 2210 quod
1014 2176 1140 2205 fortasse
1164 2175 1246 2204 Desr

143 2232 273 2266 poris-mo
293 2232 482 2261 tribuendum
506 2240 560 2273 est.
