<?xml version="1.0" encoding="UTF-8"?>
<!DOCTYPE html PUBLIC "-//W3C//DTD XHTML 1.0 Transitional//EN"
    "http://www.w3.org/TR/xhtml1/DTD/xhtml1-transitional.dtd">
<html xmlns="http://www.w3.org/1999/xhtml" xml:lang="en" lang="en">
 <head>
  <title>
</title>
<meta http-equiv="Content-Type" content="text/html;charset=utf-8" />
  <meta name='ocr-system' content='tesseract 3.04.00' />
  <meta name='ocr-capabilities' content='ocr_page ocr_carea ocr_par ocr_line ocrx_word'/>
</head>
<body>
  <div class='ocr_page' id='page_1' title='image "annalesacademiae33rhen_0110.png"; bbox 0 0 1507 2876; ppageno 0'>
   <div class='ocr_carea' id='block_1_1' title="bbox 281 254 1162 297">
    <p class='ocr_par' dir='ltr' id='par_1_1' title="bbox 281 254 1162 297">
     <span class='ocr_line' id='line_1_1' title="bbox 281 254 1162 297; baseline -0.005 0"><span class='ocrx_word' id='word_1_1' title='bbox 281 271 328 297; x_wconf 76' lang='lat'>22</span> <span class='ocrx_word' id='word_1_2' title='bbox 496 254 1162 296; x_wconf 83' lang='lat' dir='ltr'>COMMENTATIO</span> 
     </span>
    </p>
   </div>
   <div class='ocr_carea' id='block_1_2' title="bbox 281 364 1420 2012">
    <p class='ocr_par' dir='ltr' id='par_1_2' title="bbox 281 364 1414 1468">
     <span class='ocr_line' id='line_1_2' title="bbox 281 364 1393 414; baseline -0.002 -9"><span class='ocrx_word' id='word_1_3' title='bbox 281 378 392 405; x_wconf 88' lang='lat' dir='ltr'>suum</span> <span class='ocrx_word' id='word_1_4' title='bbox 424 367 580 404; x_wconf 88' lang='lat' dir='ltr'>amicum</span> <span class='ocrx_word' id='word_1_5' title='bbox 618 364 789 414; x_wconf 80' lang='lat' dir='ltr'>ampiecti</span> <span class='ocrx_word' id='word_1_6' title='bbox 829 364 964 404; x_wconf 82' lang='lat' dir='ltr'>exinde</span> <span class='ocrx_word' id='word_1_7' title='bbox 997 373 1122 414; x_wconf 82' lang='lat' dir='ltr'>patet,</span> <span class='ocrx_word' id='word_1_8' title='bbox 1153 365 1256 414; x_wconf 89' lang='lat' dir='ltr'>quod</span> <span class='ocrx_word' id='word_1_9' title='bbox 1290 376 1393 403; x_wconf 86' lang='lat' dir='ltr'>amor</span> 
     </span>
     <span class='ocr_line' id='line_1_3' title="bbox 283 434 1399 485; baseline -0.003 -10"><span class='ocrx_word' id='word_1_10' title='bbox 283 437 392 475; x_wconf 82' lang='lat' dir='ltr'>factis</span> <span class='ocrx_word' id='word_1_11' title='bbox 414 437 507 485; x_wconf 87' lang='lat' dir='ltr'>ipsis</span> <span class='ocrx_word' id='word_1_12' title='bbox 525 465 538 484; x_wconf 86' lang='lat'><strong><em>‚</em></strong></span> <span class='ocrx_word' id='word_1_13' title='bbox 563 447 641 474; x_wconf 90' lang='lat' dir='ltr'>non</span> <span class='ocrx_word' id='word_1_14' title='bbox 673 436 823 482; x_wconf 86' lang='lat' dir='ltr'>verbis,</span> <span class='ocrx_word' id='word_1_15' title='bbox 848 438 885 476; x_wconf 75' lang='grc' dir='ltr'>ἐν</span> <span class='ocrx_word' id='word_1_16' title='bbox 907 436 998 485; x_wconf 72' lang='grc' dir='ltr'>ἔργῳ</span> <span class='ocrx_word' id='word_1_17' title='bbox 1021 437 1080 476; x_wconf 68' lang='grc' dir='ltr'>καὶ</span> <span class='ocrx_word' id='word_1_18' title='bbox 1099 437 1250 485; x_wconf 64' lang='grc' dir='ltr'>ἀληθείᾳ</span> <span class='ocrx_word' id='word_1_19' title='bbox 1278 434 1399 472; x_wconf 87' lang='lat' dir='ltr'>cerni-</span> 
     </span>
     <span class='ocr_line' id='line_1_4' title="bbox 285 505 1400 558; baseline -0.003 -13"><span class='ocrx_word' id='word_1_20' title='bbox 285 515 347 545; x_wconf 85' lang='lat' dir='ltr'>tur</span> <span class='ocrx_word' id='word_1_21' title='bbox 373 506 460 558; x_wconf 80' lang='lat'>(1).</span> <span class='ocrx_word' id='word_1_22' title='bbox 514 508 698 545; x_wconf 82' lang='lat' dir='ltr'>Praeterea</span> <span class='ocrx_word' id='word_1_23' title='bbox 728 507 881 544; x_wconf 83' lang='lat' dir='ltr'>simulac</span> <span class='ocrx_word' id='word_1_24' title='bbox 913 505 959 543; x_wconf 87' lang='lat' dir='ltr'>ab</span> <span class='ocrx_word' id='word_1_25' title='bbox 990 506 1093 544; x_wconf 91' lang='lat' dir='ltr'>hosti</span> <span class='ocrx_word' id='word_1_26' title='bbox 1122 505 1268 544; x_wconf 84' lang='lat' dir='ltr'>facinus</span> <span class='ocrx_word' id='word_1_27' title='bbox 1297 516 1400 543; x_wconf 87' lang='lat' dir='ltr'>com-</span> 
     </span>
     <span class='ocr_line' id='line_1_5' title="bbox 288 575 1398 625; baseline -0.004 -8"><span class='ocrx_word' id='word_1_28' title='bbox 288 577 387 617; x_wconf 87' lang='lat' dir='ltr'>mitti</span> <span class='ocrx_word' id='word_1_29' title='bbox 421 578 550 625; x_wconf 87' lang='lat' dir='ltr'>sinas‚</span> <span class='ocrx_word' id='word_1_30' title='bbox 603 576 771 624; x_wconf 85' lang='lat' dir='ltr'>quamvis</span> <span class='ocrx_word' id='word_1_31' title='bbox 822 575 977 625; x_wconf 89' lang='lat' dir='ltr'>injuriae</span> <span class='ocrx_word' id='word_1_32' title='bbox 1025 576 1207 614; x_wconf 89' lang='lat' dir='ltr'>obsistere</span> <span class='ocrx_word' id='word_1_33' title='bbox 1246 575 1398 624; x_wconf 80' lang='lat' dir='ltr'>possis,</span> 
     </span>
     <span class='ocr_line' id='line_1_6' title="bbox 290 645 1400 695; baseline -0.004 -9"><span class='ocrx_word' id='word_1_34' title='bbox 290 648 392 686; x_wconf 91' lang='lat' dir='ltr'>hosti</span> <span class='ocrx_word' id='word_1_35' title='bbox 425 658 538 694; x_wconf 84' lang='lat' dir='ltr'>sane,</span> <span class='ocrx_word' id='word_1_36' title='bbox 584 645 754 694; x_wconf 88' lang='lat' dir='ltr'>quamvis</span> <span class='ocrx_word' id='word_1_37' title='bbox 787 646 909 684; x_wconf 87' lang='lat' dir='ltr'>animo</span> <span class='ocrx_word' id='word_1_38' title='bbox 946 656 1023 684; x_wconf 93' lang='lat' dir='ltr'>non</span> <span class='ocrx_word' id='word_1_39' title='bbox 1056 646 1174 694; x_wconf 81' lang='lat' dir='ltr'>velis,</span> <span class='ocrx_word' id='word_1_40' title='bbox 1224 646 1400 695; x_wconf 86' lang='lat' dir='ltr'>majorem</span> 
     </span>
     <span class='ocr_line' id='line_1_7' title="bbox 289 714 1408 766; baseline -0.003 -10"><span class='ocrx_word' id='word_1_41' title='bbox 289 718 398 757; x_wconf 85' lang='lat' dir='ltr'>affers</span> <span class='ocrx_word' id='word_1_42' title='bbox 426 729 561 766; x_wconf 84' lang='lat' dir='ltr'>opem,</span> <span class='ocrx_word' id='word_1_43' title='bbox 581 728 691 765; x_wconf 85' lang='lat' dir='ltr'>quam</span> <span class='ocrx_word' id='word_1_44' title='bbox 715 718 833 754; x_wconf 81' lang='lat' dir='ltr'>alteri.</span> <span class='ocrx_word' id='word_1_45' title='bbox 886 715 1002 754; x_wconf 89' lang='lat' dir='ltr'>Hunc</span> <span class='ocrx_word' id='word_1_46' title='bbox 1028 717 1143 766; x_wconf 83' lang='lat' dir='ltr'>igitur</span> <span class='ocrx_word' id='word_1_47' title='bbox 1161 716 1318 754; x_wconf 87' lang='lat' dir='ltr'>amicum</span> <span class='ocrx_word' id='word_1_48' title='bbox 1337 714 1408 753; x_wconf 87' lang='lat' dir='ltr'>mi-</span> 
     </span>
     <span class='ocr_line' id='line_1_8' title="bbox 292 785 1405 836; baseline -0.002 -11"><span class='ocrx_word' id='word_1_49' title='bbox 292 799 365 826; x_wconf 89' lang='lat' dir='ltr'>nus</span> <span class='ocrx_word' id='word_1_50' title='bbox 385 796 464 826; x_wconf 91' lang='lat' dir='ltr'>tum</span> <span class='ocrx_word' id='word_1_51' title='bbox 485 786 607 836; x_wconf 84' lang='lat' dir='ltr'>diligis</span> <span class='ocrx_word' id='word_1_52' title='bbox 621 815 634 835; x_wconf 79' lang='lat'>‚</span> <span class='ocrx_word' id='word_1_53' title='bbox 655 799 764 835; x_wconf 82' lang='lat' dir='ltr'>quam</span> <span class='ocrx_word' id='word_1_54' title='bbox 789 787 936 825; x_wconf 84' lang='lat' dir='ltr'>hostem</span> <span class='ocrx_word' id='word_1_55' title='bbox 960 787 1141 835; x_wconf 84' lang='lat' dir='ltr'>injustum</span> <span class='ocrx_word' id='word_1_56' title='bbox 1157 814 1170 833; x_wconf 78' lang='lat'><em>‚</em></span> <span class='ocrx_word' id='word_1_57' title='bbox 1191 795 1303 835; x_wconf 88' lang='lat' dir='ltr'>atque</span> <span class='ocrx_word' id='word_1_58' title='bbox 1326 785 1405 823; x_wconf 85' lang='lat' dir='ltr'>offi-</span> 
     </span>
     <span class='ocr_line' id='line_1_9' title="bbox 291 856 1410 906; baseline -0.003 -10"><span class='ocrx_word' id='word_1_59' title='bbox 291 859 359 896; x_wconf 89' lang='lat' dir='ltr'>ciis</span> <span class='ocrx_word' id='word_1_60' title='bbox 390 869 474 906; x_wconf 85' lang='lat' dir='ltr'>erga</span> <span class='ocrx_word' id='word_1_61' title='bbox 504 858 660 896; x_wconf 87' lang='lat' dir='ltr'>amicum</span> <span class='ocrx_word' id='word_1_62' title='bbox 693 869 772 896; x_wconf 90' lang='lat' dir='ltr'>non</span> <span class='ocrx_word' id='word_1_63' title='bbox 807 856 1007 896; x_wconf 82' lang='lat' dir='ltr'>satisfacis.</span> <span class='ocrx_word' id='word_1_64' title='bbox 1064 857 1253 906; x_wconf 87' lang='lat' dir='ltr'>Justitiam</span> <span class='ocrx_word' id='word_1_65' title='bbox 1286 856 1410 894; x_wconf 89' lang='lat' dir='ltr'>colere</span> 
     </span>
     <span class='ocr_line' id='line_1_10' title="bbox 291 925 1411 979; baseline -0.005 -11"><span class='ocrx_word' id='word_1_66' title='bbox 291 930 396 968; x_wconf 89' lang='lat' dir='ltr'>decet</span> <span class='ocrx_word' id='word_1_67' title='bbox 436 928 692 968; x_wconf 86' lang='lat' dir='ltr'>Christianum</span> <span class='ocrx_word' id='word_1_68' title='bbox 725 929 808 979; x_wconf 83' lang='lat'><em>(2).</em></span> <span class='ocrx_word' id='word_1_69' title='bbox 863 927 1036 974; x_wconf 87' lang='lat' dir='ltr'>Uterque</span> <span class='ocrx_word' id='word_1_70' title='bbox 1074 927 1113 964; x_wconf 90' lang='lat' dir='ltr'>in</span> <span class='ocrx_word' id='word_1_71' title='bbox 1148 927 1246 965; x_wconf 87' lang='lat' dir='ltr'>vitae</span> <span class='ocrx_word' id='word_1_72' title='bbox 1279 925 1411 965; x_wconf 87' lang='lat' dir='ltr'>discri-</span> 
     </span>
     <span class='ocr_line' id='line_1_11' title="bbox 294 996 1410 1046; baseline -0.004 -8"><span class='ocrx_word' id='word_1_73' title='bbox 294 1000 392 1039; x_wconf 90' lang='lat' dir='ltr'>mine</span> <span class='ocrx_word' id='word_1_74' title='bbox 449 1007 618 1038; x_wconf 86' lang='lat' dir='ltr'>versatur</span> <span class='ocrx_word' id='word_1_75' title='bbox 641 1028 654 1046; x_wconf 85' lang='lat'>‚</span> <span class='ocrx_word' id='word_1_76' title='bbox 723 1009 884 1046; x_wconf 87' lang='lat' dir='ltr'>quorum</span> <span class='ocrx_word' id='word_1_77' title='bbox 939 997 1010 1035; x_wconf 90' lang='lat' dir='ltr'>iste</span> <span class='ocrx_word' id='word_1_78' title='bbox 1055 997 1188 1046; x_wconf 85' lang='lat' dir='ltr'>injuria</span> <span class='ocrx_word' id='word_1_79' title='bbox 1238 996 1371 1045; x_wconf 81' lang='lat' dir='ltr'>gaudet</span> <span class='ocrx_word' id='word_1_80' title='bbox 1394 1023 1410 1043; x_wconf 88' lang='lat'><em>‚</em></span> 
     </span>
     <span class='ocr_line' id='line_1_12' title="bbox 295 1066 1412 1117; baseline -0.004 -10"><span class='ocrx_word' id='word_1_81' title='bbox 295 1070 357 1108; x_wconf 86' lang='lat' dir='ltr'>hic</span> <span class='ocrx_word' id='word_1_82' title='bbox 401 1080 489 1107; x_wconf 89' lang='lat' dir='ltr'>vero</span> <span class='ocrx_word' id='word_1_83' title='bbox 532 1070 710 1107; x_wconf 88' lang='lat' dir='ltr'>innocens</span> <span class='ocrx_word' id='word_1_84' title='bbox 755 1076 826 1106; x_wconf 86' lang='lat' dir='ltr'>est.</span> <span class='ocrx_word' id='word_1_85' title='bbox 905 1067 1034 1117; x_wconf 86' lang='lat' dir='ltr'>Quum</span> <span class='ocrx_word' id='word_1_86' title='bbox 1080 1066 1194 1116; x_wconf 85' lang='lat' dir='ltr'>igitur</span> <span class='ocrx_word' id='word_1_87' title='bbox 1247 1074 1284 1104; x_wconf 91' lang='lat' dir='ltr'>te</span> <span class='ocrx_word' id='word_1_88' title='bbox 1329 1067 1412 1116; x_wconf 84' lang='lat' dir='ltr'>J&#39;us-</span> 
     </span>
     <span class='ocr_line' id='line_1_13' title="bbox 295 1135 1411 1187; baseline -0.004 -9"><span class='ocrx_word' id='word_1_89' title='bbox 295 1148 375 1178; x_wconf 89' lang='lat' dir='ltr'>tum</span> <span class='ocrx_word' id='word_1_90' title='bbox 405 1151 445 1177; x_wconf 82' lang='lat' dir='ltr'>ac</span> <span class='ocrx_word' id='word_1_91' title='bbox 478 1151 635 1187; x_wconf 85' lang='lat' dir='ltr'>aequum</span> <span class='ocrx_word' id='word_1_92' title='bbox 663 1146 846 1187; x_wconf 85' lang='lat' dir='ltr'>praestare</span> <span class='ocrx_word' id='word_1_93' title='bbox 881 1137 1001 1184; x_wconf 84' lang='lat' dir='ltr'>velis,</span> <span class='ocrx_word' id='word_1_94' title='bbox 1046 1147 1124 1174; x_wconf 91' lang='lat' dir='ltr'>non</span> <span class='ocrx_word' id='word_1_95' title='bbox 1158 1144 1314 1174; x_wconf 90' lang='lat' dir='ltr'>conatus</span> <span class='ocrx_word' id='word_1_96' title='bbox 1353 1135 1411 1173; x_wconf 89' lang='lat' dir='ltr'>in-</span> 
     </span>
     <span class='ocr_line' id='line_1_14' title="bbox 292 1207 1414 1260; baseline -0.004 -12"><span class='ocrx_word' id='word_1_97' title='bbox 292 1211 418 1260; x_wconf 84' lang='lat' dir='ltr'>J‘ustos</span> <span class='ocrx_word' id='word_1_98' title='bbox 435 1237 448 1256; x_wconf 81' lang='grc'>,</span> <span class='ocrx_word' id='word_1_99' title='bbox 476 1210 542 1248; x_wconf 88' lang='lat' dir='ltr'>sed</span> <span class='ocrx_word' id='word_1_100' title='bbox 566 1221 641 1247; x_wconf 88' lang='lat' dir='ltr'>rem</span> <span class='ocrx_word' id='word_1_101' title='bbox 668 1208 878 1248; x_wconf 86' lang='lat' dir='ltr'>innocentis</span> <span class='ocrx_word' id='word_1_102' title='bbox 897 1235 910 1255; x_wconf 83' lang='lat'><strong>‚</strong></span> <span class='ocrx_word' id='word_1_103' title='bbox 936 1208 1103 1257; x_wconf 85' lang='lat' dir='ltr'>adjuves.</span> <span class='ocrx_word' id='word_1_104' title='bbox 1139 1207 1329 1246; x_wconf 87' lang='lat' dir='ltr'>Debemus</span> <span class='ocrx_word' id='word_1_105' title='bbox 1357 1216 1414 1244; x_wconf 90' lang='lat' dir='ltr'>es-</span> 
     </span>
     <span class='ocr_line' id='line_1_15' title="bbox 295 1276 1410 1331; baseline -0.005 -13"><span class='ocrx_word' id='word_1_106' title='bbox 295 1292 337 1319; x_wconf 88' lang='lat' dir='ltr'>se</span> <span class='ocrx_word' id='word_1_107' title='bbox 362 1282 560 1331; x_wconf 70' lang='grc' dir='ltr'>φιλοέγικθοι</span> <span class='ocrx_word' id='word_1_108' title='bbox 597 1280 679 1329; x_wconf 83' lang='lat'>(3).</span> <span class='ocrx_word' id='word_1_109' title='bbox 733 1280 790 1317; x_wconf 87' lang='lat' dir='ltr'>Ita</span> <span class='ocrx_word' id='word_1_110' title='bbox 813 1279 850 1316; x_wconf 90' lang='lat' dir='ltr'>in</span> <span class='ocrx_word' id='word_1_111' title='bbox 875 1278 942 1316; x_wconf 86' lang='lat' dir='ltr'>hac</span> <span class='ocrx_word' id='word_1_112' title='bbox 975 1289 1096 1316; x_wconf 84' lang='lat' dir='ltr'>rerum</span> <span class='ocrx_word' id='word_1_113' title='bbox 1128 1276 1346 1314; x_wconf 80' lang='lat' dir='ltr'>conditione</span> <span class='ocrx_word' id='word_1_114' title='bbox 1371 1283 1410 1313; x_wconf 93' lang='lat' dir='ltr'>te</span> 
     </span>
     <span class='ocr_line' id='line_1_16' title="bbox 297 1347 1411 1399; baseline -0.004 -12"><span class='ocrx_word' id='word_1_115' title='bbox 297 1358 386 1388; x_wconf 90' lang='lat' dir='ltr'>tuos</span> <span class='ocrx_word' id='word_1_116' title='bbox 411 1358 592 1399; x_wconf 85' lang='lat' dir='ltr'>cognatos</span> <span class='ocrx_word' id='word_1_117' title='bbox 614 1360 655 1387; x_wconf 87' lang='lat' dir='ltr'>ac</span> <span class='ocrx_word' id='word_1_118' title='bbox 684 1349 785 1387; x_wconf 86' lang='lat' dir='ltr'>cives</span> <span class='ocrx_word' id='word_1_119' title='bbox 812 1347 1009 1387; x_wconf 87' lang='lat' dir='ltr'>defendere</span> <span class='ocrx_word' id='word_1_120' title='bbox 1042 1356 1244 1396; x_wconf 87' lang='lat' dir='ltr'>oportere,</span> <span class='ocrx_word' id='word_1_121' title='bbox 1270 1353 1411 1395; x_wconf 90' lang='lat' dir='ltr'>sponte</span> 
     </span>
     <span class='ocr_line' id='line_1_17' title="bbox 299 1420 492 1468; baseline -0.005 -10"><span class='ocrx_word' id='word_1_122' title='bbox 299 1420 492 1468; x_wconf 87' lang='lat' dir='ltr'>intelligis.</span> 
     </span>
    </p>

    <p class='ocr_par' dir='ltr' id='par_1_3' title="bbox 295 1484 1417 1958">
     <span class='ocr_line' id='line_1_18' title="bbox 347 1484 1412 1540; baseline -0.006 -11"><span class='ocrx_word' id='word_1_123' title='bbox 347 1491 455 1540; x_wconf 85' lang='lat' dir='ltr'>Quae</span> <span class='ocrx_word' id='word_1_124' title='bbox 488 1501 572 1527; x_wconf 90' lang='lat' dir='ltr'>cum</span> <span class='ocrx_word' id='word_1_125' title='bbox 595 1489 646 1527; x_wconf 79' lang='lat' dir='ltr'>ita</span> <span class='ocrx_word' id='word_1_126' title='bbox 671 1488 769 1536; x_wconf 86' lang='lat' dir='ltr'>sint,</span> <span class='ocrx_word' id='word_1_127' title='bbox 799 1487 909 1528; x_wconf 85' lang='lat' dir='ltr'>facile</span> <span class='ocrx_word' id='word_1_128' title='bbox 940 1486 1171 1525; x_wconf 87' lang='lat' dir='ltr'>efficiendum</span> <span class='ocrx_word' id='word_1_129' title='bbox 1206 1493 1289 1533; x_wconf 85' lang='lat' dir='ltr'>est,</span> <span class='ocrx_word' id='word_1_130' title='bbox 1318 1484 1412 1533; x_wconf 89' lang='lat' dir='ltr'>quid</span> 
     </span>
     <span class='ocr_line' id='line_1_19' title="bbox 297 1557 1416 1612; baseline -0.006 -13"><span class='ocrx_word' id='word_1_131' title='bbox 297 1561 336 1599; x_wconf 89' lang='lat' dir='ltr'>in</span> <span class='ocrx_word' id='word_1_132' title='bbox 351 1560 451 1599; x_wconf 87' lang='lat' dir='ltr'>bello</span> <span class='ocrx_word' id='word_1_133' title='bbox 470 1571 575 1609; x_wconf 86' lang='lat' dir='ltr'>agere</span> <span class='ocrx_word' id='word_1_134' title='bbox 598 1559 852 1612; x_wconf 82' lang='lat' dir='ltr'>Christianum</span> <span class='ocrx_word' id='word_1_135' title='bbox 876 1559 1003 1606; x_wconf 84' lang='lat' dir='ltr'>decet,</span> <span class='ocrx_word' id='word_1_136' title='bbox 1035 1568 1151 1605; x_wconf 89' lang='lat' dir='ltr'>quum</span> <span class='ocrx_word' id='word_1_137' title='bbox 1175 1557 1254 1606; x_wconf 85' lang='lat' dir='ltr'>ejus</span> <span class='ocrx_word' id='word_1_138' title='bbox 1275 1565 1416 1603; x_wconf 83' lang='lat' dir='ltr'>cogna-</span> 
     </span>
     <span class='ocr_line' id='line_1_20' title="bbox 296 1625 1414 1679; baseline -0.005 -11"><span class='ocrx_word' id='word_1_139' title='bbox 296 1631 355 1679; x_wconf 81' lang='lat' dir='ltr'>ti,</span> <span class='ocrx_word' id='word_1_140' title='bbox 383 1631 514 1678; x_wconf 76' lang='lat' dir='ltr'>amici,</span> <span class='ocrx_word' id='word_1_141' title='bbox 541 1630 641 1668; x_wconf 84' lang='lat' dir='ltr'>cives</span> <span class='ocrx_word' id='word_1_142' title='bbox 657 1658 670 1677; x_wconf 93' lang='lat'><strong>‚</strong></span> <span class='ocrx_word' id='word_1_143' title='bbox 696 1629 871 1667; x_wconf 85' lang='lat' dir='ltr'>hostibus</span> <span class='ocrx_word' id='word_1_144' title='bbox 895 1626 1190 1674; x_wconf 83' lang='lat' dir='ltr'>auctoribus‚in</span> <span class='ocrx_word' id='word_1_145' title='bbox 1212 1625 1309 1664; x_wconf 86' lang='lat' dir='ltr'>vitae</span> <span class='ocrx_word' id='word_1_146' title='bbox 1336 1625 1414 1663; x_wconf 88' lang='lat' dir='ltr'>sint</span> 
     </span>
     <span class='ocr_line' id='line_1_21' title="bbox 297 1697 1416 1751; baseline -0.006 -12"><span class='ocrx_word' id='word_1_147' title='bbox 297 1702 481 1751; x_wconf 77' lang='lat' dir='ltr'>periculo.</span> <span class='ocrx_word' id='word_1_148' title='bbox 511 1700 652 1739; x_wconf 90' lang='lat' dir='ltr'>Nullus</span> <span class='ocrx_word' id='word_1_149' title='bbox 667 1708 747 1737; x_wconf 86' lang='lat' dir='ltr'>tum</span> <span class='ocrx_word' id='word_1_150' title='bbox 769 1699 915 1737; x_wconf 87' lang='lat' dir='ltr'>dubitat</span> <span class='ocrx_word' id='word_1_151' title='bbox 929 1698 1046 1746; x_wconf 78' lang='lat' dir='ltr'>,quin</span> <span class='ocrx_word' id='word_1_152' title='bbox 1067 1697 1179 1735; x_wconf 84' lang='lat' dir='ltr'>vitam</span> <span class='ocrx_word' id='word_1_153' title='bbox 1189 1697 1324 1734; x_wconf 81' lang='lat' dir='ltr'>horum</span> <span class='ocrx_word' id='word_1_154' title='bbox 1339 1706 1416 1733; x_wconf 89' lang='lat' dir='ltr'>ma-</span> 
     </span>
     <span class='ocr_line' id='line_1_22' title="bbox 295 1767 1414 1822; baseline -0.005 -13"><span class='ocrx_word' id='word_1_155' title='bbox 295 1772 389 1822; x_wconf 83' lang='lat' dir='ltr'>joris</span> <span class='ocrx_word' id='word_1_156' title='bbox 411 1771 520 1809; x_wconf 82' lang='lat' dir='ltr'>faciat</span> <span class='ocrx_word' id='word_1_157' title='bbox 534 1799 546 1819; x_wconf 88' lang='lat'><strong><em>‚</em></strong></span> <span class='ocrx_word' id='word_1_158' title='bbox 563 1782 672 1819; x_wconf 85' lang='lat' dir='ltr'>quam</span> <span class='ocrx_word' id='word_1_159' title='bbox 688 1769 876 1817; x_wconf 84' lang='lat' dir='ltr'>hostium,</span> <span class='ocrx_word' id='word_1_160' title='bbox 890 1780 932 1806; x_wconf 85' lang='lat' dir='ltr'>ac</span> <span class='ocrx_word' id='word_1_161' title='bbox 953 1767 1067 1816; x_wconf 84' lang='lat' dir='ltr'>magis</span> <span class='ocrx_word' id='word_1_162' title='bbox 1089 1778 1180 1805; x_wconf 91' lang='lat' dir='ltr'>suos</span> <span class='ocrx_word' id='word_1_163' title='bbox 1201 1773 1414 1804; x_wconf 84' lang='lat' dir='ltr'>conservet.</span> 
     </span>
     <span class='ocr_line' id='line_1_23' title="bbox 301 1834 1417 1889; baseline -0.007 -9"><span class='ocrx_word' id='word_1_164' title='bbox 301 1843 432 1881; x_wconf 83' lang='lat' dir='ltr'>Talem</span> <span class='ocrx_word' id='word_1_165' title='bbox 463 1841 578 1889; x_wconf 84' lang='lat' dir='ltr'>igitur</span> <span class='ocrx_word' id='word_1_166' title='bbox 600 1852 708 1889; x_wconf 90' lang='lat' dir='ltr'>opem</span> <span class='ocrx_word' id='word_1_167' title='bbox 732 1839 927 1887; x_wconf 86' lang='lat' dir='ltr'>cognatis,</span> <span class='ocrx_word' id='word_1_168' title='bbox 956 1838 1108 1885; x_wconf 81' lang='lat' dir='ltr'>amicis,</span> <span class='ocrx_word' id='word_1_169' title='bbox 1134 1836 1282 1875; x_wconf 85' lang='lat' dir='ltr'>civibus</span> <span class='ocrx_word' id='word_1_170' title='bbox 1308 1834 1417 1873; x_wconf 87' lang='lat' dir='ltr'>affer-</span> 
     </span>
     <span class='ocr_line' id='line_1_24' title="bbox 300 1904 1416 1958; baseline -0.008 -8"><span class='ocrx_word' id='word_1_171' title='bbox 300 1923 340 1950; x_wconf 86' lang='lat' dir='ltr'>re</span> <span class='ocrx_word' id='word_1_172' title='bbox 372 1911 509 1957; x_wconf 77' lang='lat' dir='ltr'>debet,</span> <span class='ocrx_word' id='word_1_173' title='bbox 538 1911 638 1958; x_wconf 82' lang='lat' dir='ltr'>quali</span> <span class='ocrx_word' id='word_1_174' title='bbox 666 1921 730 1948; x_wconf 87' lang='lat' dir='ltr'>eos</span> <span class='ocrx_word' id='word_1_175' title='bbox 759 1920 884 1948; x_wconf 85' lang='lat' dir='ltr'>revera</span> <span class='ocrx_word' id='word_1_176' title='bbox 906 1906 1093 1946; x_wconf 85' lang='lat' dir='ltr'>defendat.</span> <span class='ocrx_word' id='word_1_177' title='bbox 1146 1906 1274 1957; x_wconf 86' lang='lat' dir='ltr'>Quum</span> <span class='ocrx_word' id='word_1_178' title='bbox 1300 1904 1416 1954; x_wconf 85' lang='lat' dir='ltr'>igitur</span> 
     </span>
    </p>

    <p class='ocr_par' dir='ltr' id='par_1_4' title="bbox 1329 1975 1420 2012">
     <span class='ocr_line' id='line_1_25' title="bbox 1329 1975 1420 2012; baseline -0.011 0"><span class='ocrx_word' id='word_1_179' title='bbox 1329 1975 1420 2012; x_wconf 91' lang='lat' dir='ltr'>hos·</span> 
     </span>
    </p>
   </div>
   <div class='ocr_carea' id='block_1_3' title="bbox 303 2113 1418 2377">
    <p class='ocr_par' dir='ltr' id='par_1_5' title="bbox 341 2113 679 2153">
     <span class='ocr_line' id='line_1_26' title="bbox 341 2113 679 2153; baseline -0.009 -7"><span class='ocrx_word' id='word_1_180' title='bbox 341 2113 392 2153; x_wconf 80' lang='grc' dir='ltr'>(ι)</span> <span class='ocrx_word' id='word_1_181' title='bbox 417 2125 428 2145; x_wconf 81' lang='lat'>1</span> <span class='ocrx_word' id='word_1_182' title='bbox 451 2115 524 2153; x_wconf 85' lang='lat' dir='ltr'>Joh.</span> <span class='ocrx_word' id='word_1_183' title='bbox 553 2114 607 2143; x_wconf 87' lang='lat'>111.</span> <span class='ocrx_word' id='word_1_184' title='bbox 633 2118 679 2144; x_wconf 73' lang='grc' dir='ltr'>ιε.</span> 
     </span>
    </p>

    <p class='ocr_par' dir='ltr' id='par_1_6' title="bbox 303 2165 1418 2265">
     <span class='ocr_line' id='line_1_27' title="bbox 342 2165 1418 2211; baseline -0.011 -9"><span class='ocrx_word' id='word_1_185' title='bbox 342 2173 394 2211; x_wconf 84' lang='lat'>(2)</span> <span class='ocrx_word' id='word_1_186' title='bbox 417 2180 430 2201; x_wconf 87' lang='lat'>1</span> <span class='ocrx_word' id='word_1_187' title='bbox 447 2176 522 2203; x_wconf 87' lang='lat' dir='ltr'>Cor.</span> <span class='ocrx_word' id='word_1_188' title='bbox 541 2172 628 2200; x_wconf 80' lang='lat' dir='ltr'>xm.</span> <span class='ocrx_word' id='word_1_189' title='bbox 647 2175 677 2201; x_wconf 89' lang='lat'>6.</span> <span class='ocrx_word' id='word_1_190' title='bbox 698 2171 809 2206; x_wconf 78' lang='lat' dir='ltr'>Ephes.</span> <span class='ocrx_word' id='word_1_191' title='bbox 825 2170 865 2198; x_wconf 91' lang='lat' dir='ltr'>V.</span> <span class='ocrx_word' id='word_1_192' title='bbox 886 2176 971 2204; x_wconf 87' lang='lat'>7-9.</span> <span class='ocrx_word' id='word_1_193' title='bbox 993 2177 1010 2196; x_wconf 81' lang='lat'>2</span> <span class='ocrx_word' id='word_1_194' title='bbox 1029 2166 1139 2194; x_wconf 88' lang='lat' dir='ltr'>Thess.</span> <span class='ocrx_word' id='word_1_195' title='bbox 1165 2165 1215 2192; x_wconf 85' lang='lat'>111.</span> <span class='ocrx_word' id='word_1_196' title='bbox 1239 2166 1276 2198; x_wconf 89' lang='lat'>6,</span> <span class='ocrx_word' id='word_1_197' title='bbox 1299 2170 1347 2197; x_wconf 78' lang='lat'>¹3-</span> <span class='ocrx_word' id='word_1_198' title='bbox 1373 2175 1418 2184; x_wconf 93' lang='lat'>—-</span> 
     </span>
     <span class='ocr_line' id='line_1_28' title="bbox 303 2228 957 2265; baseline -0.008 -6"><span class='ocrx_word' id='word_1_199' title='bbox 303 2230 526 2265; x_wconf 81' lang='lat' dir='ltr'>Reinhard,</span> <span class='ocrx_word' id='word_1_200' title='bbox 549 2229 669 2256; x_wconf 76' lang='lat' dir='ltr'><em>Moral.</em></span> <span class='ocrx_word' id='word_1_201' title='bbox 696 2228 748 2256; x_wconf 82' lang='lat'>111.</span> <span class='ocrx_word' id='word_1_202' title='bbox 776 2235 807 2261; x_wconf 92' lang='lat' dir='ltr'>p.</span> <span class='ocrx_word' id='word_1_203' title='bbox 831 2234 886 2260; x_wconf 81' lang='lat'>53,</span> <span class='ocrx_word' id='word_1_204' title='bbox 909 2233 957 2261; x_wconf 80' lang='lat'>93·</span> 
     </span>
    </p>

    <p class='ocr_par' dir='ltr' id='par_1_7' title="bbox 305 2276 1415 2377">
     <span class='ocr_line' id='line_1_29' title="bbox 338 2276 1415 2324; baseline -0.014 -7"><span class='ocrx_word' id='word_1_205' title='bbox 338 2287 394 2324; x_wconf 81' lang='lat'>(3)</span> <span class='ocrx_word' id='word_1_206' title='bbox 414 2297 430 2316; x_wconf 83' lang='lat'>2</span> <span class='ocrx_word' id='word_1_207' title='bbox 456 2286 538 2316; x_wconf 85' lang='lat' dir='ltr'>Tim.</span> <span class='ocrx_word' id='word_1_208' title='bbox 564 2286 620 2315; x_wconf 86' lang='lat'>111.</span> <span class='ocrx_word' id='word_1_209' title='bbox 646 2294 674 2320; x_wconf 83' lang='lat'>3·</span> <span class='ocrx_word' id='word_1_210' title='bbox 708 2286 754 2314; x_wconf 89' lang='lat' dir='ltr'>De</span> <span class='ocrx_word' id='word_1_211' title='bbox 783 2276 1009 2323; x_wconf 68' lang='grc' dir='ltr'>φιλάδελφιᾳε</span> <span class='ocrx_word' id='word_1_212' title='bbox 1029 2279 1114 2310; x_wconf 86' lang='lat' dir='ltr'>conf.</span> <span class='ocrx_word' id='word_1_213' title='bbox 1145 2278 1213 2308; x_wconf 81' lang='lat' dir='ltr'>Gal.</span> <span class='ocrx_word' id='word_1_214' title='bbox 1244 2276 1296 2306; x_wconf 82' lang='lat' dir='ltr'>vl.</span> <span class='ocrx_word' id='word_1_215' title='bbox 1326 2282 1373 2310; x_wconf 80' lang='lat'>13.</span> <span class='ocrx_word' id='word_1_216' title='bbox 1398 2283 1415 2303; x_wconf 78' lang='lat'>2</span> 
     </span>
     <span class='ocr_line' id='line_1_30' title="bbox 305 2344 481 2377; baseline -0.006 -4"><span class='ocrx_word' id='word_1_217' title='bbox 305 2345 383 2373; x_wconf 87' lang='lat' dir='ltr'>Petr.</span> <span class='ocrx_word' id='word_1_218' title='bbox 404 2344 430 2373; x_wconf 85' lang='lat'>1.</span> <span class='ocrx_word' id='word_1_219' title='bbox 452 2351 481 2377; x_wconf 81' lang='lat'>7.</span> 
     </span>
    </p>
   </div>
  </div>
 </body>
</html>
