1564 2750
124 241 222 274 sectio
231 239 283 271 ill.
294 236 321 279 ς.
333 248 363 275 3·

379 194 449 232 130
615 178 1282 222 CO'MMENTATIO

379 291 457 329 ciae
491 290 704 328 civitatibus
751 300 890 338 parem.
954 289 1094 327 Eadem
1127 291 1298 339 ratione,
1350 297 1501 330 auctore

380 360 542 408 Pericle,
569 371 652 408 erga
683 370 811 396 omnes
850 358 976 396 socios
1009 360 1069 396 usi
1097 368 1187 397 sunt
1222 360 1499 400 Athenienses:

382 423 653 476 Euboeeiises,
685 429 888 478 Aeginetae
911 439 988 466 non
1015 430 1127 467 semel
1159 430 1323 477 devicti,
1351 430 1504 469 obedire

383 499 502 537 coacti
527 507 636 537 sunt:
670 510 861 546 quumque
883 498 1019 536 bellum
1036 499 1393 547 Peloponnesiacum
1419 504 1504 538 er'u-

384 570 467 617 pit,
492 581 535 607 ex
548 568 754 614 insulanis,
783 567 850 615 qui
875 578 1002 606 omnes
1018 567 1164 614 fuerant
1175 570 1381 618 αὐτόνομοι,
1409 569 1504 607 nulli

383 647 514 687 postea
538 639 691 676 fuerunt
713 638 785 675 hoc
817 638 901 686 jure
931 646 1102 684 utentes,
1129 637 1201 675 nisi
1232 638 1322 676 Chii
1345 647 1382 676 et
1407 638 1506 676 Les.-

383 708 452 746 bii.
516 710 618 746 Inter
651 707 772 745 socias
818 718 906 744 vero
956 706 1154 754 civitates,
1205 707 1499 746 Atheniensibus

384 779 552 823 ὑπηκόους
568 805 581 824 ,
607 777 916 816 enumerabantur
937 777 976 814 in
991 775 1227 823 continente,
1257 776 1368 815 Caria
1385 804 1397 823 ‚
1425 778 1505 816 Do-

384 846 435 883 ris
452 874 465 893 ‚
493 846 662 895 regiones
685 846 730 884 ad
761 846 1049 894 Hellespontum
1074 855 1110 883 et
1141 845 1336 884 Thraciam
1368 857 1499 885 versus

384 916 501 965 sitae,
530 917 690 964 denique
718 927 846 954 omnes
874 916 1016 954 insulae
1045 915 1140 953 inter
1155 907 1445 964 Hellespontum
1460 923 1502 957 ,et

385 986 562 1034 Cretam,
590 994 732 1034 praeter
769 987 914 1024 Melum
951 992 987 1023 et
1019 985 1164 1023 Theras
1192 984 1279 1034 (1).

461 1056 535 1094 Sed
581 1067 803 1103 quamquam
853 1056 1009 1094 Pericles
1053 1055 1258 1093 insularum
1301 1054 1499 1103 imperium

382 1125 675 1163 Atheniensibus
710 1133 813 1163 tanto
854 1124 980 1163 studio
1020 1124 1255 1171 vindicabat,
1308 1132 1429 1162 tamen
1462 1131 1500 1162 et

381 1197 498 1243 ipsam
531 1195 722 1234 Graeciam
758 1205 835 1233 non
859 1195 1035 1244 neglexit.
1090 1194 1390 1232 Lacedaemoniis
1419 1204 1497 1232 non

383 1266 446 1303 diu
476 1265 615 1314 placuit
641 1266 686 1303 ad
705 1264 953 1302 Athenienses
978 1264 1170 1302 transiisse
1194 1263 1492 1312 Hegemoniam;

380 1343 418 1372 et
450 1335 537 1372 licet
573 1334 682 1372 initio
724 1334 983 1381 quiescerent,
1025 1335 1069 1370 ad
1118 1333 1286 1381 bellum,
1325 1333 1399 1372 nisi
1431 1343 1496 1371 ne·

377 1403 548 1441 cessitate
590 1411 773 1452 urgente,
824 1402 974 1440 minime
1013 1402 1218 1450 propensi,
1260 1402 1335 1441 cito
1372 1411 1495 1442 tamen

376 1474 731 1521 animadvertentes,
759 1484 869 1521 quam
896 1472 1028 1510 mirum
1051 1473 1090 1510 in
1118 1473 1269 1511 modum
1294 1472 1493 1513 adversarii

373 1543 511 1593 opibus
538 1553 575 1582 et
601 1543 821 1582 auctoritate
834 1551 1085 1589 rcrescerent,
1119 1542 1229 1580 'omni
1262 1553 1374 1592 opera
1405 1555 1494 1593 pro-

373 1614 499 1651 hibere
534 1614 657 1651 conati
683 1622 798 1660 sunt,
849 1613 1049 1661 quominus
1083 1612 1332 1652 Athenienses
1371 1614 1489 1652 totius

373 1684 547 1722 Graeciae
578 1684 773 1722 evaderent
797 1682 955 1722 domini.
1005 1681 1281 1720 Excitabantur
1307 1682 1490 1731 imprimis

371 1765 441 1801 eo,
471 1754 574 1801 quod
599 1753 773 1792 videbant
808 1753 949 1800 ubique
979 1752 1202 1800 reipublicae
1222 1751 1378 1790 formam
1407 1765 1492 1791 mu-

373 1824 465 1870 tari,
517 1831 555 1861 et
592 1823 826 1871 optimatium
870 1821 1081 1860 auctoritati
1116 1821 1300 1860 substitui
1335 1822 1492 1870 popula-

369 1904 444 1930 rem
485 1892 788 1933 dominationem.
842 1892 948 1930 Nihil
984 1891 1098 1940 igitur
1136 1893 1294 1938 mirum,
1330 1891 1364 1930 si
1391 1891 1488 1931 inter
1548 1901 1552 1923 1

369 1974 433 2000 eos
461 1970 497 1999 et
525 1962 696 2000 Periclem
722 1969 943 2009 perpetuum
980 1960 1103 1998 odium
1142 1967 1334 2008 exstaret3
1377 1961 1485 2010 cujus

369 2033 527 2080 vestigia
554 2032 592 2069 in
621 2031 823 2078 omnibus,
854 2041 947 2079 quae
974 2029 1048 2067 illis
1086 2028 1322 2077 temporibus
1349 2029 1490 2067 accide-
1546 2023 1560 2038 '

370 2111 485 2149 runt,
513 2101 613 2140 cerni
640 2109 816 2149 possunt.
859 2099 1062 2148 Expeditio
1087 2100 1262 2138 adversus
1283 2099 1454 2148 Delphos
1472 2126 1487 2146 ,
1544 2127 1557 2153 ᾖ,

370 2172 624 2220 plurimaeque
662 2170 698 2208 in
730 2171 1029 2218 Peloponnesum
1073 2169 1314 2218 invasiones,
1338 2167 1486 2210 Periclis

1446 2249 1485 2276 m

415 2326 467 2363 (ι)
487 2325 587 2355 Tune.
610 2325 646 2352 11.
666 2331 731 2359 cup.
754 2332 785 2359 9·
