<?xml version="1.0" encoding="UTF-8"?>
<!DOCTYPE html PUBLIC "-//W3C//DTD XHTML 1.0 Transitional//EN"
    "http://www.w3.org/TR/xhtml1/DTD/xhtml1-transitional.dtd">
<html xmlns="http://www.w3.org/1999/xhtml" xml:lang="en" lang="en">
 <head>
  <title>
</title>
<meta http-equiv="Content-Type" content="text/html;charset=utf-8" />
  <meta name='ocr-system' content='tesseract 3.04.00' />
  <meta name='ocr-capabilities' content='ocr_page ocr_carea ocr_par ocr_line ocrx_word'/>
</head>
<body>
  <div class='ocr_page' id='page_1' title='image "annalesacademiae33rhen_0295.png"; bbox 0 0 1502 2767; ppageno 0'>
   <div class='ocr_carea' id='block_1_1' title="bbox 375 131 1259 294">
    <p class='ocr_par' dir='ltr' id='par_1_1' title="bbox 375 131 1259 294">
     <span class='ocr_line' id='line_1_1' title="bbox 375 131 1259 182; baseline -0.02 0"><span class='ocrx_word' id='word_1_1' title='bbox 375 131 1022 182; x_wconf 75' lang='lat' dir='ltr'><strong>INTRODUCTIO.</strong></span> <span class='ocrx_word' id='word_1_2' title='bbox 1204 139 1259 169; x_wconf 67' lang='lat' dir='ltr'><strong>tz-</strong></span> 
     </span>
     <span class='ocr_line' id='line_1_2' title="bbox 645 248 762 294; baseline -0.009 -11"><span class='ocrx_word' id='word_1_3' title='bbox 645 248 682 294; x_wconf 82' lang='lat'><strong>§.</strong></span> <span class='ocrx_word' id='word_1_4' title='bbox 723 257 762 292; x_wconf 90' lang='lat'><strong>4.</strong></span> 
     </span>
    </p>
   </div>
   <div class='ocr_carea' id='block_1_2' title="bbox 243 375 1178 489">
    <p class='ocr_par' dir='ltr' id='par_1_2' title="bbox 243 375 1178 489">
     <span class='ocr_line' id='line_1_3' title="bbox 243 375 1178 435; baseline -0.014 -12"><span class='ocrx_word' id='word_1_5' title='bbox 243 384 472 435; x_wconf 78' lang='lat' dir='ltr'><strong>Quaestiom&#39;s</strong></span> <span class='ocrx_word' id='word_1_6' title='bbox 490 383 701 433; x_wconf 76' lang='lat' dir='ltr'><em>propositae</em></span> <span class='ocrx_word' id='word_1_7' title='bbox 727 387 941 417; x_wconf 76' lang='lat' dir='ltr'><em>momentum</em></span> <span class='ocrx_word' id='word_1_8' title='bbox 960 404 973 423; x_wconf 88' lang='lat'><strong>,</strong></span> <span class='ocrx_word' id='word_1_9' title='bbox 1004 375 1149 415; x_wconf 65' lang='lat' dir='ltr'><strong>utilitas</strong></span> <span class='ocrx_word' id='word_1_10' title='bbox 1166 402 1178 419; x_wconf 85' lang='lat'><strong>,</strong></span> 
     </span>
     <span class='ocr_line' id='line_1_4' title="bbox 619 452 799 489; baseline -0.017 0"><span class='ocrx_word' id='word_1_11' title='bbox 619 452 799 489; x_wconf 75' lang='lat' dir='ltr'><strong>suavitas.</strong></span> 
     </span>
    </p>
   </div>
   <div class='ocr_carea' id='block_1_3' title="bbox 158 585 1293 2302">
    <p class='ocr_par' dir='ltr' id='par_1_3' title="bbox 158 585 1285 1842">
     <span class='ocr_line' id='line_1_5' title="bbox 208 585 1264 650; baseline -0.017 -12"><span class='ocrx_word' id='word_1_12' title='bbox 208 600 336 650; x_wconf 87' lang='lat' dir='ltr'><strong>Quum</strong></span> <span class='ocrx_word' id='word_1_13' title='bbox 359 598 458 636; x_wconf 86' lang='lat' dir='ltr'><strong>haud</strong></span> <span class='ocrx_word' id='word_1_14' title='bbox 495 596 577 634; x_wconf 89' lang='lat' dir='ltr'><strong>sine</strong></span> <span class='ocrx_word' id='word_1_15' title='bbox 601 593 680 632; x_wconf 89' lang='lat' dir='ltr'><strong>veri</strong></span> <span class='ocrx_word' id='word_1_16' title='bbox 709 592 832 641; x_wconf 84' lang='lat' dir='ltr'><strong>specie</strong></span> <span class='ocrx_word' id='word_1_17' title='bbox 866 590 953 628; x_wconf 85' lang='lat' dir='ltr'><strong>olim</strong></span> <span class='ocrx_word' id='word_1_18' title='bbox 981 590 1106 638; x_wconf 88' lang='lat' dir='ltr'><strong>plures</strong></span> <span class='ocrx_word' id='word_1_19' title='bbox 1129 585 1264 622; x_wconf 86' lang='lat' dir='ltr'><strong>bellum</strong></span> 
     </span>
     <span class='ocr_line' id='line_1_6' title="bbox 158 654 1268 720; baseline -0.018 -11"><span class='ocrx_word' id='word_1_20' title='bbox 158 681 282 720; x_wconf 84' lang='lat' dir='ltr'>gerere</span> <span class='ocrx_word' id='word_1_21' title='bbox 304 667 519 708; x_wconf 79' lang='lat' dir='ltr'><strong>Christiano</strong></span> <span class='ocrx_word' id='word_1_22' title='bbox 544 663 683 703; x_wconf 89' lang='lat' dir='ltr'><strong>homini</strong></span> <span class='ocrx_word' id='word_1_23' title='bbox 699 663 796 700; x_wconf 86' lang='lat' dir='ltr'><strong>haud</strong></span> <span class='ocrx_word' id='word_1_24' title='bbox 819 660 961 699; x_wconf 88' lang='lat' dir='ltr'><strong>licitum</strong></span> <span class='ocrx_word' id='word_1_25' title='bbox 985 654 1146 706; x_wconf 82' lang='lat' dir='ltr'>professi</span> <span class='ocrx_word' id='word_1_26' title='bbox 1165 654 1240 690; x_wconf 86' lang='lat' dir='ltr'><strong>sint</strong></span> <span class='ocrx_word' id='word_1_27' title='bbox 1254 680 1268 699; x_wconf 91' lang='lat'><strong>,</strong></span> 
     </span>
     <span class='ocr_line' id='line_1_7' title="bbox 159 727 1271 784; baseline -0.018 -6"><span class='ocrx_word' id='word_1_28' title='bbox 159 748 196 778; x_wconf 92' lang='lat' dir='ltr'><strong>et</strong></span> <span class='ocrx_word' id='word_1_29' title='bbox 229 739 428 777; x_wconf 80' lang='lat' dir='ltr'><strong>etiamnum</strong></span> <span class='ocrx_word' id='word_1_30' title='bbox 459 735 533 784; x_wconf 90' lang='lat' dir='ltr'><strong>piis</strong></span> <span class='ocrx_word' id='word_1_31' title='bbox 569 731 793 772; x_wconf 85' lang='lat' dir='ltr'><strong>Christianis</strong></span> <span class='ocrx_word' id='word_1_32' title='bbox 811 757 825 777; x_wconf 93' lang='lat'><strong>,</strong></span> <span class='ocrx_word' id='word_1_33' title='bbox 853 729 918 767; x_wconf 89' lang='lat' dir='ltr'><strong>ubi</strong></span> <span class='ocrx_word' id='word_1_34' title='bbox 943 727 988 765; x_wconf 84' lang='lat' dir='ltr'><strong>ad</strong></span> <span class='ocrx_word' id='word_1_35' title='bbox 1015 737 1112 764; x_wconf 80' lang='lat' dir='ltr'><strong>arma</strong></span> <span class='ocrx_word' id='word_1_36' title='bbox 1135 732 1271 762; x_wconf 84' lang='lat' dir='ltr'><strong>vocau-</strong></span> 
     </span>
     <span class='ocr_line' id='line_1_8' title="bbox 161 798 1272 856; baseline -0.019 -7"><span class='ocrx_word' id='word_1_37' title='bbox 161 818 252 856; x_wconf 86' lang='lat' dir='ltr'><strong>tur,</strong></span> <span class='ocrx_word' id='word_1_38' title='bbox 291 808 491 856; x_wconf 88' lang='lat' dir='ltr'><strong>scrupulus</strong></span> <span class='ocrx_word' id='word_1_39' title='bbox 536 803 757 854; x_wconf 81' lang='lat' dir='ltr'><strong>injiciatur3</strong></span> <span class='ocrx_word' id='word_1_40' title='bbox 812 798 1011 847; x_wconf 87' lang='lat' dir='ltr'>quaestio:</span> <span class='ocrx_word' id='word_1_41' title='bbox 1057 803 1185 833; x_wconf 77' lang='lat' dir='ltr'><strong>utrum</strong></span> <span class='ocrx_word' id='word_1_42' title='bbox 1226 804 1272 829; x_wconf 72' lang='lat' dir='ltr'><strong>ex</strong></span> 
     </span>
     <span class='ocr_line' id='line_1_9' title="bbox 162 863 1270 917; baseline -0.017 -1"><span class='ocrx_word' id='word_1_43' title='bbox 162 878 313 916; x_wconf 76' lang='lat' dir='ltr'><strong>Echices</strong></span> <span class='ocrx_word' id='word_1_44' title='bbox 337 876 429 915; x_wconf 75' lang='lat' dir='ltr'><strong>Chr.</strong></span> <span class='ocrx_word' id='word_1_45' title='bbox 464 874 635 912; x_wconf 76' lang='lat' dir='ltr'><strong>doctrina</strong></span> <span class='ocrx_word' id='word_1_46' title='bbox 649 869 822 917; x_wconf 77' lang='lat' dir='ltr'><strong>Principi</strong></span> <span class='ocrx_word' id='word_1_47' title='bbox 844 876 878 905; x_wconf 75' lang='lat' dir='ltr'><strong>et</strong></span> <span class='ocrx_word' id='word_1_48' title='bbox 899 866 1036 904; x_wconf 80' lang='lat' dir='ltr'><strong>homini</strong></span> <span class='ocrx_word' id='word_1_49' title='bbox 1059 863 1270 902; x_wconf 73' lang='lat' dir='ltr'><strong>Christiano</strong></span> 
     </span>
     <span class='ocr_line' id='line_1_10' title="bbox 162 929 1269 990; baseline -0.02 -2"><span class='ocrx_word' id='word_1_50' title='bbox 162 949 299 987; x_wconf 74' lang='lat' dir='ltr'><strong>bellare</strong></span> <span class='ocrx_word' id='word_1_51' title='bbox 314 948 458 985; x_wconf 82' lang='lat' dir='ltr'><strong>licitum</strong></span> <span class='ocrx_word' id='word_1_52' title='bbox 475 946 521 982; x_wconf 74' lang='lat' dir='ltr'><strong>sit</strong></span> <span class='ocrx_word' id='word_1_53' title='bbox 538 971 552 990; x_wconf 86' lang='lat'><strong>,</strong></span> <span class='ocrx_word' id='word_1_54' title='bbox 581 953 632 979; x_wconf 78' lang='lat' dir='ltr'><strong>an</strong></span> <span class='ocrx_word' id='word_1_55' title='bbox 652 941 773 977; x_wconf 78' lang='lat' dir='ltr'><strong>minus</strong></span> <span class='ocrx_word' id='word_1_56' title='bbox 786 966 800 985; x_wconf 89' lang='lat'><strong>,</strong></span> <span class='ocrx_word' id='word_1_57' title='bbox 815 935 953 973; x_wconf 88' lang='lat' dir='ltr'><strong>nemini</strong></span> <span class='ocrx_word' id='word_1_58' title='bbox 977 945 1054 971; x_wconf 89' lang='lat' dir='ltr'><strong>non</strong></span> <span class='ocrx_word' id='word_1_59' title='bbox 1069 961 1081 979; x_wconf 88' lang='lat'><strong>,</strong></span> <span class='ocrx_word' id='word_1_60' title='bbox 1099 943 1144 970; x_wconf 87' lang='lat' dir='ltr'><strong>ex</strong></span> <span class='ocrx_word' id='word_1_61' title='bbox 1159 929 1269 969; x_wconf 86' lang='lat' dir='ltr'><strong>Ethi-</strong></span> 
     </span>
     <span class='ocr_line' id='line_1_11' title="bbox 164 998 1274 1061; baseline -0.021 -3"><span class='ocrx_word' id='word_1_62' title='bbox 164 1030 226 1058; x_wconf 82' lang='lat' dir='ltr'><strong>ces</strong></span> <span class='ocrx_word' id='word_1_63' title='bbox 262 1016 496 1057; x_wconf 84' lang='lat' dir='ltr'>Christianae</span> <span class='ocrx_word' id='word_1_64' title='bbox 529 1010 732 1061; x_wconf 82' lang='lat' dir='ltr'><strong>praeceptis</strong></span> <span class='ocrx_word' id='word_1_65' title='bbox 772 1018 877 1057; x_wconf 87' lang='lat' dir='ltr'><strong>agere</strong></span> <span class='ocrx_word' id='word_1_66' title='bbox 919 1003 1112 1053; x_wconf 80' lang='lat' dir='ltr'><strong>cupienti,</strong></span> <span class='ocrx_word' id='word_1_67' title='bbox 1151 998 1274 1048; x_wconf 85' lang='lat' dir='ltr'><strong>magni</strong></span> 
     </span>
     <span class='ocr_line' id='line_1_12' title="bbox 164 1072 1276 1133; baseline -0.018 -7"><span class='ocrx_word' id='word_1_68' title='bbox 164 1086 368 1133; x_wconf 82' lang='lat' dir='ltr'><strong>momenti,</strong></span> <span class='ocrx_word' id='word_1_69' title='bbox 395 1083 534 1122; x_wconf 86' lang='lat' dir='ltr'><strong>nostris</strong></span> <span class='ocrx_word' id='word_1_70' title='bbox 570 1081 725 1119; x_wconf 82' lang='lat' dir='ltr'><strong>maxime</strong></span> <span class='ocrx_word' id='word_1_71' title='bbox 767 1076 1029 1125; x_wconf 83' lang='lat' dir='ltr'><strong>temporibus,</strong></span> <span class='ocrx_word' id='word_1_72' title='bbox 1061 1072 1179 1111; x_wconf 86' lang='lat' dir='ltr'><strong>videri</strong></span> <span class='ocrx_word' id='word_1_73' title='bbox 1207 1080 1276 1118; x_wconf 86' lang='lat' dir='ltr'><strong>po-</strong></span> 
     </span>
     <span class='ocr_line' id='line_1_13' title="bbox 164 1139 1273 1203; baseline -0.019 -7"><span class='ocrx_word' id='word_1_74' title='bbox 164 1166 253 1198; x_wconf 89' lang='lat' dir='ltr'><strong>test.</strong></span> <span class='ocrx_word' id='word_1_75' title='bbox 271 1180 322 1189; x_wconf 94' lang='lat'>—</span> <span class='ocrx_word' id='word_1_76' title='bbox 336 1156 473 1203; x_wconf 91' lang='lat' dir='ltr'><strong>Neque</strong></span> <span class='ocrx_word' id='word_1_77' title='bbox 484 1164 571 1191; x_wconf 88' lang='lat' dir='ltr'><strong>vero</strong></span> <span class='ocrx_word' id='word_1_78' title='bbox 583 1150 739 1190; x_wconf 88' lang='lat' dir='ltr'><strong>minoris</strong></span> <span class='ocrx_word' id='word_1_79' title='bbox 753 1146 931 1186; x_wconf 86' lang='lat' dir='ltr'><strong>momenti</strong></span> <span class='ocrx_word' id='word_1_80' title='bbox 951 1152 1006 1182; x_wconf 91' lang='lat' dir='ltr'><strong>est</strong></span> <span class='ocrx_word' id='word_1_81' title='bbox 1029 1139 1245 1189; x_wconf 84' lang='lat' dir='ltr'><strong>disquisitio</strong></span> <span class='ocrx_word' id='word_1_82' title='bbox 1259 1167 1273 1186; x_wconf 91' lang='lat'><strong>,</strong></span> 
     </span>
     <span class='ocr_line' id='line_1_14' title="bbox 170 1212 1281 1277; baseline -0.019 -10"><span class='ocrx_word' id='word_1_83' title='bbox 170 1231 244 1277; x_wconf 72' lang='lat' dir='ltr'><strong>qua</strong></span> <span class='ocrx_word' id='word_1_84' title='bbox 269 1226 530 1274; x_wconf 86' lang='lat' dir='ltr'><strong>inquirendum</strong></span> <span class='ocrx_word' id='word_1_85' title='bbox 563 1230 620 1261; x_wconf 90' lang='lat' dir='ltr'><strong>est</strong></span> <span class='ocrx_word' id='word_1_86' title='bbox 640 1248 654 1268; x_wconf 84' lang='lat'>‚</span> <span class='ocrx_word' id='word_1_87' title='bbox 681 1228 862 1270; x_wconf 79' lang='lat' dir='ltr'><strong>quatenus</strong></span> <span class='ocrx_word' id='word_1_88' title='bbox 894 1215 1080 1265; x_wconf 78' lang='lat' dir='ltr'><strong>religionis</strong></span> <span class='ocrx_word' id='word_1_89' title='bbox 1095 1212 1281 1250; x_wconf 79' lang='lat' dir='ltr'><strong>Christia-</strong></span> 
     </span>
     <span class='ocr_line' id='line_1_15' title="bbox 168 1283 1275 1337; baseline -0.018 0"><span class='ocrx_word' id='word_1_90' title='bbox 168 1311 237 1337; x_wconf 79' lang='lat' dir='ltr'><strong>nae</strong></span> <span class='ocrx_word' id='word_1_91' title='bbox 272 1296 443 1336; x_wconf 82' lang='lat' dir='ltr'><strong>doctrina</strong></span> <span class='ocrx_word' id='word_1_92' title='bbox 474 1295 658 1332; x_wconf 79' lang='lat' dir='ltr'><strong>hominum</strong></span> <span class='ocrx_word' id='word_1_93' title='bbox 688 1289 731 1327; x_wconf 77' lang='lat' dir='ltr'><strong>de</strong></span> <span class='ocrx_word' id='word_1_94' title='bbox 765 1288 854 1326; x_wconf 80' lang='lat' dir='ltr'><strong>bello</strong></span> <span class='ocrx_word' id='word_1_95' title='bbox 884 1283 1051 1336; x_wconf 79' lang='lat' dir='ltr'><strong>gerundo</strong></span> <span class='ocrx_word' id='word_1_96' title='bbox 1079 1283 1275 1322; x_wconf 74' lang='lat' dir='ltr'><strong>sententias</strong></span> 
     </span>
     <span class='ocr_line' id='line_1_16' title="bbox 171 1351 1277 1412; baseline -0.017 -5"><span class='ocrx_word' id='word_1_97' title='bbox 171 1367 433 1407; x_wconf 72' lang='lat' dir='ltr'><strong>amandaverit.</strong></span> <span class='ocrx_word' id='word_1_98' title='bbox 461 1385 515 1394; x_wconf 93' lang='lat'><strong>—-</strong></span> <span class='ocrx_word' id='word_1_99' title='bbox 550 1362 791 1412; x_wconf 83' lang='lat' dir='ltr'><strong>Quapropter</strong></span> <span class='ocrx_word' id='word_1_100' title='bbox 827 1369 941 1405; x_wconf 85' lang='lat' dir='ltr'><strong>quum</strong></span> <span class='ocrx_word' id='word_1_101' title='bbox 976 1368 996 1393; x_wconf 90' lang='lat' dir='ltr'><strong>a</strong></span> <span class='ocrx_word' id='word_1_102' title='bbox 1024 1351 1277 1392; x_wconf 87' lang='lat' dir='ltr'><strong>Nobilissimo</strong></span> 
     </span>
     <span class='ocr_line' id='line_1_17' title="bbox 169 1426 1280 1478; baseline -0.019 -1"><span class='ocrx_word' id='word_1_103' title='bbox 169 1438 208 1477; x_wconf 93' lang='lat' dir='ltr'><strong>in</strong></span> <span class='ocrx_word' id='word_1_104' title='bbox 245 1435 442 1476; x_wconf 82' lang='lat' dir='ltr'><strong>Academia</strong></span> <span class='ocrx_word' id='word_1_105' title='bbox 481 1428 877 1478; x_wconf 82' lang='lat' dir='ltr'><strong>Rheno-Trajectina</strong></span> <span class='ocrx_word' id='word_1_106' title='bbox 900 1426 1183 1473; x_wconf 83' lang='lat' dir='ltr'><strong>Theologorum</strong></span> <span class='ocrx_word' id='word_1_107' title='bbox 1217 1431 1280 1457; x_wconf 85' lang='lat' dir='ltr'><strong>or-</strong></span> 
     </span>
     <span class='ocr_line' id='line_1_18' title="bbox 169 1490 1279 1552; baseline -0.018 -5"><span class='ocrx_word' id='word_1_108' title='bbox 169 1508 254 1547; x_wconf 86' lang='lat' dir='ltr'><strong>dine</strong></span> <span class='ocrx_word' id='word_1_109' title='bbox 290 1510 334 1545; x_wconf 92' lang='lat' dir='ltr'><strong>de</strong></span> <span class='ocrx_word' id='word_1_110' title='bbox 370 1514 531 1552; x_wconf 85' lang='lat' dir='ltr'><strong>utroque</strong></span> <span class='ocrx_word' id='word_1_111' title='bbox 565 1509 782 1551; x_wconf 85' lang='lat' dir='ltr'><strong>argumento</strong></span> <span class='ocrx_word' id='word_1_112' title='bbox 831 1495 1084 1545; x_wconf 86' lang='lat' dir='ltr'><strong>quaestionem</strong></span> <span class='ocrx_word' id='word_1_113' title='bbox 1120 1490 1279 1540; x_wconf 82' lang='lat' dir='ltr'><strong>positam</strong></span> 
     </span>
     <span class='ocr_line' id='line_1_19' title="bbox 173 1562 1280 1624; baseline -0.018 -7"><span class='ocrx_word' id='word_1_114' title='bbox 173 1578 348 1618; x_wconf 89' lang='lat' dir='ltr'><strong>vidissem</strong></span> <span class='ocrx_word' id='word_1_115' title='bbox 372 1604 386 1624; x_wconf 83' lang='lat'><strong>,</strong></span> <span class='ocrx_word' id='word_1_116' title='bbox 421 1572 672 1623; x_wconf 84' lang='lat' dir='ltr'><strong>respondendi</strong></span> <span class='ocrx_word' id='word_1_117' title='bbox 717 1569 919 1618; x_wconf 87' lang='lat' dir='ltr'><strong>periculum</strong></span> <span class='ocrx_word' id='word_1_118' title='bbox 956 1564 1075 1602; x_wconf 85' lang='lat' dir='ltr'><strong>facere</strong></span> <span class='ocrx_word' id='word_1_119' title='bbox 1110 1562 1280 1607; x_wconf 81' lang='lat' dir='ltr'><strong>decrevi,</strong></span> 
     </span>
     <span class='ocr_line' id='line_1_20' title="bbox 175 1631 1285 1696; baseline -0.019 -8"><span class='ocrx_word' id='word_1_120' title='bbox 175 1658 212 1688; x_wconf 93' lang='lat' dir='ltr'><strong>et</strong></span> <span class='ocrx_word' id='word_1_121' title='bbox 250 1659 343 1696; x_wconf 88' lang='lat' dir='ltr'><strong>quae</strong></span> <span class='ocrx_word' id='word_1_122' title='bbox 371 1645 482 1684; x_wconf 90' lang='lat' dir='ltr'><strong>nobis</strong></span> <span class='ocrx_word' id='word_1_123' title='bbox 528 1644 573 1681; x_wconf 92' lang='lat' dir='ltr'><strong>de</strong></span> <span class='ocrx_word' id='word_1_124' title='bbox 622 1650 784 1688; x_wconf 87' lang='lat' dir='ltr'><strong>utroque</strong></span> <span class='ocrx_word' id='word_1_125' title='bbox 820 1644 1035 1686; x_wconf 87' lang='lat' dir='ltr'><strong>argumento</strong></span> <span class='ocrx_word' id='word_1_126' title='bbox 1070 1631 1285 1680; x_wconf 78' lang='lat' dir='ltr'><strong>exponenda</strong></span> 
     </span>
     <span class='ocr_line' id='line_1_21' title="bbox 174 1702 1280 1765; baseline -0.019 -7"><span class='ocrx_word' id='word_1_127' title='bbox 174 1719 412 1764; x_wconf 82' lang='lat' dir='ltr'><strong>viderentur,</strong></span> <span class='ocrx_word' id='word_1_128' title='bbox 452 1717 555 1765; x_wconf 71' lang='lat' dir='ltr'><strong>iusto</strong></span> <span class='ocrx_word' id='word_1_129' title='bbox 597 1722 633 1750; x_wconf 86' lang='lat' dir='ltr'><strong>et</strong></span> <span class='ocrx_word' id='word_1_130' title='bbox 662 1721 783 1759; x_wconf 84' lang='lat' dir='ltr'><strong>aequo</strong></span> <span class='ocrx_word' id='word_1_131' title='bbox 806 1706 1092 1746; x_wconf 83' lang='lat' dir='ltr'><strong>clarissimorum</strong></span> <span class='ocrx_word' id='word_1_132' title='bbox 1114 1702 1280 1752; x_wconf 80' lang='lat' dir='ltr'><strong>judicum</strong></span> 
     </span>
     <span class='ocr_line' id='line_1_22' title="bbox 173 1786 588 1842; baseline -0.019 -13"><span class='ocrx_word' id='word_1_133' title='bbox 173 1790 315 1842; x_wconf 79' lang='lat' dir='ltr'><strong>judicio</strong></span> <span class='ocrx_word' id='word_1_134' title='bbox 354 1786 588 1826; x_wconf 81' lang='lat' dir='ltr'><strong>submittere.</strong></span> 
     </span>
    </p>

    <p class='ocr_par' dir='ltr' id='par_1_4' title="bbox 176 1848 1293 2254">
     <span class='ocr_line' id='line_1_23' title="bbox 225 1848 1287 1911; baseline -0.02 -13"><span class='ocrx_word' id='word_1_135' title='bbox 225 1859 328 1911; x_wconf 88' lang='lat' dir='ltr'><strong>Quid</strong></span> <span class='ocrx_word' id='word_1_136' title='bbox 351 1858 445 1896; x_wconf 87' lang='lat' dir='ltr'><strong>enim</strong></span> <span class='ocrx_word' id='word_1_137' title='bbox 473 1865 556 1903; x_wconf 85' lang='lat' dir='ltr'><strong>est,</strong></span> <span class='ocrx_word' id='word_1_138' title='bbox 597 1849 699 1903; x_wconf 82' lang='lat' dir='ltr'><strong>quod</strong></span> <span class='ocrx_word' id='word_1_139' title='bbox 731 1850 866 1889; x_wconf 87' lang='lat' dir='ltr'><strong>dubius</strong></span> <span class='ocrx_word' id='word_1_140' title='bbox 911 1848 1122 1891; x_wconf 84' lang='lat' dir='ltr'><strong>haererem,</strong></span> <span class='ocrx_word' id='word_1_141' title='bbox 1177 1851 1287 1889; x_wconf 53' lang='lat' dir='ltr'><strong>quae-⁴</strong></span> 
     </span>
     <span class='ocr_line' id='line_1_24' title="bbox 178 1911 1293 1971; baseline -0.021 -1"><span class='ocrx_word' id='word_1_142' title='bbox 178 1932 299 1971; x_wconf 87' lang='lat' dir='ltr'><strong>stione</strong></span> <span class='ocrx_word' id='word_1_143' title='bbox 318 1940 383 1966; x_wconf 86' lang='lat' dir='ltr'><strong>sua</strong></span> <span class='ocrx_word' id='word_1_144' title='bbox 413 1938 493 1965; x_wconf 88' lang='lat' dir='ltr'><strong>sese</strong></span> <span class='ocrx_word' id='word_1_145' title='bbox 517 1924 675 1963; x_wconf 84' lang='lat' dir='ltr'><strong>utilitate</strong></span> <span class='ocrx_word' id='word_1_146' title='bbox 703 1930 739 1960; x_wconf 88' lang='lat' dir='ltr'><strong>et</strong></span> <span class='ocrx_word' id='word_1_147' title='bbox 766 1918 947 1959; x_wconf 86' lang='lat' dir='ltr'><strong>suavitate</strong></span> <span class='ocrx_word' id='word_1_148' title='bbox 972 1923 1193 1963; x_wconf 84' lang='lat' dir='ltr'><strong>magnopere</strong></span> <span class='ocrx_word' id='word_1_149' title='bbox 1226 1911 1293 1949; x_wconf 87' lang='lat' dir='ltr'><strong>mi-</strong></span> 
     </span>
     <span class='ocr_line' id='line_1_25' title="bbox 176 1986 1286 2040; baseline -0.021 0"><span class='ocrx_word' id='word_1_150' title='bbox 176 2001 218 2040; x_wconf 88' lang='lat' dir='ltr'><strong>hi</strong></span> <span class='ocrx_word' id='word_1_151' title='bbox 265 1998 540 2038; x_wconf 85' lang='lat' dir='ltr'><strong>commendante</strong></span> <span class='ocrx_word' id='word_1_152' title='bbox 597 2003 633 2031; x_wconf 87' lang='lat' dir='ltr'><strong>et</strong></span> <span class='ocrx_word' id='word_1_153' title='bbox 682 1992 726 2031; x_wconf 84' lang='lat' dir='ltr'><strong>ad</strong></span> <span class='ocrx_word' id='word_1_154' title='bbox 764 1986 1062 2038; x_wconf 88' lang='lat' dir='ltr'><strong>respondendum</strong></span> <span class='ocrx_word' id='word_1_155' title='bbox 1098 1995 1155 2021; x_wconf 89' lang='lat' dir='ltr'><strong>me</strong></span> <span class='ocrx_word' id='word_1_156' title='bbox 1196 1993 1286 2029; x_wconf 85' lang='lat' dir='ltr'><strong>qua·</strong></span> 
     </span>
     <span class='ocr_line' id='line_1_26' title="bbox 180 2052 1283 2109; baseline -0.018 0"><span class='ocrx_word' id='word_1_157' title='bbox 180 2071 214 2109; x_wconf 91' lang='lat' dir='ltr'><strong>si</strong></span> <span class='ocrx_word' id='word_1_158' title='bbox 269 2067 482 2108; x_wconf 73' lang='lat' dir='ltr'><strong>alliciente?</strong></span> <span class='ocrx_word' id='word_1_159' title='bbox 548 2065 658 2103; x_wconf 86' lang='lat' dir='ltr'><strong>Anne</strong></span> <span class='ocrx_word' id='word_1_160' title='bbox 709 2062 838 2100; x_wconf 85' lang='lat' dir='ltr'><strong>futuro</strong></span> <span class='ocrx_word' id='word_1_161' title='bbox 876 2056 1021 2096; x_wconf 86' lang='lat' dir='ltr'><strong>doctori</strong></span> <span class='ocrx_word' id='word_1_162' title='bbox 1067 2052 1283 2095; x_wconf 88' lang='lat' dir='ltr'><strong>Christiano</strong></span> 
     </span>
     <span class='ocr_line' id='line_1_27' title="bbox 182 2123 1287 2188; baseline -0.016 -10"><span class='ocrx_word' id='word_1_163' title='bbox 182 2140 312 2179; x_wconf 88' lang='lat' dir='ltr'><strong>utilius</strong></span> <span class='ocrx_word' id='word_1_164' title='bbox 334 2139 425 2188; x_wconf 89' lang='lat' dir='ltr'><strong>quid</strong></span> <span class='ocrx_word' id='word_1_165' title='bbox 448 2135 603 2185; x_wconf 82' lang='lat' dir='ltr'><strong>cogitari</strong></span> <span class='ocrx_word' id='word_1_166' title='bbox 633 2132 755 2184; x_wconf 90' lang='lat' dir='ltr'><strong>possit</strong></span> <span class='ocrx_word' id='word_1_167' title='bbox 772 2160 786 2179; x_wconf 93' lang='lat'><strong>,</strong></span> <span class='ocrx_word' id='word_1_168' title='bbox 815 2142 925 2179; x_wconf 88' lang='lat' dir='ltr'><strong>quam</strong></span> <span class='ocrx_word' id='word_1_169' title='bbox 953 2127 1081 2166; x_wconf 86' lang='lat' dir='ltr'><strong>intime</strong></span> <span class='ocrx_word' id='word_1_170' title='bbox 1114 2125 1152 2162; x_wconf 88' lang='lat' dir='ltr'><strong>in</strong></span> <span class='ocrx_word' id='word_1_171' title='bbox 1177 2123 1287 2163; x_wconf 84' lang='lat' dir='ltr'><strong>Ethi-</strong></span> 
     </span>
     <span class='ocr_line' id='line_1_28' title="bbox 184 2196 1284 2254; baseline -0.015 -6"><span class='ocrx_word' id='word_1_172' title='bbox 184 2222 243 2254; x_wconf 82' lang='lat' dir='ltr'><strong>ces</strong></span> <span class='ocrx_word' id='word_1_173' title='bbox 296 2209 390 2249; x_wconf 84' lang='lat' dir='ltr'><strong>Chr.</strong></span> <span class='ocrx_word' id='word_1_174' title='bbox 433 2207 593 2247; x_wconf 87' lang='lat' dir='ltr'><strong>indolem</strong></span> <span class='ocrx_word' id='word_1_175' title='bbox 635 2211 825 2253; x_wconf 84' lang='lat' dir='ltr'><strong>penetrare</strong></span> <span class='ocrx_word' id='word_1_176' title='bbox 855 2202 874 2239; x_wconf 70' lang='lat'><strong><em>2</em></strong></span> <span class='ocrx_word' id='word_1_177' title='bbox 927 2199 1000 2238; x_wconf 77' lang='lat' dir='ltr'><strong>Est</strong></span> <span class='ocrx_word' id='word_1_178' title='bbox 1037 2196 1131 2235; x_wconf 88' lang='lat' dir='ltr'><strong>enim</strong></span> <span class='ocrx_word' id='word_1_179' title='bbox 1168 2196 1284 2233; x_wconf 87' lang='lat' dir='ltr'><strong>hocce</strong></span> 
     </span>
    </p>

    <p class='ocr_par' dir='ltr' id='par_1_5' title="bbox 1251 2274 1293 2302">
     <span class='ocr_line' id='line_1_29' title="bbox 1251 2274 1293 2302; baseline 0.024 -1"><span class='ocrx_word' id='word_1_180' title='bbox 1251 2274 1293 2302; x_wconf 81' lang='lat' dir='ltr'><strong>nt</strong></span> 
     </span>
    </p>
   </div>
  </div>
 </body>
</html>
