1507 2876
530 231 922 286 ORATIO.
1262 239 1293 284 5

221 356 301 414 Est
336 357 532 416 profecto
574 360 690 416 quod
727 361 956 416 laetemur,
1002 364 1164 410 sa3vum
1200 380 1291 412 esse

142 433 511 492 ,Angustissimum
543 435 726 494 Regem,
767 439 1027 484 salvos-esse
1056 442 1290 500 Amplissi-

163 525 256 555 mos
297 511 549 556 Academiae
589 513 837 568 Curatores,
869 530 1096 574 eorumque
1132 520 1284 578 auspi-

163 586 239 631 ciis
267 586 376 631 hanc
400 596 588 633 nostram
609 590 824 635 Musarum
849 592 1013 647 sedem,
1045 594 1129 638 hoc
1157 597 1282 641 etiam

159 676 300 717 anno,
331 664 437 708 laete
471 666 660 710 floruisse
691 675 731 711 et
762 668 921 712 Civium
949 684 1122 715 numero
1154 673 1281 718 fuisse

159 745 338 785 auctam.
398 741 622 787 Laetamur
655 757 751 797 vos,
795 745 884 788 Viri
921 746 1171 792 Clarissimi!
1215 751 1279 795 vel

157 823 304 875 optata
346 825 587 864 constanter
624 835 724 864 usos
766 836 880 875 esse,
926 824 989 867 vel
1026 819 1276 883 recuperata

157 892 242 937 frui
271 894 462 941 sanitate.
522 896 724 940 Dolemus
761 912 861 941 vero
879 930 891 950 ,
920 900 1142 944 nonnullos
1172 901 1276 946 Col-

157 969 368 1028 legarum,
427 970 656 1016 infirmiore
715 973 947 1018 valetudine
1010 976 1273 1031 etiamnunc,

155 1059 242 1102 quo
272 1046 410 1090 minus
443 1046 541 1091 huic
576 1048 816 1091 solennitati
843 1049 1059 1105 intersint,
1090 1052 1275 1110 impedi-

153 1121 219 1178 τίς
249 1130 467 1181 sperantes
502 1125 621 1179 fore,
663 1131 708 1168 ut
753 1133 792 1170 et
832 1126 890 1169 illi
940 1128 1108 1171 sanitati
1145 1130 1272 1174 resti-

152 1204 325 1253 tuantur
354 1200 626 1260 propediem,
658 1208 698 1245 et
728 1216 803 1246 vos
846 1203 1013 1257 cuncti,
1044 1205 1134 1249 Viri
1161 1207 1269 1249 Am-

151 1275 327 1334 plissimi
375 1284 416 1321 et
463 1277 719 1322 Clarissimi!
798 1279 870 1323 diu
915 1281 1054 1325 felices
1095 1281 1239 1327 vivatis
1257 1317 1269 1336 ‚

151 1346 332 1412 corpore
366 1361 406 1398 et
439 1354 580 1398 animo
611 1354 819 1413 vigentes,
857 1370 951 1401 cum
986 1358 1152 1403 Patriae
1179 1366 1268 1403 tum

150 1429 403 1474 Academiae
431 1431 655 1489 profuturi.

158 1528 177 1565 j
207 1507 248 1552 Ο
277 1507 436 1552 utinam
473 1523 521 1553 ex
558 1515 657 1552 voto
696 1510 953 1563 evenissent,
1001 1527 1131 1568 quae,
1182 1513 1266 1556 hoc

145 1582 243 1643 ipso
283 1584 572 1643 praecedentis
605 1585 705 1628 anni
747 1586 813 1630 die
849 1587 1000 1637 natali,
1046 1581 1147 1632 mihi
1181 1604 1265 1649 op-

144 1666 233 1704 tata
259 1661 445 1705 fuerunt:
483 1670 534 1703 ut
563 1663 846 1705 Academiae
875 1671 1110 1708 commoda
1145 1671 1263 1710 cele-

144 1738 309 1792 brans,
339 1741 514 1781 nullius
545 1748 735 1781 mortem
760 1743 1092 1795 deplorandam
1122 1746 1263 1786 habe-⁷·

142 1820 271 1858 rem!
311 1814 469 1858 utinam
511 1823 692 1859 vestram
734 1830 933 1859 coronam
974 1819 1260 1875 perlustrans,

142 1889 410 1934 Ornatissimi
431 1891 638 1935 Juvenes!
683 1893 890 1936 neminem
927 1901 1109 1939 vestrum
1144 1897 1261 1942 desi-

139 1966 356 2023 derarem3
429 1968 588 2012 utinam
636 1969 835 2015 omnibus
868 1978 1045 2016 nostrae
1087 1974 1259 2019 Acade-

136 2043 245 2088 miae
299 2044 500 2097 alumnis,
571 2045 643 2102 qui
670 2046 958 2104 -gravioribus
1007 2050 1257 2096 laborarunt

135 2120 318 2174 morbis,
387 2121 440 2164 de
496 2121 686 2165 restituta
742 2123 916 2168 sanitate
972 2128 1254 2183 congratulari

133 2197 237 2241 mihi
265 2197 471 2242 licuisset!
557 2197 643 2242 Sed
680 2199 740 2242 ita
781 2200 909 2244 Duo
954 2215 1038 2245 non
1077 2204 1249 2262 placuit.

134 2273 340 2331 Lugemus
370 2274 539 2332 juvenes
569 2275 773 2333 optimos:
