1523 2745
443 160 957 205 LITERAnlffl
1197 177 1243 216 ῃ

129 281 205 319 quo
240 263 367 318 facto,
395 282 509 320 quum
531 271 753 311 Corinthios
781 269 854 310 sibi
893 271 1050 310 infestos
1076 273 1241 312 reddide-

122 349 228 388 rant,
267 351 365 380 nova
401 353 488 381 mox
523 354 607 380 cum
646 342 775 379 iisdem
809 342 951 380 exstitit
985 343 1238 381 controversia

117 410 163 448 de
186 411 358 449 Potidaea
387 409 474 460 (1).
528 411 718 449 Corinthii
748 411 887 460 igitur,
916 424 1001 450 suas
1023 412 1119 450 vires
1144 424 1234 450 con-

116 489 172 518 tra
210 481 458 519 Athenienses
494 491 571 517 non
601 481 766 518 sufficere
803 481 920 528 probe
959 481 1228 530 intelligentes,

115 550 154 589 in
182 559 370 588 conventu
405 551 619 596 sociorum,
662 550 799 589 bellum
838 551 1050 599 conjunctis
1082 551 1226 590 viribus

113 620 343 658 declararunt
375 620 412 657 in
434 621 599 657 Athenas
628 620 933 668 suscipiendum:
974 632 1132 668 quorum
1156 621 1225 670 (α)

111 690 285 738 precibus
323 689 549 736 Aeginetae,
589 690 692 727 duris
727 689 1008 743 conditionibus
1047 699 1221 737 utentes,

109 759 203 796 clam
242 769 282 795 se
308 759 577 808 adJ'unxerunt:
606 758 840 796 vehementer
863 770 951 796 vero
981 760 1222 807 Megarenses

110 826 148 870 in
169 827 355 865 decretum
379 827 470 865 illud
493 827 629 865 invecti
660 837 776 876 sunt,
805 840 881 876 quo
903 828 948 866 ab
974 829 1076 867 omni
1105 840 1219 878 portu

104 895 267 944 foroque
300 897 429 937 Attico
454 906 665 937 arcerentur
686 898 770 949 (3).

157 966 260 1005 Haec
299 967 421 1005 omnia
452 976 488 1005 et
524 968 639 1016 magis
683 968 790 1006 etiam
825 977 976 1017 metus,
1025 981 1071 1008 ne
1103 971 1220 1010 Athea

104 1035 288 1075 niensium
313 1036 480 1085 potentia
516 1036 554 1074 iu
578 1038 695 1087 majus
726 1048 933 1086 cresceret,
961 1040 1049 1078 vicit
1072 1043 1216 1079 tandem

103 1105 483 1144 Lacedaemoniorum
492 1106 712 1152 ,tarditatem
727 1136 738 1154 ,
755 1108 956 1155 quicontra
975 1110 1117 1147 nitente
1127 1111 1218 1148 'licet

98 1175 324 1214 Archidamo
372 1174 441 1225 (4)
474 1175 563 1214 satis
598 1184 734 1213 temere
772 1177 909 1215 bellum
950 1189 1027 1216 non
1071 1174 1214 1218 diutius·

100 1244 340 1284 differendum
382 1256 469 1283 esse
499 1245 712 1295 Judicarunt
746 1247 831 1296 (5).
897 1248 1045 1286 Interim
1082 1251 1209 1297 plures

94 1315 298 1363 legationes
330 1315 496 1353 Athenas
525 1316 732 1363 miserunt,
771 1327 847 1354 non
877 1319 918 1355 eil
953 1328 1073 1356 mente
1095 1328 1135 1356 ut
1164 1330 1214 1357 ne

95 1384 233 1422 bellum
263 1393 383 1431 esset,
412 1385 476 1422 sed
498 1394 540 1422 ut
574 1385 711 1423 interea
742 1397 783 1423 se
815 1386 860 1423 ad
881 1386 1020 1426 bellum
1052 1388 1212 1426 instrue-

95 1462 177 1492 rent
208 1463 246 1491 et
279 1454 423 1501 culpam
465 1464 611 1492 omnem
656 1454 695 1492 in
726 1454 1008 1494 Atheniensium
1045 1457 1212 1504 pervica-

93 1523 184 1561 ciam
211 1522 468 1562 transferrent.
545 1523 706 1562 Primum
754 1527 982 1572 imperarunt
1023 1526 1125 1574 illis,
1166 1536 1209 1565 ut

93 1592 221 1631 urbem
258 1592 454 1632 liberarent
479 1593 627 1641 piaculo
659 1594 826 1642 Cylonio
854 1595 948 1644 (6),
978 1606 1053 1642 quo
1090 1608 1206 1643 quum

91 1672 206 1701 unum
235 1662 412 1703 Periclem
443 1663 594 1710 perdere
627 1663 855 1712 studebant,
893 1665 1020 1703 nescio
1055 1676 1101 1704 an
1135 1677 1208 1704 un-

1094 1747 1203 1783 quam

85 1839 183 1876 gentis
205 1840 288 1870 socia
308 1847 370 1870 erat
392 1839 524 1870 liberum
540 1849 642 1878 esset,
661 1841 721 1873 utri
740 1842 817 1877 parti
834 1841 959 1872 libuerit
979 1850 1012 1871 se
1033 1842 1204 1879 applicare-¹

86 1897 185 1927 Thuc.
207 1899 234 1927 Ι.
261 1906 308 1933 35.
328 1898 506 1927 Foecundus
526 1898 668 1934 profecto
689 1898 821 1930 rixarum
841 1903 923 1929 tons.

93 1958 95 1961 '
121 1953 176 1990 (ι)
196 1954 293 1984 ΤΙιυο.
316 1955 340 1983 1.
361 1957 411 1987 ⁵6.
432 1956 483 1985 66.

120 2010 172 2046 (2)
192 2010 276 2040 Idem
292 2011 317 2039 Ι.
340 2019 406 2045 ¹03·
427 2011 498 2039 coll.
519 2019 584 2045 105.

119 2064 172 2103 (3)
192 2067 274 2096 Plut.
290 2067 312 2098 1.
328 2075 357 2097 c.
381 2068 477 2097 Thuc.
498 2068 521 2098 1.
537 2071 588 2105 67·

121 2121 175 2159 (4)
197 2113 296 2153 Thule.
320 2124 347 2153 1.
369 2126 494 2158 »zo-85.

120 2181 174 2217 (s)-
198 2180 278 2208 laem
300 2182 349 2212 ss.

117 2235 170 2278 ⁴(5)
189 2236 242 2268 ef.
260 2245 350 2273 supra
367 2233 397 2276 §.
419 2243 447 2267 Ι.

125 2292 240 2333 Βοοτ
614 2293 648 2332 C
