1502 2767
204 209 272 245 ³94
426 191 1094 234 COMMENTATro

204 308 240 343 in
276 305 487 342 universum
525 311 612 353 post
657 301 971 339 reformationem.
1011 321 1065 329 —
1103 300 1201 349 Quis
1240 310 1318 338 non

204 377 325 413 credat
361 375 536 412 Carolum
578 372 761 422 Quintum
781 398 794 418 ,
841 370 1058 418 Philippum
1086 370 1320 416 secundum,

205 445 442 483 Lndovicum
479 443 662 480 decimum
702 450 899 489 quartum,
939 440 1116 480 Carolum
1149 439 1325 477 duodeci-

207 527 333 562 mum,
358 514 517 552 bellandi
544 521 580 550 et
615 512 848 560 expugnandi
885 512 1010 549 studio
1051 511 1245 557 flagrantes
1287 507 1323 545 et

206 585 343 634 ingenti
370 586 533 622 valentes
572 582 765 630 potentia,
793 580 992 619 Alexandri
1021 589 1059 618 et
1096 576 1328 627 Gengiskuni

208 659 352 701 instar,
406 654 488 691 orbi
525 663 700 690 terrarum
734 652 980 700 expugnando
1015 651 1173 688 animum
1207 648 1327 698 appli-

208 726 351 763 cituros
379 733 414 761 et
437 723 642 761 levissimas
669 733 798 759 causas
830 729 1041 769 arrepturos
1068 719 1188 758 fuisse
1205 745 1218 765 ,
1245 717 1331 765 qui*

211 797 281 832 bus
321 795 433 841 genio
469 805 540 831 suo
572 792 829 840 indulgerent,
856 791 927 829 nisi
947 791 1039 841 J'usti
1065 798 1102 826 et
1127 787 1236 836 aequi
1258 797 1329 825 noe

213 867 331 902 tiones
354 862 547 902 hominum
581 862 724 900 animos
758 861 1009 908 imbuissent,
1049 871 1118 898 nec
1152 858 1226 897 levi
1262 867 1329 896 nec

212 935 348 982 injusta
381 935 427 971 de
471 944 581 971 causa
629 932 767 969 bellum
807 931 948 979 suscipi
988 938 1163 978 oportere
1196 927 1330 977 populi

210 1004 444 1040 clamassent.
501 1001 602 1040 Turn
638 1003 786 1040 demum
803 1029 816 1048 ,
845 1000 877 1039 si
903 1000 988 1048 quis
1005 1028 1018 1047 ,
1039 1008 1080 1038 ut
1103 999 1329 1047 Napoleon,

213 1084 367 1120 parum,
397 1072 487 1119 quid
518 1072 661 1120 iustum
688 1079 725 1108 et
747 1082 906 1119 aequum
938 1071 987 1108 sit
1004 1098 1018 1117 ,
1043 1081 1201 1117 curans,
1229 1068 1331 1118 genti

215 1153 256 1179 se
289 1140 512 1189 praefectum
551 1141 677 1188 videt,
719 1153 840 1189 quae,
887 1141 988 1178 omni
1013 1143 1138 1188 spreta
1165 1141 1253 1179 vera
1277 1150 1334 1178 re-

215 1212 353 1259 ligione
369 1240 380 1257 ‚
408 1211 519 1248 animi
542 1210 683 1248 levitati
710 1211 904 1258 indulget,
931 1211 1122 1258 multaque
1149 1221 1220 1248 suo
1245 1221 1335 1258 pro-

217 1282 342 1330 posito
379 1280 538 1319 faventia
576 1280 790 1329 conspicit3
837 1289 916 1318 tum
951 1282 1126 1327 demum,
1153 1280 1333 1328 inquam,

216 1352 301 1399 quis
339 1362 383 1388 eo
414 1351 582 1388 audaciae
618 1350 818 1398 procedet,
871 1358 913 1387 ut
949 1349 1023 1387 levi
1057 1350 1116 1388 vel
1155 1351 1256 1388 nulla
1287 1350 1334 1388 de

215 1433 324 1460 causa
340 1421 432 1459 alios
452 1420 660 1458 debellandi
687 1419 815 1457 studio
847 1419 930 1457 duci
955 1420 1113 1466 audeat,
1141 1431 1217 1467 quo
1244 1420 1334 1458 olim

217 1502 374 1536 omnes,
428 1490 541 1527 modo
584 1498 752 1537 tempora
791 1489 958 1527 consiliis
1013 1489 1093 1527 suis
1130 1498 1218 1539 apta
1253 1502 1337 1530 esse

219 1562 398 1598 viderent.
436 1560 556 1609 Quam
583 1559 773 1607 longohic
799 1567 888 1606 post
913 1570 954 1596 se
981 1559 1176 1597 intervallo
1200 1560 1335 1609 populi
1378 1609 1381 1611 d

219 1632 439 1669 recentiffles
475 1629 706 1676 antiquiores
749 1628 986 1675 relinquunt!
1030 1629 1122 1667 Non
1159 1641 1339 1668 memora-

221 1703 269 1738 bo
306 1703 370 1742 (ut
416 1701 512 1738 dicta
560 1698 737 1746 exemplis
775 1698 953 1745 probem)
993 1699 1157 1747 populos
1196 1700 1339 1738 Noma-

220 1774 325 1810 dicos
343 1798 355 1818 ,
384 1770 449 1817 qui
483 1768 533 1806 ob
576 1778 722 1815 ereptos
748 1768 819 1806 sibi
858 1779 995 1816 porcos
1012 1797 1024 1815 ,
1052 1770 1242 1816 camelos,
1268 1781 1340 1818 pu-

221 1851 328 1887 teos,
356 1847 459 1888 prata
496 1840 553 1875 vel
583 1838 761 1886 privatam
801 1839 966 1887 injuriam
1007 1839 1080 1876 sibi
1109 1839 1245 1877 illatam
1279 1848 1339 1877 to-

223 1922 296 1950 tam
327 1911 464 1947 tribum
487 1913 625 1946 armare
649 1917 683 1945 et
707 1908 934 1945 horribiliter
964 1911 1105 1946 saevire
1140 1909 1333 1957 solebant3

222 1993 299 2021 non
328 1978 571 2018 Orientalium
603 1979 820 2026 Despotas,
858 1978 1002 2024 qualem
1038 1978 1196 2015 Xerxem
1231 1979 1339 2027 eique

227 2055 352 2101 plures
377 2049 516 2088 similes
542 2048 733 2094 novimus,
775 2048 839 2094 qui
870 2048 970 2084 nulla
1007 2046 1082 2084 fere
1116 2049 1160 2085 de
1197 2060 1337 2097 causa,

225 2124 284 2160 vel
320 2129 420 2158 certe
450 2118 560 2164 ficta,
587 2128 715 2155 omnes
749 2117 841 2153 alios
873 2117 1055 2154 innocuos
1079 2118 1340 2166 aggredieban-

225 2202 307 2239 tur;
336 2201 403 2228 nec
441 2187 613 2234 Gaulos,
654 2187 746 2234 qui,
785 2188 990 2234 quodsstres
1014 2188 1170 2235 juvenes
1204 2197 1340 2227 temere

228 2261 370 2309 imperii
391 2258 556 2296 mandata
577 2257 810 2294 transiissent
834 2286 846 2303 ,
874 2257 998 2293 surore
1033 2257 1198 2304 incitati,
1217 2260 1340 2298 omnia

1260 2340 1342 2366 vas·
