1502 2767
193 208 265 233 210
415 185 1083 230 COMMENTATIO

192 304 235 342 ad
261 303 485 350 populorum
518 299 665 335 illorum
694 297 928 334 barbarorum
954 296 1082 334 seculo
1106 295 1158 334 V.
1183 296 1308 334 Euro-

195 385 276 421 pam
315 372 565 409 decurrentem
607 367 837 417 colluviem,
865 365 988 404 omnia
1014 364 1112 402 ferro
1158 373 1194 413 et
1224 366 1310 415 igne

197 450 428 486 vastantem,
475 450 518 476 ex
568 449 640 484 qua
681 436 811 474 Heruli
865 444 902 474 et
942 435 1162 484 Thuringi,
1209 435 1309 474 bello

201 511 307 548 unice
343 508 506 552 intenti,
533 509 613 555 lege
652 518 805 553 quoque
835 506 1089 552 sanciverant,
1119 513 1160 544 ut
1191 506 1316 544 senio-

201 592 257 618 res
275 609 287 626 ‚
314 579 412 628 aegri
436 587 472 615 er.
502 577 642 615 debiles
675 587 784 613 manu
820 574 980 622 perirent
1001 575 1102 624 (1).;
1144 575 1205 612 cui
1241 573 1316 624 legi

205 648 392 696 Thuringi
424 648 495 685 sub
523 646 641 684 Attila
669 644 867 690 obsecuti,
892 644 1146 682 crudelissime
1171 645 1209 683 in
1233 657 1321 694 cap·

202 719 329 766 rivos,
370 729 476 755 senes
511 725 548 753 et
583 715 744 764 virgines
779 714 990 752 saevierunt
1024 714 1117 763 (2)!
1147 735 1202 743 —
1227 715 1321 754 Non

202 792 335 837 loquar
376 788 422 825 de
459 786 612 834 copiis,
653 797 748 833 quae
793 797 813 823 a
846 784 1064 822 Tamerlane
1112 784 1218 823 India
1260 796 1326 823 ex-

204 856 331 902 pulsae·
362 852 401 890 in
438 852 628 898 Europam
660 849 914 895 transierunt,
946 850 991 886 ad
1021 848 1167 896 Tagum
1202 860 1324 897 usque

206 924 329 962 omnia
352 922 614 971 praedantes,
668 931 797 958 omnes
850 917 1103 957 trucidantes!
1172 919 1232 958 vel
1279 920 1327 957 de

207 993 446 1042 Gengiskane
482 992 631 1038 iisque,
660 993 724 1037 qui
758 989 828 1027 feri
865 990 1064 1036 dicuntur,
1112 989 1329 1027 novo-Ze-

206 1064 346 1109 landis,
387 1060 640 1100 Groeniandis
674 1069 711 1097 et
743 1058 895 1097 Africae
920 1056 1172 1097 Occidentalis
1204 1069 1329 1107 popu·

207 1133 281 1179 lis,
310 1132 403 1180 qui,
434 1140 476 1169 ut
502 1132 688 1178 quondam
714 1129 905 1177 Scythae,
934 1129 1044 1167 victis
1078 1129 1233 1166 vulnera
1267 1139 1332 1167 ex·

211 1213 343 1250 sugere
374 1202 561 1249 gaudent,
600 1199 764 1238 hostium
796 1209 941 1236 carnem
969 1197 1042 1236 sibi
1069 1206 1223 1247 parant,
1251 1197 1329 1236 avi-

211 1272 330 1320 deque
357 1270 531 1309 dentibus
569 1269 772 1307 devorant!
831 1268 1120 1316 Conspiciamus
1155 1267 1259 1316 ipsos
1286 1266 1332 1304 il-

212 1345 270 1380 los
304 1339 470 1378 Graecos
509 1348 546 1376 et
576 1339 799 1384 Romanos,
829 1349 926 1386 quos
976 1337 1147 1385 quamvis
1185 1337 1334 1376 diffiteri

213 1411 375 1448 nolimus
409 1409 549 1447 seriore
574 1408 728 1446 maxime
755 1415 947 1455 tempore,
976 1417 1246 1455 nonnunquam
1267 1407 1336 1446 mi-

213 1481 288 1518 tius
326 1491 410 1518 cum
445 1477 602 1525 captivis
627 1475 692 1525 (3)
719 1476 870 1525 egisse,
898 1485 1019 1514 tamen
1055 1477 1158 1514 omni
1190 1485 1336 1525 tempo·

215 1561 279 1595 re,
328 1547 532 1586 recentiore
569 1558 751 1594 quoque,
789 1546 912 1595 generi
955 1547 1116 1584 humano
1156 1547 1229 1585 hoc
1263 1558 1334 1585 no-

217 1620 315 1656 mine
344 1616 512 1655 dedecori
546 1627 653 1663 quam
680 1615 839 1653 maxime
867 1613 1037 1653 fuerunt.
1127 1610 1132 1617 ’
1380 1601 1383 1603 ’

266 1687 328 1723 An
359 1687 419 1724 hic
459 1685 663 1723 Hernicum
697 1684 789 1722 iliud
825 1694 956 1721 aevum
987 1681 1229 1730 memorabo,
1256 1694 1335 1730 quo

219 1757 382 1794 omnium
417 1754 735 1803 sapientissimus,
766 1765 876 1802 quem
914 1764 1043 1791 omnes
1072 1755 1217 1792 summa
1247 1765 1337 1802 pro·

218 1826 469 1874 sequebantur
515 1824 748 1862 veneratione
770 1853 782 1871 ‚
841 1823 984 1861 Nestor
1010 1851 1023 1870 ,
1077 1824 1157 1861 suis
1203 1831 1334 1862 auctor

221 1907 277 1934 est
304 1895 376 1946 (4)
397 1908 406 1933 =

1314 1961 1331 1969 -ι

1284 1971 1331 2000 τῳ

261 2050 313 2085 (ι)
333 2049 397 2078 Csr.
421 2047 668 2081 Procopius,
689 2046 726 2073 dc-
743 2046 829 2071 Bello
854 2044 1003 2078 Gothico,
1027 2043 1098 2072 Lib,
1122 2044 1160 2072 11.
1183 2051 1251 2079 cap.
1272 2052 1317 2080 ¹4·

260 2105 311 2144 (ε)
333 2106 399 2134 Csr.
418 2104 596 2136 Gibbon‚
623 2104 682 2137 Op.
704 2102 758 2130 cit.
786 2101 877 2129 Tom.
900 2102 948 2128 VI.
978 2108 1046 2135 pag.
1068 2110 1133 2130 102.

259 2164 309 2200 (3)
331 2162 392 2191 εῖτ.
424 2160 610 2194 Tacitus,
639 2159 750 2186 Annal.
782 2157 852 2185 Lib.
888 2157 940 2185 XI.
968 2165 1036 2192 cap.
1075 2167 1124 2193 24.
1162 2156 1339 2194 Cicero,

217 2229 271 2257 pro
299 2221 415 2249 Balbo,
437 2226 502 2251 cap.
528 2225 557 2245 {2

261 2271 314 2311 (4)
337 2276 557 2305 Homerus,
581 2272 675 2299 Iliad.
705 2271 743 2298 11.
777 2278 824 2298 vs.
847 2278 913 2307 3³4.
940 2277 1006 2305 sqq.
