1523 2745
255 141 304 224 {4
493 174 1150 215 COMMENTATIO

250 285 460 333 improbum
511 285 754 332 demagogum
804 295 872 332 pro
925 284 1069 332 optimo
1123 284 1206 323 cive
1249 295 1362 328 ,mor-

249 363 354 392 tuum
390 360 543 402 cuperet
567 353 653 402 (Ι).

732 457 768 506 S.
827 439 903 517 14,

293 579 431 618 Odium
459 588 579 618 tamen
608 580 699 618 illud
732 590 808 617 non
827 581 889 619 diu
919 588 994 618 erat
1020 581 1237 620 duraturum
1254 608 1268 628 ‚
1294 580 1361 619 sed

243 648 357 687 simul
384 661 468 687 cum
491 651 598 698 plaga
621 650 709 688 huic
736 649 836 688 illata
861 651 950 687 iram
977 661 1080 688 suam
1108 650 1365 699 deposuerunt

243 719 522 765 Athenienses,
551 731 649 767 quos
680 731 766 757 suae
797 720 942 768 saepius
970 720 1129 759 levitatis
1159 719 1367 768 poenituis-

241 800 310 836 se,
338 789 469 827 crebro
505 789 676 838 apparuit
711 790 795 838 (2).
851 790 1047 828 Neminem
1072 790 1169 827 enim
1195 801 1236 828 se
1255 788 1367 827 habe-

243 869 309 905 re,
340 858 403 905 qui
427 860 485 896 vel
505 860 618 907 longo
645 859 838 897 intervallo
863 859 1036 897 Periclem
1065 858 1240 907 referret,
1269 869 1370 906 quo-

243 929 333 966 tidie
360 929 593 976 sentiebant,
624 929 873 967 desiderantes
902 930 980 978 ejus
999 928 1231 977 prudentiam
1264 937 1301 966 et
1323 927 1365 967 in

242 999 363 1036 arduis
399 998 510 1035 rebus
558 998 820 1037 constantiam.
886 999 1015 1048 Quum
1061 998 1175 1046 igitur
1217 999 1364 1037 tandem

244 1068 443 1106 amicorum
482 1068 655 1117 precibus
695 1078 822 1107 motus
858 1069 1053 1117 prodiret,
1094 1080 1176 1106 eum
1203 1079 1280 1107 non
1309 1080 1368 1106 re·

242 1134 472 1185 stituerunt,
523 1151 651 1177 verum
698 1139 912 1187 ampliorem
952 1140 1059 1177 etiam
1102 1140 1199 1189 (3),
1254 1150 1364 1187 quam

242 1217 353 1254 ante,
381 1208 583 1256 potentiam
619 1208 656 1246 in
703 1219 785 1245 eum
821 1209 1055 1246 detulerunt:
1086 1205 1204 1256 quid?
1233 1208 1363 1257 quod,

244 1286 287 1314 ut
310 1285 468 1315 veterem
505 1276 673 1325 injuriam
704 1286 940 1324 repararent,
969 1277 1060 1324 Iegis
1090 1277 1134 1314 ab
1163 1278 1245 1325 ips-o
1271 1278 1366 1315 latae

241 1346 394 1395 gratiam
430 1346 462 1383 ei
502 1344 621 1383 facere
648 1345 743 1382 nulli
775 1346 994 1383 dubitarunt
1021 1347 1105 1395 (4).

292 1416 431 1453 Verum
455 1426 531 1453 non
553 1415 616 1452 diu
640 1415 707 1452 hac
741 1415 794 1452 illi
818 1415 989 1463 potentii*⁶
1014 1415 1088 1453 frui
1109 1416 1238 1464 licuit;
1278 1428 1362 1456 nam

241 1487 358 1534 pestis
394 1485 482 1531 illa,
522 1497 615 1532 quae
641 1484 672 1522 ei
705 1486 776 1534 jam
812 1485 909 1522 duos
937 1485 1035 1523 filios
1061 1485 1270 1534 eripuerat,
1298 1497 1364 1526 ne-

245 1568 318 1604 que
348 1555 392 1592 ab
419 1555 503 1603 ipso
532 1565 677 1592 manum
704 1554 925 1593 continuit,
962 1555 1083 1593 Lento
1112 1556 1245 1594 morbo
1271 1568 1363 1596 con-

239 1634 412 1673 sumptus
450 1624 544 1661 obiit
570 1624 632 1661 ille
653 1653 665 1672 ,
693 1625 757 1672 qui
794 1624 960 1663 moriens
984 1636 1072 1664 vere
1096 1627 1142 1665 de
1159 1638 1201 1665 se
1220 1628 1363 1676 praedi·
1412 1638 1415 1641 ’

243 1707 324 1734 care
349 1703 525 1744 poterat,
554 1706 621 1742 per
648 1704 757 1731 omne
784 1703 960 1743 tempus,
989 1696 1092 1743 quod
1117 1696 1230 1746 Reip.
1258 1709 1363 1745 prae-

245 1765 395 1813 fuerat,
431 1765 573 1803 nullum
613 1775 778 1811 unquam
819 1764 938 1803 civem
979 1767 1047 1804 suit
1084 1767 1193 1815 culpa
1233 1767 1383 1808 luctus&

243 1846 385 1877 vestem
420 1834 584 1873 induisse
611 1835 693 1883 (5).

1279 1888 1361 1928 Ab.

282 1939 335 1975 (ι)
357 1939 447 1967 Arist·
467 1936 521 1967 111.
538 1944 605 1973 433.

285 1997 337 2035 (2)
360 1996 409 2025 Cf.
432 1995 528 2029 Isocr,
551 1994 587 2022 de
605 1996 736 2022 permut.
761 2000 787 2019 c-
807 2001 835 2028 9.

282 2062 337 2098 (3)
359 2060 455 2088 Thuc.
491 2058 530 2085 11.
565 2059 613 2090 65.
659 2052 854 2094 στρατηγῶν
888 2051 1024 2087 enom-o
1062 2054 1120 2087 καὶ
1155 2053 1272 2091 πάντ-’κ
1309 2060 1356 2094 τὲ

249 2121 443 2162 πράγματα
465 2114 666 2158 ἐτέτρεψκν.

281 2183 334 2219 (4)
354 2182 432 2208 Plut.
454 2179 525 2207 Per.
549 2185 596 2212 37·
618 2178 661 2205 Ea
681 2178 718 2205 de
742 2185 773 2205 re
803 2177 881 2206 infra
898 2177 1054 2213 copiosius
1073 2186 1272 2216 exponemus.

282 2239 336 2276 (ε.)
359 2237 439 2266 Plut.
460 2237 528 2264 Per.
553 2237 601 2269 38.
