1502 2767
194 187 245 212 20·
420 169 1084 211 COMMENTATIO

247 282 310 330 Ω.)
336 283 525 330 Ίσονομίοις
542 311 552 325 ,
580 292 675 329 quae
699 279 773 317 (lici
797 280 910 325 solet,
934 280 993 317 lex
1019 278 1153 328 ubique
1167 277 1305 326 regnat

193 363 227 391 ct
256 354 359 403 efficit
376 381 388 397 ‚
417 361 458 389 uc
479 351 627 399 singula
650 352 844 387 consistere
867 357 1018 398 queant.
1049 346 1146 398 Quis
1167 345 1298 384 leviter

194 423 305 460 modo
333 432 454 459 rerum
488 428 637 457 naturae
663 419 794 467 peritia
829 419 1011 464 imbutus,
1045 415 1192 460 nescit,
1231 414 1298 452 alla

189 492 295 540 jungi
311 519 324 538 ‚
337 491 424 528 dum
442 489 511 527 alia
530 489 793 538 disjunguntur
806 489 901 536 ‚falia
925 488 1073 526 interire
1087 515 1100 534 ,
1116 486 1304 534 prodeun-

191 561 293 598 tibus
321 559 428 607 aliis3
467 567 609 596 motum
642 558 786 606 quieti,
824 567 979 597 mortem
1007 558 1102 596 vitae
1140 556 1213 594 sibi
1248 556 1303 593 in-

191 630 306 667 vicem
341 629 391 666 ita
421 627 630 676 subsequi,
658 636 700 665 ut
737 629 805 665 hac
832 628 973 666 ratione
1007 627 1129 665 omnia
1159 625 1306 664 consis-

190 683 266 737 tere
291 709 458 746 pergant⁴
512 690 649 735 Eadem
688 698 748 735 illa
781 700 957 746 ἰσονομίας
983 699 1042 734 lex
1079 696 1118 734 in
1146 695 1299 744 populis

191 769 424 806 observatur.
478 767 618 816 Quiete
659 776 695 804 et
728 767 861 817 turba,
903 779 992 815 pace
1027 775 1063 804 et
1104 766 1204 804 bello
1229 765 1304 804 sibi

191 838 347 875 invicem
370 837 690 884 subsequentibus
708 865 720 883 ‚
748 847 873 875 vetera
892 848 1001 885 regna
1021 836 1209 884 dissolvi,
1235 847 1304 873 no-

191 918 237 944 va
269 906 416 954 prodire
449 908 600 954 solent3
647 916 683 944 et
718 907 784 944 hac
811 907 955 945 demum
993 907 1133 944 ratione
1167 905 1302 955 populi

193 975 285 1013 flore
308 984 522 1013 accrescunt
548 984 585 1013 et
614 976 846 1016 decrescunt.

245 1046 305 1094 3.)
335 1045 408 1083 Est
418 1046 527 1083 hacce
537 1055 706 1084 constans
728 1055 763 1085 et
780 1057 962 1097 perpetua
973 1056 1136 1086 naturae
1148 1047 1206 1085 lex
1223 1075 1237 1094 ‚
1262 1055 1305 1085 ut

192 1117 314 1152 omnia
348 1123 540 1153 mutentur
574 1125 611 1153 et
642 1116 741 1154 nihil
773 1118 822 1154 sit
847 1117 978 1155 stabile
1002 1125 1037 1154 et
1058 1126 1292 1168 perpetuum.

243 1184 343 1223 Hinc
364 1184 485 1221 omnia
505 1186 565 1222 vel
585 1185 665 1233 ipsa
695 1194 907 1230 mutantur,
928 1187 987 1224 vel
1011 1187 1049 1223 in
1076 1187 1145 1224 alia
1167 1188 1273 1224 talem
1287 1213 1300 1230 ‚

193 1256 268 1301 quai
301 1262 604 1300 commutentur,
631 1256 705 1292 vim
727 1264 918 1293 exserunt.
975 1256 1102 1306 Quum
1131 1255 1213 1303 ipsa
1250 1266 1305 1292 re·

191 1334 272 1360 rum
300 1332 428 1361 natura
450 1324 488 1361 in
509 1332 694 1372 perpetuo
728 1333 833 1363 motu
861 1328 909 1363 sit
924 1353 936 1371 ,
951 1325 1073 1363 onmia
1090 1325 1197 1372 ‚sive
1220 1337 1302 1364 sen-

193 1393 262 1429 sim
279 1421 292 1439 ,
310 1392 388 1430 sive
415 1402 595 1441 perpetuo
611 1422 624 1439 .,
650 1403 867 1432 moveantur
890 1403 926 1432 et
941 1404 1214 1434 commutentur
1238 1407 1302 1434 ne-

191 1471 295 1497 cesse
319 1472 401 1499 esse
439 1472 546 1498 nemo
571 1473 648 1499 non
677 1463 801 1510 videt3
832 1463 918 1502 hinc
940 1473 974 1502 et
994 1466 1179 1514 populos,
1207 1467 1304 1515 phy-

191 1531 279 1568 sicis
312 1531 458 1579 iegibus
491 1532 720 1578 obstrictos,
774 1545 888 1580 quum
923 1533 1085 1572 diversas
1126 1543 1161 1572 et
1193 1547 1302 1584 saepe

191 1601 299 1646 plane
333 1599 403 1636 sibi
425 1600 620 1647 oppositas
647 1601 802 1638 habeant
830 1601 990 1638 rationes
1018 1610 1054 1639 et
1081 1603 1300 1650 commoda,

191 1670 387 1707 mutationi
422 1670 607 1707 obnoxios
633 1682 742 1718 esse,
780 1679 821 1708 ut
854 1671 934 1718 ipsa
973 1670 1024 1708 rei
1063 1682 1219 1719 natura,
1250 1673 1301 1712 ita

190 1740 354 1777 omnium
392 1741 618 1788 populorum
653 1741 801 1778 historiv
852 1742 1003 1779 docent.
1065 1740 1194 1788 Tum,
1234 1743 1301 1780 ubi

187 1812 426 1858 junguntur,
468 1809 582 1847 simul·
611 1810 857 1858 disruptionis
906 1819 1052 1858 ponunt
1085 1810 1301 1850 fundamen-

190 1887 268 1916 tum
309 1888 345 1916 εἰ
376 1878 571 1926 vicissim,
608 1892 690 1918 cum
732 1880 896 1917 omnium
925 1879 962 1917 in
998 1892 1118 1918 rerum
1168 1890 1296 1922 natura

190 1949 336 1986 initium
363 1957 399 1985 et
434 1947 515 1985 finis
543 1959 624 1986 esse
664 1949 807 1986 debeat.

238 2019 304 2066 4.)
333 2019 454 2055 Nemo
492 2028 569 2055 non
604 2018 738 2066 novit,
767 2030 887 2056 rerum
913 2027 1078 2058 naturam
1115 2023 1300 2061 varietate

191 2088 346 2125 maxime
385 2088 571 2126 delectari.
625 2088 779 2126 Montes
799 2116 811 2135 ,
841 2088 980 2136 marias
1007 2091 1148 2140 verbo,
1176 2093 1298 2132 omnia
1335 2120 1339 2125 ,

192 2158 324 2196 summi
348 2158 538 2197 Creatoris
560 2159 790 2196 voluntatem
816 2169 896 2197 esse
926 2160 1138 2208 declarant,
1165 2170 1207 2200 ut
1236 2175 1298 2201 va-

193 2227 266 2265 riae
287 2235 375 2265 sunt
409 2227 549 2277 species
577 2227 811 2278 animalium,
832 2229 1037 2276 plantarum
1054 2258 1066 2278 ,
1103 2230 1157 2269 sic
1181 2232 1299 2271 diver-

1232 2314 1295 2343 SOS
