1523 2745
450 163 958 208 LITERARIA.
1211 179 1258 218 35

142 272 259 321 igitur
281 271 458 312 omnibus
479 271 625 311 civibus
648 273 792 322 copiam
819 274 904 312 dare
930 273 1097 321 dicendi,
1122 285 1256 323 quum-

140 355 213 390 que
238 355 371 392 anceps
398 343 505 381 etiam
537 352 666 390 esset,
706 354 882 390 quaenam
915 345 1097 382 sententia
1130 346 1255 384 vince.

138 422 223 461 ret,
250 415 407 453 Pericles
440 413 569 450 habuit
607 413 703 451 illam
728 413 929 450 orationem
949 442 961 460 ‚
990 425 1083 461 quae
1108 415 1253 465 insigne

137 483 315 522 historiae
342 483 608 530 Thucydideae
632 491 885 520 ornamentum
912 483 956 519 ab
985 484 1160 523 omnibus
1189 487 1252 524 ha-

135 552 255 590 bitum
281 561 337 590 est
362 553 445 600 (1).
502 553 623 600 Cujus
654 551 834 589 orationis
867 563 912 589 ne
938 564 1080 590 summa
1104 555 1250 601 quidem

133 621 255 670 capita
289 621 417 660 referri
449 622 589 671 patitur
617 623 727 671 huJ'us
767 622 926 659 instituti
961 622 1068 661 ratio.
1136 624 1252 673 Quod

134 702 226 730 vero
262 703 483 740 responsum
522 691 650 739 legatis
688 691 846 729 dandum
887 693 1058 739 censuit,
1094 704 1140 731 ex
1169 694 1250 741 ipsa

132 761 339 800 describere
368 762 499 808 liceat,
516 761 817 809 quandoquidem
845 772 921 798 non
942 761 1074 800 melius
1101 763 1247 802 aliunde

131 840 307 878 constat,
334 833 456 869 omnia
471 829 630 877 fecisse,
659 842 704 868 eo
728 840 905 878 auctore,
923 833 1102 879 populum
1127 834 1248 871 Athe-

131 901 324 946 niensem,
354 912 430 948 quo
456 911 580 948 pacem
607 901 804 939 retineret:
838 929 862 949 „
895 900 1060 950 Legatos
1088 903 1250 942 dimitta-

132 983 216 1010 mus
252 982 338 1009 cum
373 971 447 1008 hoc
482 981 693 1022 responso:
744 971 1028 1019 Megarensibus
1066 974 1249 1020 permitti-

131 1051 216 1079 mus
239 1040 324 1078 foro
349 1048 385 1077 et
408 1039 597 1087 portubus
624 1040 704 1086 uti,
734 1040 766 1077 si
789 1039 1073 1077 Lacedaemonii
1095 1053 1247 1088 quoque

129 1111 346 1160 peregrinos
374 1121 451 1147 non
484 1117 658 1155 arceant,
687 1120 754 1146 nec
780 1121 872 1154 nos,
903 1121 971 1147 nec
1004 1110 1130 1149 socios
1159 1121 1246 1149 nos·

129 1189 235 1219 tros:
263 1179 481 1218 civitatibus
513 1178 718 1216 libertatem
756 1178 972 1226 reddimus,
998 1179 1031 1216 si
1066 1181 1176 1218 modo
1203 1181 1246 1218 li·

77 1288 84 1293 ,
128 1250 238 1290 berae
266 1257 368 1288 erant
395 1257 564 1297 tempore
589 1247 752 1286 foederis
779 1249 891 1296 initi,
931 1258 968 1288 et
994 1250 1027 1287 si
1053 1250 1127 1298 ipsi
1153 1263 1246 1298 quo-

129 1333 203 1370 que
231 1320 310 1358 suis
349 1318 464 1357 sociis
501 1318 660 1356 reddant
696 1317 871 1365 copiam,
913 1327 954 1356 ut
984 1330 1061 1356 non
1094 1321 1139 1357 ad
1164 1321 1246 1358 illo-

125 1402 209 1430 rum
237 1387 429 1428 arbitrium
445 1415 460 1435 ‚
488 1388 554 1425 sed
572 1399 641 1435 pro
666 1398 736 1425 suo
761 1386 903 1435 quique
925 1388 1105 1426 arbitratu
1133 1391 1246 1428 admi-

126 1461 352 1500 nistrentur:
378 1459 557 1508 judicium
597 1457 722 1496 subire
744 1459 919 1495 volumus
942 1460 1140 1497 secundum
1166 1459 1246 1498 foe-

126 1532 235 1569 dera:
274 1530 411 1567 bellum
447 1529 608 1576 denique
646 1539 724 1566 non
762 1527 979 1576 inferimus,
1012 1530 1077 1567 sed
1103 1530 1243 1568 illatum

125 1600 446 1650 propulsabimus.
497 1598 590 1636 Tale
627 1598 722 1636 enim
762 1609 981 1646 responsum
1021 1609 1056 1636 et
1085 1611 1243 1649 aequum

125 1680 163 1709 et
191 1682 239 1709 ex
269 1669 448 1717 dignitate
473 1669 629 1718 hujusce
658 1668 820 1706 civitatis
847 1668 948 1707 est.'’

139 1747 142 1754 “·
177 1740 431 1781 Athenienses
456 1748 603 1786 autem,
633 1739 683 1776 ita
712 1738 834 1787 pergit
856 1750 942 1776 mox
970 1738 1240 1788 Thucydides,

120 1812 327 1861 Judicantes
367 1810 547 1858 optimum
586 1808 658 1846 illis
698 1809 893 1847 consilium
919 1810 1092 1847 Periclem
1121 1809 1242 1847 dedis-

116 1893 193 1930 ·se,
220 1881 266 1921 ad
288 1881 366 1930 ejus
392 1877 612 1917 sententiam
638 1880 822 1917 decretum
848 1878 1028 1919 fecerunt.
1153 1873 1155 1882 ’

122 1982 125 1984 -
170 1951 349 2000 Exposui
385 1961 516 1988 causas
552 1949 640 1987 belli
682 1949 1010 1996 Peloponnesiaci,
1052 1958 1239 1987 auctorem

123 2031 276 2061 secutus
331 2019 588 2070 gravissimum
611 2046 625 2066 ‚
675 2019 908 2066 eundemque
966 2019 1238 2066 integerrimum

1137 2089 1241 2128 Thu>-

161 2198 213 2238 (ι)
233 2200 303 2228 Eam
319 2198 480 2228 admiratur
501 2197 626 2226 acerbus
649 2197 747 2226 Thuc.
771 2197 898 2226 criticus
921 2197 1018 2225 Dion.
1040 2198 1106 2225 Hal.
1128 2206 1161 2232 p.
1176 2206 1240 2233 157.

123 2258 203 2289 Add.
223 2256 315 2287 Arist.
335 2256 375 2286 T.
395 2255 452 2286 111.
472 2264 504 2292 p.
527 2258 594 2287 226.

655 2311 688 2347 C
718 2323 738 2348 2
