1502 2767
204 188 273 224 ¹52
424 173 1090 216 COMMENTATIO

203 287 383 333 opinione
404 286 563 332 ductus,
588 284 695 323 facile
717 285 931 335 negaverit:
960 297 1000 323 ac
1030 296 1189 332 revera5
1207 285 1240 323 si
1260 292 1316 324 req'

202 357 354 404 3igionis
401 355 635 394 Christianae
690 357 849 394 indolem
905 365 940 393 et
990 354 1188 393 consilium
1239 354 1316 405 (ἰ)

203 425 506 472 consideremus,
541 426 767 473 eandemque
801 434 936 464 tantam
972 425 1010 464 in
1047 437 1106 464 res
1138 426 1318 463 humanas

207 495 381 532 habuisse
411 496 486 533 vim
512 504 549 532 et
571 495 819 534 efficacitatem
837 524 850 542 ,
880 505 921 535 ut
944 497 1070 534 nullus
1098 493 1177 534 fere
1202 496 1241 534 in
1266 496 1323 534 ci-·

207 563 416 612 vitatibus,
445 564 509 602 ubi
546 565 759 603 Christiana
796 565 926 614 religio
961 575 1108 616 recepta
1135 575 1226 613 est,
1251 566 1324 604 ho-

206 634 348 671 minum
385 635 478 672 or-do
519 635 597 682 sit,
647 635 713 683 qui
752 646 828 673 non
865 636 910 674 ab
948 648 992 674 eo
1030 637 1116 675 inde
1155 645 1324 686 tempore

208 705 423 743 emendatus
458 704 600 753 fuerit3
640 717 863 753 auguramur
906 717 1059 754 quoque
1095 707 1245 744 eandem
1282 706 1322 744 in

209 775 403 813 hominum
430 775 475 812 de
501 775 600 813 bello
623 778 789 823 gerundo
816 776 1078 815 sententiarum
1099 769 1321 814 emendatio·

209 856 292 883 nem
331 845 507 883 valuisse.
570 846 657 894 Ipse
696 846 799 884 orbis
832 855 1008 885 terrarum
1045 855 1164 885 status
1200 846 1326 896 pacifi-

210 928 307 963 cus,
334 927 411 963 quo
443 915 620 954 Christus
649 917 688 954 in
723 928 867 956 scenam
907 917 1076 965 prodiit,
1104 917 1141 954 id
1169 917 1327 955 indicare

210 986 419 1024 videbatur.
485 988 669 1025 Nostrum
704 988 773 1025 erit
809 988 847 1025 in
885 988 970 1026 luce
1004 988 1210 1033 collocare,
1237 999 1329 1035 qua-

212 1067 322 1095 tenus
355 1056 511 1094 histor-ia
547 1057 712 1105 gentium
756 1058 843 1095 huic
882 1057 1130 1095 emendationi
1174 1067 1330 1106 respon·

210 1129 309 1183 'deat-

263 1199 316 1236 At
348 1209 465 1245 vero,
495 1209 610 1246 quum
641 1199 808 1246 multos,
835 1199 944 1236 nobis
968 1198 1259 1238 emendationem
1286 1198 1332 1236 il·

213 1270 283 1306 lam
319 1268 624 1305 demonstraturis
645 1295 658 1315 ,
696 1268 747 1305 ita
779 1279 973 1306 occurrere
999 1269 1169 1314 videam,
1209 1276 1252 1305 ut
1276 1268 1332 1306 di·

213 1348 325 1386 cant,
381 1346 469 1385 post
513 1337 767 1375 introductum
810 1348 964 1385 quoque
1002 1337 1331 1376 Christianismum

214 1409 328 1446 muita
361 1408 486 1454 bella,
527 1419 644 1456 eaque
678 1407 845 1455 gentium
876 1408 1094 1455 voluntate,
1122 1407 1262 1457 injusta
1286 1408 1333 1446 de

211 1481 324 1518 causa
354 1486 554 1525 suscepta,
583 1489 692 1525 quam
717 1477 972 1516 crudelissime
1004 1488 1130 1526 gesta,
1174 1478 1266 1526 quin
1294 1477 1333 1515 in

215 1551 299 1597 ipso
342 1547 633 1587 christianismo
678 1548 879 1586 multorum
923 1559 1127 1596 eorumque
1161 1548 1335 1587 saevissi-

216 1630 359 1656 morum
393 1618 575 1656 bellorum
605 1629 735 1656 causas
774 1617 998 1665 quaerendas
1034 1617 1174 1666 videri3
1225 1627 1333 1666 ante,

218 1699 329 1736 quam
364 1689 410 1726 ad
443 1689 596 1725 alterum
624 1695 737 1736 caput
770 1696 997 1725 transeamus
1014 1715 1027 1734 ,
1052 1698 1100 1725 ne
1126 1687 1276 1737 saepius
1295 1688 1334 1726 in

217 1760 346 1797 iisdem
391 1757 668 1808 objectionibus
715 1756 920 1795 refutandis
971 1757 1146 1806 occupari
1184 1768 1338 1798 necesse

220 1829 300 1876 sit,
339 1830 500 1866 breviter
534 1839 720 1875 exponere
755 1827 882 1874 lubet,
929 1827 1074 1874 qualem
1114 1828 1340 1866 emendatio-

220 1911 302 1950 nem
332 1908 367 1936 et
395 1900 524 1946 quales
553 1899 633 1948 ejus
666 1899 845 1936 salutares
880 1898 1048 1945 sequelas
1083 1909 1102 1935 a
1129 1897 1339 1946 Religionis

224 1969 460 2008 Christianae
487 1966 655 2004 doctrina
680 1977 827 2015 sperare
860 1967 1066 2015 possimus.

274 2040 392 2089 Quod
411 2048 451 2077 ut
473 2037 609 2076 rectius
628 2035 806 2076 faciamus
820 2065 832 2084 ‚
847 2036 974 2085 paucis
998 2036 1196 2082 vid-endum
1210 2063 1223 2082 ‚
1252 2047 1342 2083 qua·

1234 2113 1343 2143 tenus

265 2208 409 2245 ()Ι,ςιξ.
441 2207 488 2233 W.
523 2206 559 2235 Α.
587 2213 658 2233 van
690 2206 866 2239 llenge1‚
900 2204 1057 2232 Geschicd.
1091 2204 1142 2230 dar
1172 2203 1277 2230 Zedel.
1307 2212 1341 2230 en

229 2265 338 2292 Gndsd.
363 2263 567 2298 beechaving,
592 2263 667 2290 Toni
702 2263 724 2291 1.
750 2270 817 2297 pagr
842 2271 889 2298 45.
915 2269 982 2296 sqq.
