1523 2745
272 166 318 211 58
470 162 1139 204 COMMENTATIO

266 270 360 320 justi
401 270 616 320 discedere3
657 282 843 320 nunquam
884 281 1004 311 autem
1043 273 1160 323 ipsius
1204 276 1382 316 interesse

266 350 422 390 potest,
450 341 488 378 in
506 342 592 379 'ulla
620 353 658 379 re
683 343 956 391 temperantiam
987 352 1022 381 et
1048 346 1262 384 modestiam
1279 374 1292 394 ‚
1324 347 1380 385 vi-

258 421 316 450 tae
351 420 562 450 ornamenta
602 412 877 459 pulcherrima,
928 413 1078 461 deponi.
1132 415 1184 453 Et
1219 426 1305 453 sane
1336 415 1380 453 il-

257 484 332 520 lum
360 481 504 528 virum,
534 480 600 528 qui
625 481 747 518 varios
770 481 880 519 animi
907 490 1032 520 motus
1064 482 1196 520 rationi
1223 483 1382 533 subjice·

257 561 298 588 re
330 562 350 588 a
379 550 512 588 teneris
557 550 730 588 didicerat
750 578 762 597 ‚
815 553 888 598 qua
918 550 1037 590 fuisse
1072 553 1310 601 temperantia
1338 552 1378 590 in

257 620 364 658 dictis
398 619 582 667 factisque
617 619 812 658 dicemus?
840 621 984 659 Natura
1009 629 1046 659 et
1077 622 1272 671 disciplina
1292 634 1380 661 acu·

257 700 298 728 to
326 690 470 738 pulchri
505 701 616 727 sensu
642 692 805 738 repletus
830 701 865 727 et
893 691 930 727 in
955 692 1056 728 omni
1081 692 1156 729 vita
1181 691 1252 742 (ι)
1278 692 1377 729 illam

261 761 474 808 elegantiam
524 758 685 797 referens
706 784 719 806 ²
772 771 880 806 quam
918 768 1046 807 postea
1098 760 1267 798 Athenae
1301 759 1376 797 sibi

257 831 446 880 propriam
472 831 680 868 habuerunt
696 858 709 876 ‚
738 830 939 867 delectatus
965 829 1111 867 videtur
1138 830 1341 867 amicorum
1357 856 1372 876 ,

263 913 360 950 quos
410 901 542 938 habuit
578 903 743 947 multos,
793 900 1015 937 commercio
1063 908 1101 937 et
1135 899 1377 948 ingenuarum

261 973 455 1010 mulierum
491 970 775 1012 consuetudine.
830 970 903 1008 Sed
938 969 1119 1007 calumnia
1155 978 1191 1006 et
1236 967 1376 1006 invidia

264 1044 326 1081 illa
351 1043 382 1080 ei
415 1043 630 1090 objecerunt
656 1041 810 1078 crimina
839 1039 936 1088 (2),
967 1039 1075 1087 quasi
1100 1039 1237 1087 quovis
1263 1038 1375 1076 modo

261 1113 406 1152 libidini
448 1111 659 1150 satisfacere
699 1109 902 1147 studuerit.
972 1108 1178 1157 Redarguit
1217 1119 1258 1145 ea
1295 1117 1376 1144 mo—

263 1184 383 1221 derata
405 1182 502 1220 vitae
535 1180 783 1218 instituendae
811 1179 904 1216 ratio
930 1179 950 1231 f
957 1179 999 1227 3)
1025 1190 1045 1216 a
1073 1189 1145 1225 qua
1173 1187 1374 1224 numquam

259 1252 481 1298 recedebat3
521 1251 656 1289 diserte
691 1250 799 1286 etiam
835 1247 969 1285 refellit
1001 1248 1139 1285 dictum
1165 1246 1235 1295 (4)
1264 1246 1374 1295 ejus,

263 1333 341 1370 quo
378 1322 603 1369 Sophoclem
644 1320 682 1356 in
717 1320 889 1366 praetura
934 1318 1111 1365 collegam
1148 1315 1376 1363 intempesti-

259 1404 306 1431 ve
339 1391 445 1440 pueri
478 1391 666 1439 quusdam
708 1387 863 1425 formam
888 1387 1092 1425 laudantem
1127 1385 1373 1434 reprehendit.

258 1489 289 1509 ‚‚
331 1462 540 1499 Praetorem
591 1458 731 1506 quippe
772 1459 901 1495 decere
942 1468 1018 1494 non
1044 1458 1167 1494 solum
1205 1466 1335 1494 manus
1359 1482 1373 1502 ‚

258 1532 325 1569 sed
357 1531 465 1568 etiam
503 1530 633 1566 oculos
668 1528 898 1566 abstinentes
921 1526 1098 1564 habere.”
1151 1526 1287 1572 Neque
1321 1534 1375 1563 ta-

257 1611 340 1638 men
378 1609 462 1647 est‚
491 1599 592 1646 quod
616 1599 789 1635 miremur
821 1597 918 1634 illius
951 1596 1078 1635 aetatis
1115 1595 1286 1634 homines
1306 1595 1375 1643 (5)

254 1670 402 1708 libidini
437 1668 614 1706 tribuisse
643 1679 801 1705 amorem
821 1695 833 1714 ,
877 1677 952 1714 quo
996 1665 1218 1714 Aspasiam‚
1245 1663 1376 1702 cultis·

259 1740 308 1779 mi
344 1739 483 1788 ingenii
507 1737 704 1776 foeminam
730 1736 1054 1786 prosequebatur,
1083 1746 1199 1783 quum
1231 1744 1276 1772 eo
1310 1745 1375 1772 us-

1301 1814 1373 1852 que

296 1956 347 1991 (ι)
369 1956 539 1993 Plut.2Per.
562 1964 591 1988 5.
613 1955 725 1982 Aesch.
745 1962 772 1982 e.
792 1949 984 1981 Timarchum
1002 1955 1033 1983 6.

294 2014 349 2050 (α)
373 2015 484 2042 Athen.
503 2013 539 2041 X.
562 2015 632 2048 436.
654 2011 686 2039 F.
707 2009 789 2038 XIII.
807 2013 874 2046 589.
894 2010 929 2038 F.

292 2071 346 2109 (3)
367 2071 445 2099 Plut.
470 2069 536 2097 Per.
560 2078 589 2103 7.

293 2128 345 2165 (4)
367 2128 445 2155 Plut.
466 2127 533 2154 Per.
551 2128 580 2155 8.
601 2124 668 2153 Cic.
685 2125 723 2153 de
744 2124 807 2153 Off.
830 2124 854 2152 Ι.
876 2133 927 2160 40.
945 2124 1012 2151 Val.
1034 2123 1116 2151 Max.
1139 2121 1193 2150 tv,
1212 2127 1242 2154 3.
1266 2129 1294 2150 1-

291 2183 343 2218 (5)
365 2183 441 2212 Vide
450 2189 557 2211 versus
569 2182 648 2212 Crat.
667 2182 818 2219 etEupol.
832 2181 911 2216 apud
922 2181 1150 2216 Plut..Per‹.24.
1165 2185 1196 2209 et
1211 2179 1367 2216 Aristoph.

249 2241 325 2271 ibid.
345 2249 393 2277 50.
