1502 2767
474 122 1070 182 '1‘HEoLoo'1oA.
1272 157 1290 180 ε

704 253 740 299 §-
785 263 822 300 3.

254 365 395 404 Bellum
421 365 635 404 inevitabile
657 374 709 403 est
732 364 773 403 ob
794 364 1007 403 hodiernam
1025 367 1172 414 generis
1200 367 1263 404 lus-

430 437 535 473 mam‘
561 435 808 486 depravatam
834 433 1090 473 conditionem.

1298 157 1317 192 ‘ai

250 546 410 599 Majoris
432 548 610 587 momenti
635 557 911 598 argumentum,
941 558 1018 594 quo
1042 547 1177 584 bellum
1202 546 1315 584 evita-

199 619 231 658 ri
261 630 340 658 non
371 631 485 669 posse
517 619 728 669 probetur,
768 628 824 657 est
862 617 926 665 id,
968 617 1071 664 quod
1097 617 1238 665 petitur
1270 628 1315 655 ex

195 683 391 732 depravata
410 683 603 722 hominum
627 683 855 724 conditione.
908 681 987 731 Qui
1017 679 1172 719 Ethices
1212 691 1315 729 prae-

196 762 305 802 cepta
336 753 584 802 praescribit,
614 753 790 791 omnibus
816 753 969 801 populis
1002 760 1085 800 apta
1104 779 1116 797 ‚
1153 751 1246 800 (nisi
1272 745 1315 788 il-

196 822 271 862 lius
293 823 469 862 insistens
492 823 662 872 vestigiis
679 851 692 870 ,
720 823 787 872 qui
813 823 903 860 tales
940 821 1011 859 sibi
1050 821 1220 859 homines
1248 820 1316 858 fin-

197 893 273 941 git,
301 894 398 931 inter
421 905 518 941 quos
545 904 736 940 nunquam
764 891 971 929 officiorum
1010 893 1066 928 vel
1100 892 1317 929 commodo-

196 974 279 1001 rum
298 963 445 1001 collisio
467 964 599 1000 locum
626 962 795 999 obtinere
832 969 986 1009 potest,
1023 961 1182 999 consilio
1209 962 1315 1008 plane

193 1031 363 1071 frustrari
403 1032 528 1080 cupiat
547 1035 584 1079 ‚)
619 1032 791 1070 homines
828 1031 900 1069 sibi
929 1041 1114 1079 proponat
1141 1041 1313 1079 oportet,

193 1102 322 1149 quales
346 1113 427 1140 esse
447 1102 594 1149 solent,
624 1111 772 1140 naturas
805 1102 956 1149 finitas,
985 1114 1080 1149 quae
1114 1113 1192 1139 non
1219 1114 1316 1140 sem-

194 1181 262 1218 per
290 1172 335 1209 ad
362 1171 432 1210 rite
461 1173 629 1210 excultae
650 1171 805 1211 rationis
830 1172 976 1209 decreta
1001 1184 1093 1221 pure
1115 1173 1311 1220 cogitant,

193 1241 362 1280 sentiunt
389 1251 425 1280 et
452 1250 581 1290 agunt.
612 1266 669 1277 .-
693 1242 843 1291 Quodsi
866 1241 926 1279 hic
955 1241 1181 1289 experientia
1204 1242 1313 1279 edoc-

193 1319 256 1349 tus
282 1313 356 1358 sit,
385 1311 480 1350 inter
509 1311 679 1349 homines
713 1323 868 1359 quoque
894 1312 1059 1359 privatos
1076 1340 1088 1358 ,
1106 1312 1212 1349 etiarn
1248 1310 1313 1348 ubi

194 1381 290 1420 bene
322 1383 454 1420 morati
478 1391 593 1428 sunt,
616 1382 700 1419 lites
734 1393 876 1429 semper
913 1381 1041 1419 evitari
1069 1392 1146 1418 non
1170 1393 1309 1429 posse3

191 1452 265 1490 sibi
290 1452 553 1501 persuadebit,
582 1453 701 1489 multo
726 1451 848 1489 minus
871 1452 1159 1499 exspectandum
1178 1479 1190 1498 ‚
1216 1463 1312 1489 nun—

194 1534 302 1570 quam
335 1522 374 1560 in
397 1522 547 1561 civitate
568 1522 777 1570 Principem
818 1522 913 1559 inter
937 1532 972 1559 et
997 1524 1179 1571 populum
1198 1551 1209 1569 ‚
1239 1523 1312 1560 diS«

192 1591 415 1641 crepantiam
436 1602 473 1630 et
511 1592 776 1630 sententiarum
812 1593 1062 1630 diversitatem
1089 1602 1279 1631 exorturas
1298 1622 1310 1640 ‚

193 1664 271 1700 vim
305 1663 378 1712 J‘uri
414 1661 540 1701 inferri
581 1672 618 1700 et
653 1664 791 1712 pacem}
818 1663 941 1710 rumpi
992 1662 1076 1710 (ι).
1127 1662 1207 1711 Jam
1249 1675 1314 1700 vc-

193 1743 266 1781 ro,
292 1733 324 1770 si
357 1733 640 1787 unusquisque,
683 1734 887 1782 prudenter
913 1733 958 1770 de
993 1732 1106 1770 rebus
1141 1733 1310 1770 humanis

185 1804 368 1853 judicium
400 1804 599 1842 instituens
616 1831 629 1851 ‚
656 1804 706 1841 ita
742 1803 883 1857 invitus
913 1802 958 1840 de
986 1802 1158 1850 Principe
1185 1811 1221 1839 et
1243 1814 1313 1859 po·

172 1862 286 1921 >pulo
319 1873 481 1923 cogitare
515 1874 693 1924 Jubetur‚
733 1874 863 1921 quidni
900 1873 984 1911 lites
1017 1873 1221 1911 etbelluni
1243 1885 1312 1921 po-

189 1945 302 1993 pulos
317 1944 412 1982 inter
430 1943 600 1983 diversos
626 1944 786 1991 dixerit,
801 1944 832 1981 si
856 1955 932 1981 non
956 1943 1206 1990 necessarias,
1233 1955 1313 1980 cer-

193 2022 230 2051 te
267 2026 375 2062 saepe
406 2013 638 2055 inevitabiles
654 2043 667 2062 ,
712 2024 886 2063 reputans
903 2043 915 2062 ‚
942 2015 999 2052 his
1037 2025 1104 2052 nec
1129 2014 1229 2062 leges
1254 2026 1311 2051 es-

1270 2096 1310 2122 se

230 2159 284 2196 (ι)
302 2160 439 2190 Pluribus
467 2163 527 2191 hoe
551 2162 700 2197 explicuit
720 2164 756 2192 C·
783 2163 960 2198 Schwab,
991 2165 1086 2192 Ueber
1116 2164 1168 2191 dus
1198 2172 1308 2193 unver-

194 2216 350 2245 men‘dlicht
370 2218 522 2254 auream,
546 2226 613 2254 pag.
638 2230 655 2256 9
677 2226 742 2254 sqq.
