1502 2767
267 213 340 239 220
489 200 1152 241 COMMENTATIO

266 318 434 356 tantum,
461 310 526 347 secl
550 308 743 347 hominum
778 320 929 359 quoque
961 313 1043 360 jura
1081 323 1102 349 a
1138 310 1370 360 principibus

262 379 417 417 revereri
463 379 627 417 discunt.
705 379 849 417 Notum
895 387 974 427 est,
1028 388 1218 425 ut,unutn
1256 381 1372 419 instar

262 449 427 487 omnium
465 451 669 497 exemplum
700 447 870 497 afferam,
908 451 1002 497 qui,
1044 461 1188 498 quum,
1229 450 1370 488 sociata

260 519 520 557 Britannorum
551 528 844 566 nostrorumque
874 519 1032 557 militum
1058 518 1244 558 navalium
1271 530 1368 568 ope,

259 589 416 627 victoria
453 591 497 628 de
535 589 797 637 Algirensibus
836 597 1022 637 reportata
1059 597 1184 637 esset,
1233 589 1370 628 horum

257 659 428 707 princeps
460 662 502 698 ea
541 661 619 707 lege
654 670 779 708 pacem
805 659 1012 708 acceperit,
1040 668 1082 698 ut
1110 649 1152 697 'in
1178 668 1371 709 posterum

258 714 427 776 captivos
461 739 651 776 nunquam
690 740 819 766 servos
858 730 1022 768 redderet
1049 728 1132 777 (1).

310 799 400 837 Post
432 810 558 846 pacem
598 798 796 837 stabilitam
832 798 967 837 milites
1010 799 1094 836 laeti
1137 799 1183 838 ad
1217 809 1296 837 aras
1330 807 1369 841 et

257 866 364 904 focos
399 869 578 914 redeunt,
605 867 706 905 cives
742 867 864 905 bonos
892 878 972 905 sese
1009 874 1196 915 praestant
1233 876 1272 906 et
1308 877 1373 915 pa·

256 938 311 976 cis
339 938 544 976 commodis
583 936 789 986 fruuntur3
836 937 973 986 quodsi
1008 937 1074 984 qui
1100 936 1177 975 sint
1210 935 1391 978 vulnerir

257 1007 328 1045 bus
368 1007 518 1054 affecti,
572 1016 748 1046 curantur
791 1016 827 1045 et
864 1007 956 1046 varii
991 1007 1134 1057 generis
1180 1006 1368 1046 beneficiis

256 1077 520 1124 cumulantur;
563 1077 596 1114 si
633 1078 725 1125 qui,
754 1077 955 1125 quominus
990 1077 1129 1116 victum
1157 1077 1229 1115 sibi
1260 1087 1370 1125 quae—

258 1155 366 1193 rant,
417 1147 723 1195 praepediantur,
774 1156 838 1194 et‚
891 1158 967 1185 uno
1005 1149 1170 1186 alterove
1204 1146 1371 1186 membro

257 1216 422 1264 amisso,
473 1217 591 1254 labori
637 1217 794 1265 impares
842 1217 945 1263 sint,
994 1217 1146 1265 publice
1192 1218 1369 1263 aluntur,

259 1286 349 1334 quin
377 1286 452 1324 imo
486 1296 621 1324 uxores
642 1295 678 1324 et
699 1286 834 1333 liberi,
861 1296 909 1324 ne
931 1286 1058 1335 inopia
1088 1286 1283 1333 laborent,
1311 1297 1372 1324 ca-

259 1365 379 1394 vetur.
434 1356 606 1406 Quisque
633 1356 766 1402 novit,
795 1357 863 1403 qui
894 1356 992 1394 haud
1019 1355 1128 1404 pauci
1148 1368 1193 1395 ex
1215 1355 1368 1405 populis

258 1427 448 1465 veteribus
477 1438 522 1464 ex
549 1426 648 1464 bello
669 1426 823 1463 reduces
857 1426 1069 1464 luxuriosae
1097 1434 1135 1463 et
1164 1426 1369 1464 dissolutae

257 1496 406 1535 vivendi
433 1496 566 1533 rationi
597 1506 637 1533 se
667 1496 842 1533 dederent
860 1524 873 1543 ‚
917 1495 1053 1544 praeda
1087 1495 1214 1534 vivere
1249 1493 1367 1533 satius

258 1567 458 1614 ducentes,
483 1577 592 1613 quarn
621 1565 659 1603 iu
685 1565 797 1604 vitam
821 1564 967 1604 civilem
1005 1564 1124 1604 redire
1150 1573 1187 1603 et
1215 1565 1382 1612 honeste

258 1638 399 1675 vivere.
476 1636 642 1675 Graecos
679 1645 768 1683 post
803 1636 903 1674 bella‘
932 1635 1076 1674 Persica
1091 1663 1106 1683 ‚
1148 1633 1369 1673 Hannibalis

256 1706 384 1754 copias
412 1714 499 1754 post
533 1706 765 1744 Cannensem
791 1704 1014 1750 victoriam,
1054 1705 1248 1743 Romanos
1275 1704 1368 1742 anti·

257 1786 355 1823 quos
379 1776 474 1825 (2),
508 1786 555 1813 ne
579 1775 782 1813 seditiones
816 1784 1037 1823 moverent,
1074 1786 1096 1813 a
1127 1774 1294 1814 Patriciis
1323 1774 1369 1812 ad

258 1845 392 1884 bellum
428 1845 592 1892 missos,
645 1844 730 1882 inde
759 1845 941 1892 reduces,
978 1845 1077 1883 haud
1109 1855 1190 1882 raro
1224 1855 1366 1882 summa

1284 1914 1367 1952 imis

296 2008 349 2040 (x)
370 2006 433 2035 cfr.
453 2006 483 2043 J.
506 2013 579 2033 van
604 2006 771 2040 Voorst,
792 2005 822 2033 in
848 2007 929 2034 Orat.
950 2005 1023 2041 cit.,
1044 2013 1111 2041 pag.
1134 2015 1181 2040 53·

296 2062 349 2100 (ι’)
371 2061 517 2090 Audiatur
539 2060 696 2094 velleji
723 2061 933 2090 Paterculi
958 2062 995 2090 de
1022 2062 1168 2090 Romanis
1193 2068 1262 2096 post
1290 2061 1367 2088 bena

259 2118 372 2147 Punica
393 2117 615 2147 testimonium:
637 2119 799 2154 ,‚qm’ppae‚
821 2124 933 2145 remoto
954 2117 1156 2154 Carthaginis
1177 2124 1277 2151 metu,
1297 2119 1367 2145 sub·

260 2195 283 2210 ‚,
303 2177 429 2211 lataque
466 2175 592 2211 imperii
628 2176 768 2209 aemula,
799 2183 855 2201 non
877 2175 999 2211 gradu,
1034 2174 1086 2203 sed
1102 2175 1248 2210 praecipi
1275 2181 1366 2204 cursu

258 2251 280 2267 ,‚
303 2241 320 2258 a
347 2233 467 2261 virtute
502 2231 671 2265 descitum,
709 2231 750 2259 ad
774 2232 856 2261 vitia
891 2238 1126 2265 transcursum,·
1163 2238 1251 2260 vetus
1275 2231 1369 2259 disci·

259 2307 283 2323 „
301 2290 388 2326 plina
415 2289 555 2323 deserta,
592 2297 667 2316 nova
692 2288 841 2322 inducta,
881 2290 914 2315 in
944 2297 1074 2316 somnum
1099 2298 1118 2315 a
1145 2289 1288 2325 vigiliis,
1328 2291 1366 2316 ab

1274 2364 1296 2379 9,
1318 2354 1370 2372 07·
