<?xml version="1.0" encoding="UTF-8"?>
<!DOCTYPE html PUBLIC "-//W3C//DTD XHTML 1.0 Transitional//EN"
    "http://www.w3.org/TR/xhtml1/DTD/xhtml1-transitional.dtd">
<html xmlns="http://www.w3.org/1999/xhtml" xml:lang="en" lang="en">
 <head>
  <title>
</title>
<meta http-equiv="Content-Type" content="text/html;charset=utf-8" />
  <meta name='ocr-system' content='tesseract 3.04.00' />
  <meta name='ocr-capabilities' content='ocr_page ocr_carea ocr_par ocr_line ocrx_word'/>
</head>
<body>
  <div class='ocr_page' id='page_1' title='image "annalesacademiae33rhen_0309.png"; bbox 0 0 1502 2767; ppageno 0'>
   <div class='ocr_carea' id='block_1_1' title="bbox 399 149 1262 196">
    <p class='ocr_par' dir='ltr' id='par_1_1' title="bbox 399 149 1262 196">
     <span class='ocr_line' id='line_1_1' title="bbox 399 149 1262 196; baseline -0.005 -6"><span class='ocrx_word' id='word_1_1' title='bbox 399 149 996 190; x_wconf 78' lang='lat' dir='ltr'>THEOLooicA.</span> <span class='ocrx_word' id='word_1_2' title='bbox 1215 158 1262 196; x_wconf 56' lang='grc' dir='ltr'>ες</span> 
     </span>
    </p>
   </div>
   <div class='ocr_carea' id='block_1_2' title="bbox 119 258 1314 2327">
    <p class='ocr_par' dir='ltr' id='par_1_2' title="bbox 150 258 1267 519">
     <span class='ocr_line' id='line_1_2' title="bbox 201 258 1264 309; baseline -0.005 -10"><span class='ocrx_word' id='word_1_3' title='bbox 201 261 482 308; x_wconf 85' lang='lat' dir='ltr'>Nonnunquam</span> <span class='ocrx_word' id='word_1_4' title='bbox 497 288 509 307; x_wconf 86' lang='lat'>,</span> <span class='ocrx_word' id='word_1_5' title='bbox 526 260 595 298; x_wconf 89' lang='lat' dir='ltr'>sub</span> <span class='ocrx_word' id='word_1_6' title='bbox 611 260 733 308; x_wconf 76' lang='lat' dir='ltr'>speeie</span> <span class='ocrx_word' id='word_1_7' title='bbox 747 259 839 309; x_wconf 79' lang='lat' dir='ltr'>justi</span> <span class='ocrx_word' id='word_1_8' title='bbox 857 288 869 306; x_wconf 80' lang='lat'>‚</span> <span class='ocrx_word' id='word_1_9' title='bbox 887 258 1059 307; x_wconf 85' lang='lat' dir='ltr'>princeps</span> <span class='ocrx_word' id='word_1_10' title='bbox 1073 285 1084 303; x_wconf 78' lang='grc'><em>,</em></span> <span class='ocrx_word' id='word_1_11' title='bbox 1097 268 1174 305; x_wconf 87' lang='lat' dir='ltr'>quo</span> <span class='ocrx_word' id='word_1_12' title='bbox 1190 258 1264 294; x_wconf 80' lang='lat' dir='ltr'>ma-</span> 
     </span>
     <span class='ocr_line' id='line_1_3' title="bbox 150 327 1265 380; baseline -0.004 -13"><span class='ocrx_word' id='word_1_13' title='bbox 150 331 232 380; x_wconf 61' lang='lat' dir='ltr'>iora</span> <span class='ocrx_word' id='word_1_14' title='bbox 259 342 278 368; x_wconf 90' lang='lat' dir='ltr'>a</span> <span class='ocrx_word' id='word_1_15' title='bbox 313 341 383 368; x_wconf 88' lang='lat' dir='ltr'>suo</span> <span class='ocrx_word' id='word_1_16' title='bbox 410 331 555 378; x_wconf 89' lang='lat' dir='ltr'>populo</span> <span class='ocrx_word' id='word_1_17' title='bbox 580 338 719 368; x_wconf 86' lang='lat' dir='ltr'>avertat</span> <span class='ocrx_word' id='word_1_18' title='bbox 746 330 875 367; x_wconf 88' lang='lat' dir='ltr'>damna</span> <span class='ocrx_word' id='word_1_19' title='bbox 893 357 906 377; x_wconf 82' lang='lat'><em>‚</em></span> <span class='ocrx_word' id='word_1_20' title='bbox 947 327 1006 366; x_wconf 86' lang='lat' dir='ltr'>alii</span> <span class='ocrx_word' id='word_1_21' title='bbox 1041 328 1178 365; x_wconf 81' lang='lat' dir='ltr'>bellum</span> <span class='ocrx_word' id='word_1_22' title='bbox 1211 328 1265 364; x_wconf 86' lang='lat' dir='ltr'>in-</span> 
     </span>
     <span class='ocr_line' id='line_1_4' title="bbox 153 397 1267 448; baseline -0.002 -12"><span class='ocrx_word' id='word_1_23' title='bbox 153 398 240 437; x_wconf 89' lang='lat' dir='ltr'>fert.</span> <span class='ocrx_word' id='word_1_24' title='bbox 289 400 447 438; x_wconf 87' lang='lat' dir='ltr'><strong>Etiamsi</strong></span> <span class='ocrx_word' id='word_1_25' title='bbox 481 400 575 437; x_wconf 86' lang='lat' dir='ltr'>hanc</span> <span class='ocrx_word' id='word_1_26' title='bbox 609 400 739 448; x_wconf 85' lang='lat' dir='ltr'>agendi</span> <span class='ocrx_word' id='word_1_27' title='bbox 769 400 943 437; x_wconf 84' lang='lat' dir='ltr'>rationem</span> <span class='ocrx_word' id='word_1_28' title='bbox 974 398 1012 435; x_wconf 90' lang='lat' dir='ltr'>in</span> <span class='ocrx_word' id='word_1_29' title='bbox 1039 397 1119 434; x_wconf 91' lang='lat' dir='ltr'>viro</span> <span class='ocrx_word' id='word_1_30' title='bbox 1145 397 1267 444; x_wconf 82' lang='lat' dir='ltr'>priva·</span> 
     </span>
     <span class='ocr_line' id='line_1_5' title="bbox 151 467 1265 519; baseline -0.002 -13"><span class='ocrx_word' id='word_1_31' title='bbox 151 478 192 507; x_wconf 93' lang='lat' dir='ltr'>to</span> <span class='ocrx_word' id='word_1_32' title='bbox 223 470 343 508; x_wconf 83' lang='lat' dir='ltr'>statim</span> <span class='ocrx_word' id='word_1_33' title='bbox 380 469 677 519; x_wconf 77' lang='lat' dir='ltr'>improbaveris,</span> <span class='ocrx_word' id='word_1_34' title='bbox 704 474 853 517; x_wconf 76' lang='lat' dir='ltr'>tamen,</span> <span class='ocrx_word' id='word_1_35' title='bbox 888 469 953 505; x_wconf 83' lang='lat' dir='ltr'>ubi</span> <span class='ocrx_word' id='word_1_36' title='bbox 985 468 1103 505; x_wconf 86' lang='lat' dir='ltr'>totius</span> <span class='ocrx_word' id='word_1_37' title='bbox 1133 467 1265 515; x_wconf 90' lang='lat' dir='ltr'>populi</span> 
     </span>
    </p>

    <p class='ocr_par' dir='ltr' id='par_1_3' title="bbox 119 536 1314 857">
     <span class='ocr_line' id='line_1_6' title="bbox 119 536 1266 588; baseline -0.003 -11"><span class='ocrx_word' id='word_1_38' title='bbox 119 545 259 581; x_wconf 72' lang='lat' dir='ltr'>‘causa</span> <span class='ocrx_word' id='word_1_39' title='bbox 289 539 436 588; x_wconf 88' lang='lat' dir='ltr'>agitur,</span> <span class='ocrx_word' id='word_1_40' title='bbox 474 539 581 578; x_wconf 86' lang='lat' dir='ltr'>facile</span> <span class='ocrx_word' id='word_1_41' title='bbox 612 539 842 578; x_wconf 64' lang='lat' dir='ltr'>excusationi</span> <span class='ocrx_word' id='word_1_42' title='bbox 877 540 983 576; x_wconf 78' lang='lat' dir='ltr'>locus</span> <span class='ocrx_word' id='word_1_43' title='bbox 1016 537 1190 583; x_wconf 78' lang='lat' dir='ltr'>dabitur,</span> <span class='ocrx_word' id='word_1_44' title='bbox 1232 536 1266 574; x_wconf 91' lang='lat' dir='ltr'>si</span> 
     </span>
     <span class='ocr_line' id='line_1_7' title="bbox 150 606 1262 659; baseline -0.004 -13"><span class='ocrx_word' id='word_1_45' title='bbox 150 609 245 647; x_wconf 89' lang='lat' dir='ltr'>idem</span> <span class='ocrx_word' id='word_1_46' title='bbox 277 609 425 658; x_wconf 81' lang='lat' dir='ltr'>foedera</span> <span class='ocrx_word' id='word_1_47' title='bbox 470 610 640 659; x_wconf 75' lang='lat' dir='ltr'>frangat,</span> <span class='ocrx_word' id='word_1_48' title='bbox 689 609 850 647; x_wconf 85' lang='lat' dir='ltr'>vicinive</span> <span class='ocrx_word' id='word_1_49' title='bbox 888 608 1020 656; x_wconf 85' lang='lat' dir='ltr'>populi</span> <span class='ocrx_word' id='word_1_50' title='bbox 1059 606 1262 655; x_wconf 83' lang='lat' dir='ltr'>potentiam</span> 
     </span>
     <span class='ocr_line' id='line_1_8' title="bbox 150 675 1265 728; baseline -0.003 -12"><span class='ocrx_word' id='word_1_51' title='bbox 150 679 368 728; x_wconf 79' lang='lat' dir='ltr'>imminuat3</span> <span class='ocrx_word' id='word_1_52' title='bbox 409 691 491 718; x_wconf 83' lang='lat' dir='ltr'>narn</span> <span class='ocrx_word' id='word_1_53' title='bbox 529 681 589 718; x_wconf 86' lang='lat' dir='ltr'>illa</span> <span class='ocrx_word' id='word_1_54' title='bbox 635 680 783 717; x_wconf 82' lang='lat' dir='ltr'>foedera</span> <span class='ocrx_word' id='word_1_55' title='bbox 820 678 889 717; x_wconf 86' lang='lat' dir='ltr'>sub</span> <span class='ocrx_word' id='word_1_56' title='bbox 933 678 1058 726; x_wconf 86' lang='lat' dir='ltr'>priore</span> <span class='ocrx_word' id='word_1_57' title='bbox 1094 675 1265 723; x_wconf 81' lang='lat' dir='ltr'>Principe</span> 
     </span>
     <span class='ocr_line' id='line_1_9' title="bbox 150 747 1314 799; baseline -0.003 -12"><span class='ocrx_word' id='word_1_58' title='bbox 150 749 282 787; x_wconf 83' lang='lat' dir='ltr'>sanciri</span> <span class='ocrx_word' id='word_1_59' title='bbox 313 758 545 798; x_wconf 77' lang='lat' dir='ltr'>potuerunt3</span> <span class='ocrx_word' id='word_1_60' title='bbox 579 752 650 799; x_wconf 83' lang='lat' dir='ltr'>jam</span> <span class='ocrx_word' id='word_1_61' title='bbox 678 761 764 787; x_wconf 84' lang='lat' dir='ltr'>vero</span> <span class='ocrx_word' id='word_1_62' title='bbox 785 749 889 787; x_wconf 82' lang='lat' dir='ltr'>aliter</span> <span class='ocrx_word' id='word_1_63' title='bbox 919 760 1023 797; x_wconf 79' lang='lat' dir='ltr'>agere</span> <span class='ocrx_word' id='word_1_64' title='bbox 1050 747 1180 796; x_wconf 85' lang='lat' dir='ltr'>populi</span> <span class='ocrx_word' id='word_1_65' title='bbox 1205 748 1265 795; x_wconf 82' lang='lat' dir='ltr'>ju·</span> <span class='ocrx_word' id='word_1_66' title='bbox 1312 765 1314 768; x_wconf 92' lang='lat'>·</span> 
     </span>
     <span class='ocr_line' id='line_1_10' title="bbox 147 817 471 857; baseline 0 -1"><span class='ocrx_word' id='word_1_67' title='bbox 147 817 236 856; x_wconf 92' lang='lat' dir='ltr'>bent</span> <span class='ocrx_word' id='word_1_68' title='bbox 262 820 471 857; x_wconf 82' lang='lat' dir='ltr'>commoda.</span> 
     </span>
    </p>

    <p class='ocr_par' dir='ltr' id='par_1_4' title="bbox 134 886 1262 1565">
     <span class='ocr_line' id='line_1_11' title="bbox 198 886 1255 935; baseline -0.003 -10"><span class='ocrx_word' id='word_1_69' title='bbox 198 888 400 935; x_wconf 82' lang='lat' dir='ltr'>Denique,</span> <span class='ocrx_word' id='word_1_70' title='bbox 438 899 484 925; x_wconf 90' lang='lat' dir='ltr'>ne</span> <span class='ocrx_word' id='word_1_71' title='bbox 520 888 625 935; x_wconf 88' lang='lat' dir='ltr'>plura</span> <span class='ocrx_word' id='word_1_72' title='bbox 656 886 877 932; x_wconf 83' lang='lat' dir='ltr'>afferamus,</span> <span class='ocrx_word' id='word_1_73' title='bbox 928 886 1029 923; x_wconf 84' lang='lat' dir='ltr'>cives</span> <span class='ocrx_word' id='word_1_74' title='bbox 1081 896 1255 933; x_wconf 81' lang='lat' dir='ltr'>persaepe</span> 
     </span>
     <span class='ocr_line' id='line_1_12' title="bbox 146 955 1260 1005; baseline -0.004 -11"><span class='ocrx_word' id='word_1_75' title='bbox 146 956 256 995; x_wconf 83' lang='lat' dir='ltr'>inviti</span> <span class='ocrx_word' id='word_1_76' title='bbox 288 969 385 995; x_wconf 85' lang='lat' dir='ltr'>arma</span> <span class='ocrx_word' id='word_1_77' title='bbox 421 967 552 1005; x_wconf 80' lang='lat' dir='ltr'>gerere</span> <span class='ocrx_word' id='word_1_78' title='bbox 579 964 792 1003; x_wconf 77' lang='lat' dir='ltr'>coguntur3</span> <span class='ocrx_word' id='word_1_79' title='bbox 836 955 1007 1003; x_wconf 81' lang='lat' dir='ltr'>Principe</span> <span class='ocrx_word' id='word_1_80' title='bbox 1031 955 1127 993; x_wconf 88' lang='lat' dir='ltr'>enim</span> <span class='ocrx_word' id='word_1_81' title='bbox 1145 983 1157 1001; x_wconf 86' lang='lat'><strong>‚</strong></span> <span class='ocrx_word' id='word_1_82' title='bbox 1180 955 1260 992; x_wconf 88' lang='lat' dir='ltr'>sive</span> 
     </span>
     <span class='ocr_line' id='line_1_13' title="bbox 142 1025 1262 1076; baseline -0.003 -12"><span class='ocrx_word' id='word_1_83' title='bbox 142 1027 254 1076; x_wconf 86' lang='lat' dir='ltr'>J’ustis</span> <span class='ocrx_word' id='word_1_84' title='bbox 287 1027 407 1064; x_wconf 87' lang='lat' dir='ltr'>causis</span> <span class='ocrx_word' id='word_1_85' title='bbox 448 1028 588 1072; x_wconf 79' lang='lat' dir='ltr'>ducto,</span> <span class='ocrx_word' id='word_1_86' title='bbox 642 1025 724 1063; x_wconf 88' lang='lat' dir='ltr'>sive</span> <span class='ocrx_word' id='word_1_87' title='bbox 764 1026 815 1062; x_wconf 90' lang='lat' dir='ltr'>ira</span> <span class='ocrx_word' id='word_1_88' title='bbox 856 1034 920 1063; x_wconf 78' lang='lat' dir='ltr'>aut</span> <span class='ocrx_word' id='word_1_89' title='bbox 961 1026 1092 1062; x_wconf 88' lang='lat' dir='ltr'>dolore</span> <span class='ocrx_word' id='word_1_90' title='bbox 1130 1025 1262 1072; x_wconf 86' lang='lat' dir='ltr'>abrep-</span> 
     </span>
     <span class='ocr_line' id='line_1_14' title="bbox 145 1095 1260 1144; baseline -0.002 -10"><span class='ocrx_word' id='word_1_91' title='bbox 145 1105 213 1143; x_wconf 72' lang='grc' dir='ltr'>το,</span> <span class='ocrx_word' id='word_1_92' title='bbox 241 1096 376 1134; x_wconf 90' lang='lat' dir='ltr'>bellum</span> <span class='ocrx_word' id='word_1_93' title='bbox 413 1107 537 1144; x_wconf 83' lang='lat' dir='ltr'>gerere</span> <span class='ocrx_word' id='word_1_94' title='bbox 563 1106 660 1143; x_wconf 89' lang='lat' dir='ltr'>opus</span> <span class='ocrx_word' id='word_1_95' title='bbox 685 1106 768 1133; x_wconf 89' lang='lat' dir='ltr'>esse</span> <span class='ocrx_word' id='word_1_96' title='bbox 800 1104 981 1143; x_wconf 81' lang='lat' dir='ltr'>putante,</span> <span class='ocrx_word' id='word_1_97' title='bbox 1014 1095 1144 1143; x_wconf 89' lang='lat' dir='ltr'>cives,</span> <span class='ocrx_word' id='word_1_98' title='bbox 1174 1107 1260 1133; x_wconf 87' lang='lat' dir='ltr'>cau·</span> 
     </span>
     <span class='ocr_line' id='line_1_15' title="bbox 137 1166 1259 1214; baseline -0.001 -10"><span class='ocrx_word' id='word_1_99' title='bbox 137 1178 286 1212; x_wconf 82' lang='lat' dir='ltr'>sarum,</span> <span class='ocrx_word' id='word_1_100' title='bbox 316 1166 365 1203; x_wconf 91' lang='lat' dir='ltr'>ob</span> <span class='ocrx_word' id='word_1_101' title='bbox 393 1177 485 1213; x_wconf 87' lang='lat' dir='ltr'>quas</span> <span class='ocrx_word' id='word_1_102' title='bbox 511 1167 650 1203; x_wconf 83' lang='lat' dir='ltr'>bellum</span> <span class='ocrx_word' id='word_1_103' title='bbox 677 1166 817 1214; x_wconf 80' lang='lat' dir='ltr'>gesturi</span> <span class='ocrx_word' id='word_1_104' title='bbox 844 1167 945 1212; x_wconf 79' lang='lat' dir='ltr'>sint,</span> <span class='ocrx_word' id='word_1_105' title='bbox 969 1166 1182 1213; x_wconf 73' lang='lat' dir='ltr'>inscii,nec</span> <span class='ocrx_word' id='word_1_106' title='bbox 1200 1177 1259 1203; x_wconf 85' lang='lat' dir='ltr'>eas</span> 
     </span>
     <span class='ocr_line' id='line_1_16' title="bbox 142 1235 1259 1286; baseline -0.001 -12"><span class='ocrx_word' id='word_1_107' title='bbox 142 1237 211 1274; x_wconf 87' lang='lat' dir='ltr'>rite</span> <span class='ocrx_word' id='word_1_108' title='bbox 236 1236 501 1284; x_wconf 84' lang='lat' dir='ltr'>perspicientes</span> <span class='ocrx_word' id='word_1_109' title='bbox 531 1236 658 1286; x_wconf 82' lang='lat' dir='ltr'>(quod</span> <span class='ocrx_word' id='word_1_110' title='bbox 684 1235 727 1273; x_wconf 90' lang='lat' dir='ltr'>fit</span> <span class='ocrx_word' id='word_1_111' title='bbox 760 1235 1033 1285; x_wconf 80' lang='lat' dir='ltr'>saepissime),</span> <span class='ocrx_word' id='word_1_112' title='bbox 1069 1236 1140 1274; x_wconf 87' lang='lat' dir='ltr'>nisi</span> <span class='ocrx_word' id='word_1_113' title='bbox 1168 1247 1259 1273; x_wconf 89' lang='lat' dir='ltr'>con-</span> 
     </span>
     <span class='ocr_line' id='line_1_17' title="bbox 142 1305 1256 1353; baseline 0 -9"><span class='ocrx_word' id='word_1_114' title='bbox 142 1314 196 1344; x_wconf 84' lang='lat' dir='ltr'>tra</span> <span class='ocrx_word' id='word_1_115' title='bbox 231 1317 340 1344; x_wconf 87' lang='lat' dir='ltr'>omne</span> <span class='ocrx_word' id='word_1_116' title='bbox 379 1305 435 1344; x_wconf 87' lang='lat' dir='ltr'>fas</span> <span class='ocrx_word' id='word_1_117' title='bbox 462 1316 566 1353; x_wconf 89' lang='lat' dir='ltr'>agere</span> <span class='ocrx_word' id='word_1_118' title='bbox 604 1306 747 1352; x_wconf 85' lang='lat' dir='ltr'>velint,</span> <span class='ocrx_word' id='word_1_119' title='bbox 782 1308 826 1344; x_wconf 84' lang='lat' dir='ltr'>ad</span> <span class='ocrx_word' id='word_1_120' title='bbox 853 1318 950 1344; x_wconf 85' lang='lat' dir='ltr'>arma</span> <span class='ocrx_word' id='word_1_121' title='bbox 986 1307 1108 1344; x_wconf 76' lang='lat' dir='ltr'>vocati</span> <span class='ocrx_word' id='word_1_122' title='bbox 1133 1308 1256 1344; x_wconf 87' lang='lat' dir='ltr'>eadem</span> 
     </span>
     <span class='ocr_line' id='line_1_18' title="bbox 140 1376 1258 1425; baseline -0.001 -10"><span class='ocrx_word' id='word_1_123' title='bbox 140 1377 348 1425; x_wconf 78' lang='lat' dir='ltr'>accingent.</span> <span class='ocrx_word' id='word_1_124' title='bbox 374 1376 505 1415; x_wconf 86' lang='lat' dir='ltr'>Itidem</span> <span class='ocrx_word' id='word_1_125' title='bbox 529 1404 542 1423; x_wconf 79' lang='lat'>,</span> <span class='ocrx_word' id='word_1_126' title='bbox 571 1376 602 1413; x_wconf 90' lang='lat' dir='ltr'>si</span> <span class='ocrx_word' id='word_1_127' title='bbox 622 1376 799 1424; x_wconf 82' lang='lat' dir='ltr'>Princeps</span> <span class='ocrx_word' id='word_1_128' title='bbox 815 1405 828 1423; x_wconf 83' lang='lat'><strong>‚</strong></span> <span class='ocrx_word' id='word_1_129' title='bbox 857 1384 978 1414; x_wconf 88' lang='lat' dir='ltr'>totum</span> <span class='ocrx_word' id='word_1_130' title='bbox 995 1377 1178 1424; x_wconf 78' lang='lat' dir='ltr'>populum</span> <span class='ocrx_word' id='word_1_131' title='bbox 1203 1389 1258 1414; x_wconf 86' lang='lat' dir='ltr'>re-</span> 
     </span>
     <span class='ocr_line' id='line_1_19' title="bbox 140 1446 1256 1494; baseline 0.001 -10"><span class='ocrx_word' id='word_1_132' title='bbox 140 1446 291 1494; x_wconf 85' lang='lat' dir='ltr'>ferens,</span> <span class='ocrx_word' id='word_1_133' title='bbox 319 1446 363 1484; x_wconf 90' lang='lat' dir='ltr'>ab</span> <span class='ocrx_word' id='word_1_134' title='bbox 391 1447 462 1484; x_wconf 84' lang='lat' dir='ltr'>aiio</span> <span class='ocrx_word' id='word_1_135' title='bbox 487 1447 656 1494; x_wconf 82' lang='lat' dir='ltr'>Principe</span> <span class='ocrx_word' id='word_1_136' title='bbox 675 1447 797 1484; x_wconf 78' lang='lat' dir='ltr'>laesus</span> <span class='ocrx_word' id='word_1_137' title='bbox 816 1475 828 1494; x_wconf 90' lang='lat'><em>‚</em></span> <span class='ocrx_word' id='word_1_138' title='bbox 858 1448 917 1484; x_wconf 89' lang='lat' dir='ltr'>vel</span> <span class='ocrx_word' id='word_1_139' title='bbox 955 1458 1178 1494; x_wconf 83' lang='lat' dir='ltr'>quacunque</span> <span class='ocrx_word' id='word_1_140' title='bbox 1213 1449 1256 1485; x_wconf 86' lang='lat' dir='ltr'>de</span> 
     </span>
     <span class='ocr_line' id='line_1_20' title="bbox 134 1516 766 1565; baseline 0.002 -11"><span class='ocrx_word' id='word_1_141' title='bbox 134 1528 276 1565; x_wconf 82' lang='lat' dir='ltr'>cansa,</span> <span class='ocrx_word' id='word_1_142' title='bbox 303 1517 482 1555; x_wconf 83' lang='lat' dir='ltr'>dedecore</span> <span class='ocrx_word' id='word_1_143' title='bbox 515 1516 674 1555; x_wconf 84' lang='lat' dir='ltr'>affectus</span> <span class='ocrx_word' id='word_1_144' title='bbox 702 1516 766 1555; x_wconf 89' lang='lat' dir='ltr'>sit.</span> 
     </span>
    </p>

    <p class='ocr_par' dir='ltr' id='par_1_5' title="bbox 136 1587 1279 1907">
     <span class='ocr_line' id='line_1_21' title="bbox 190 1587 1254 1635; baseline -0.001 -10"><span class='ocrx_word' id='word_1_145' title='bbox 190 1588 329 1626; x_wconf 83' lang='lat' dir='ltr'>Omnes</span> <span class='ocrx_word' id='word_1_146' title='bbox 355 1588 446 1633; x_wconf 68' lang='lat' dir='ltr'>has,</span> <span class='ocrx_word' id='word_1_147' title='bbox 475 1598 567 1634; x_wconf 89' lang='lat' dir='ltr'>quas</span> <span class='ocrx_word' id='word_1_148' title='bbox 602 1587 829 1635; x_wconf 74' lang='lat' dir='ltr'>posuimus,</span> <span class='ocrx_word' id='word_1_149' title='bbox 857 1599 1014 1633; x_wconf 81' lang='lat' dir='ltr'>causas,</span> <span class='ocrx_word' id='word_1_150' title='bbox 1045 1587 1186 1624; x_wconf 84' lang='lat' dir='ltr'>etiamsi</span> <span class='ocrx_word' id='word_1_151' title='bbox 1209 1588 1254 1626; x_wconf 80' lang='lat' dir='ltr'>ad</span> 
     </span>
     <span class='ocr_line' id='line_1_22' title="bbox 136 1658 1258 1708; baseline -0.001 -13"><span class='ocrx_word' id='word_1_152' title='bbox 136 1658 229 1708; x_wconf 79' lang='lat' dir='ltr'>justi</span> <span class='ocrx_word' id='word_1_153' title='bbox 245 1669 282 1695; x_wconf 91' lang='lat' dir='ltr'>et</span> <span class='ocrx_word' id='word_1_154' title='bbox 298 1658 404 1705; x_wconf 89' lang='lat' dir='ltr'>aequi</span> <span class='ocrx_word' id='word_1_155' title='bbox 416 1659 515 1707; x_wconf 85' lang='lat' dir='ltr'>leges</span> <span class='ocrx_word' id='word_1_156' title='bbox 530 1667 677 1696; x_wconf 77' lang='lat' dir='ltr'>exactae</span> <span class='ocrx_word' id='word_1_157' title='bbox 690 1687 702 1704; x_wconf 79' lang='lat'>‚</span> <span class='ocrx_word' id='word_1_158' title='bbox 717 1658 914 1696; x_wconf 84' lang='lat' dir='ltr'>confestim</span> <span class='ocrx_word' id='word_1_159' title='bbox 930 1658 1150 1695; x_wconf 76' lang='lat' dir='ltr'>damnandae</span> <span class='ocrx_word' id='word_1_160' title='bbox 1165 1658 1258 1705; x_wconf 81' lang='lat' dir='ltr'>sint,</span> 
     </span>
     <span class='ocr_line' id='line_1_23' title="bbox 138 1727 1254 1776; baseline -0.002 -11"><span class='ocrx_word' id='word_1_161' title='bbox 138 1737 259 1766; x_wconf 87' lang='lat' dir='ltr'>tamen</span> <span class='ocrx_word' id='word_1_162' title='bbox 305 1727 344 1765; x_wconf 91' lang='lat' dir='ltr'>in</span> <span class='ocrx_word' id='word_1_163' title='bbox 370 1728 436 1765; x_wconf 87' lang='lat' dir='ltr'>hac</span> <span class='ocrx_word' id='word_1_164' title='bbox 470 1727 613 1776; x_wconf 88' lang='lat' dir='ltr'>generis</span> <span class='ocrx_word' id='word_1_165' title='bbox 639 1728 789 1765; x_wconf 79' lang='lat' dir='ltr'>humani</span> <span class='ocrx_word' id='word_1_166' title='bbox 822 1727 1086 1774; x_wconf 77' lang='lat' dir='ltr'>depravatione</span> <span class='ocrx_word' id='word_1_167' title='bbox 1114 1735 1149 1764; x_wconf 89' lang='lat' dir='ltr'>et</span> <span class='ocrx_word' id='word_1_168' title='bbox 1184 1738 1254 1774; x_wconf 84' lang='lat' dir='ltr'>po·</span> 
     </span>
     <span class='ocr_line' id='line_1_24' title="bbox 137 1797 1256 1847; baseline -0.002 -11"><span class='ocrx_word' id='word_1_169' title='bbox 137 1800 311 1847; x_wconf 68' lang='lat' dir='ltr'>pulorurr</span> <span class='ocrx_word' id='word_1_170' title='bbox 341 1797 592 1847; x_wconf 72' lang='lat' dir='ltr'>conditione,</span> <span class='ocrx_word' id='word_1_171' title='bbox 619 1798 780 1835; x_wconf 85' lang='lat' dir='ltr'>incidere</span> <span class='ocrx_word' id='word_1_172' title='bbox 810 1798 954 1844; x_wconf 85' lang='lat' dir='ltr'>solere,</span> <span class='ocrx_word' id='word_1_173' title='bbox 984 1797 1079 1834; x_wconf 85' lang='lat' dir='ltr'>ratio</span> <span class='ocrx_word' id='word_1_174' title='bbox 1115 1805 1152 1834; x_wconf 88' lang='lat' dir='ltr'>et</span> <span class='ocrx_word' id='word_1_175' title='bbox 1179 1797 1256 1834; x_wconf 82' lang='lat' dir='ltr'>his-</span> 
     </span>
     <span class='ocr_line' id='line_1_25' title="bbox 139 1859 1279 1907; baseline -0.007 0"><span class='ocrx_word' id='word_1_176' title='bbox 139 1869 232 1907; x_wconf 85' lang='lat' dir='ltr'>toria</span> <span class='ocrx_word' id='word_1_177' title='bbox 267 1870 419 1906; x_wconf 70' lang='lat' dir='ltr'>docent.</span> <span class='ocrx_word' id='word_1_178' title='bbox 1277 1859 1279 1861; x_wconf 75' lang='grc'><strong>’</strong></span> 
     </span>
    </p>

    <p class='ocr_par' dir='ltr' id='par_1_6' title="bbox 137 1938 1256 2268">
     <span class='ocr_line' id='line_1_26' title="bbox 187 1938 1253 1989; baseline -0.001 -13"><span class='ocrx_word' id='word_1_179' title='bbox 187 1939 293 1989; x_wconf 87' lang='lat' dir='ltr'>Quae</span> <span class='ocrx_word' id='word_1_180' title='bbox 327 1938 449 1976; x_wconf 87' lang='lat' dir='ltr'>omnia</span> <span class='ocrx_word' id='word_1_181' title='bbox 498 1949 613 1986; x_wconf 89' lang='lat' dir='ltr'>quum</span> <span class='ocrx_word' id='word_1_182' title='bbox 650 1947 863 1986; x_wconf 80' lang='lat' dir='ltr'>reputamus</span> <span class='ocrx_word' id='word_1_183' title='bbox 901 1947 937 1976; x_wconf 90' lang='lat' dir='ltr'>et</span> <span class='ocrx_word' id='word_1_184' title='bbox 987 1949 1118 1986; x_wconf 85' lang='lat' dir='ltr'>negare</span> <span class='ocrx_word' id='word_1_185' title='bbox 1161 1938 1253 1975; x_wconf 91' lang='lat' dir='ltr'>adeo</span> 
     </span>
     <span class='ocr_line' id='line_1_27' title="bbox 137 2008 1256 2064; baseline -0.001 -18"><span class='ocrx_word' id='word_1_186' title='bbox 137 2019 213 2047; x_wconf 90' lang='lat' dir='ltr'>non</span> <span class='ocrx_word' id='word_1_187' title='bbox 241 2019 489 2064; x_wconf 77' lang='lat' dir='ltr'>possumus,</span> <span class='ocrx_word' id='word_1_188' title='bbox 547 2009 727 2057; x_wconf 77' lang='lat' dir='ltr'>populis,</span> <span class='ocrx_word' id='word_1_189' title='bbox 777 2008 916 2056; x_wconf 80' lang='lat' dir='ltr'>quibus</span> <span class='ocrx_word' id='word_1_190' title='bbox 958 2009 1003 2046; x_wconf 91' lang='lat' dir='ltr'>de</span> <span class='ocrx_word' id='word_1_191' title='bbox 1045 2009 1124 2047; x_wconf 87' lang='lat' dir='ltr'>suis</span> <span class='ocrx_word' id='word_1_192' title='bbox 1161 2008 1256 2058; x_wconf 86' lang='lat' dir='ltr'>juri-</span> 
     </span>
     <span class='ocr_line' id='line_1_28' title="bbox 137 2077 1255 2128; baseline 0.002 -12"><span class='ocrx_word' id='word_1_193' title='bbox 137 2079 208 2116; x_wconf 85' lang='lat' dir='ltr'>bus</span> <span class='ocrx_word' id='word_1_194' title='bbox 248 2077 414 2128; x_wconf 75' lang='lat' dir='ltr'>j¹udicare</span> <span class='ocrx_word' id='word_1_195' title='bbox 465 2077 609 2116; x_wconf 87' lang='lat' dir='ltr'>licitum</span> <span class='ocrx_word' id='word_1_196' title='bbox 656 2090 737 2116; x_wconf 89' lang='lat' dir='ltr'>esse</span> <span class='ocrx_word' id='word_1_197' title='bbox 771 2089 881 2115; x_wconf 87' lang='lat' dir='ltr'>nemo</span> <span class='ocrx_word' id='word_1_198' title='bbox 929 2079 1145 2127; x_wconf 83' lang='lat' dir='ltr'>negaverit,</span> <span class='ocrx_word' id='word_1_199' title='bbox 1199 2092 1255 2118; x_wconf 84' lang='lat' dir='ltr'>ar-</span> 
     </span>
     <span class='ocr_line' id='line_1_29' title="bbox 138 2148 1252 2200; baseline 0.004 -16"><span class='ocrx_word' id='word_1_200' title='bbox 138 2148 203 2185; x_wconf 80' lang='lat' dir='ltr'>ma</span> <span class='ocrx_word' id='word_1_201' title='bbox 230 2159 337 2195; x_wconf 78' lang='lat' dir='ltr'>saepe</span> <span class='ocrx_word' id='word_1_202' title='bbox 364 2148 569 2186; x_wconf 88' lang='lat' dir='ltr'>necessaria</span> <span class='ocrx_word' id='word_1_203' title='bbox 601 2160 713 2196; x_wconf 77' lang='lat' dir='ltr'>esse3</span> <span class='ocrx_word' id='word_1_204' title='bbox 743 2157 1000 2197; x_wconf 87' lang='lat' dir='ltr'>exspectamus</span> <span class='ocrx_word' id='word_1_205' title='bbox 1025 2161 1171 2188; x_wconf 86' lang='lat' dir='ltr'>summo</span> <span class='ocrx_word' id='word_1_206' title='bbox 1191 2151 1252 2200; x_wconf 84' lang='lat' dir='ltr'>ju-</span> 
     </span>
     <span class='ocr_line' id='line_1_30' title="bbox 137 2218 1252 2268; baseline 0.003 -14"><span class='ocrx_word' id='word_1_207' title='bbox 137 2227 174 2254; x_wconf 85' lang='lat' dir='ltr'>re</span> <span class='ocrx_word' id='word_1_208' title='bbox 205 2227 241 2255; x_wconf 85' lang='lat' dir='ltr'>et</span> <span class='ocrx_word' id='word_1_209' title='bbox 276 2218 431 2267; x_wconf 82' lang='lat' dir='ltr'>merito,</span> <span class='ocrx_word' id='word_1_210' title='bbox 474 2219 540 2266; x_wconf 91' lang='lat' dir='ltr'>qui</span> <span class='ocrx_word' id='word_1_211' title='bbox 568 2218 723 2257; x_wconf 89' lang='lat' dir='ltr'>Ethices</span> <span class='ocrx_word' id='word_1_212' title='bbox 764 2218 966 2258; x_wconf 85' lang='lat' dir='ltr'>doctrinam</span> <span class='ocrx_word' id='word_1_213' title='bbox 1001 2220 1252 2268; x_wconf 85' lang='lat' dir='ltr'>praescribere</span> 
     </span>
    </p>

    <p class='ocr_par' dir='ltr' id='par_1_7' title="bbox 1188 2300 1251 2327">
     <span class='ocr_line' id='line_1_31' title="bbox 1188 2300 1251 2327; baseline 0 0"><span class='ocrx_word' id='word_1_214' title='bbox 1188 2300 1251 2327; x_wconf 85' lang='lat' dir='ltr'>ve-</span> 
     </span>
    </p>
   </div>
  </div>
 </body>
</html>
