1564 2750
402 191 913 237 LtTERARlA.
1155 205 1222 243 131

108 303 150 343 in
189 312 256 342 eos
289 303 450 343 animum
487 302 576 341 satis
609 302 840 341 indicabant:
895 301 998 350 quod
1034 311 1221 350 nunquam

112 373 320 422 evidentius
355 372 553 422 apparuit,
580 383 689 420 quam
716 383 831 421 quum
852 383 918 420 per
953 379 1069 410 totam
1105 371 1223 410 Grae-

109 442 202 482 ciam
234 444 375 492 legatos
414 442 530 481 misit.
582 441 722 480 Omnes
754 441 923 480 civitates
955 441 1067 490 hujus
1100 441 1222 479 socie·

109 513 195 553 tatis
229 513 454 562 participes,
507 511 800 550 Atheniensibus
833 511 970 559 primas
1009 519 1131 559 partes
1159 522 1222 549 ce-

107 583 234 621 dentes
251 611 264 630 ,
291 593 357 620 eos
394 582 566 630 adJ‘uvare
601 581 782 619 debebant
804 590 947 620 contra
973 580 1220 620 Lacedaemo·

107 652 215 700 nios,
254 651 328 690 hoc
361 649 509 688 foedere
547 651 732 689 exclusos.
792 650 868 688 Iste
905 659 1026 689 tamen
1059 659 1217 689 conatus

106 721 240 760 Pericli
270 731 348 758 non
386 720 588 768 successit3
630 721 696 768 qui
728 718 899 769 profecto
949 731 1026 759 non
1071 721 1218 759 omisis-

105 799 194 838 set,
232 791 304 828 hos
339 790 463 828 socios
497 790 552 827 uti
589 797 627 827 et
663 789 777 837 illos,
822 789 1045 837 quibuscum
1081 791 1220 830 Aristi-

105 861 169 905 des
203 859 338 898 foedus
366 859 517 907 inierat,
547 859 721 908 paulatim
757 859 831 897 sibi
864 860 1064 909 subjicere.
1117 860 1220 899 Tan-

106 930 189 975 dem
220 938 310 978 post
348 930 482 968 multas
517 929 730 968 molitiones
768 937 805 966 et
842 929 1129 976 contentiones,
1157 940 1217 967 res

103 1011 148 1038 eo
182 999 356 1047 devenit,
384 1008 426 1043 ut
447 999 586 1037 bellum
609 999 702 1037 illud
726 997 912 1037 famosum
937 998 1077 1037 diutius
1104 997 1218 1036 evita-

101 1069 242 1116 riffnon
268 1077 416 1118 posset.

150 1138 204 1176 Et
242 1138 477 1186 hicoptima
512 1137 602 1176 mihi
648 1137 815 1186 praeberi
851 1137 998 1176 videtur
1042 1136 1217 1185 occasio,
1262 1155 1266 1158 ·

37 1202 39 1205 ’
98 1218 172 1256 qua
195 1207 466 1258 dijudicemus,
498 1215 622 1245 utrum
647 1207 803 1246 Pericles
824 1206 1108 1245 Atheniensium
1146 1209 1218 1244 im-

98 1279 201 1327 perio
234 1276 442 1326 profuerit,
480 1287 526 1315 an
559 1276 754 1315 nocuerit,
812 1277 898 1315 Hoc
941 1277 1036 1314 enim
1071 1287 1218 1323 semper

99 1346 173 1395 ipsi
203 1347 327 1386 datum
363 1355 420 1385 est
452 1346 620 1394 crimini,
650 1347 753 1394 quod
786 1347 874 1384 belli
909 1346 1215 1395 Peloponnesiaci

99 1416 213 1455 fuerit
246 1424 405 1465 auctor,
437 1417 487 1456 ita
524 1426 567 1455 ut
596 1428 645 1455 ne
671 1417 899 1466 posteriores
928 1416 1076 1464 quidem
1103 1402 1219 1453 absti-

99 1486 246 1525 nuerint
281 1498 301 1524 a
337 1487 545 1535 repetendis
595 1486 669 1525 illis
707 1486 873 1526 ridiculis
897 1486 1043 1525 fabellis
1059 1513 1072 1532 ,
1107 1497 1126 1523 e
1159 1497 1220 1524 ca-

98 1555 248 1595 lumniis
297 1556 540 1595 Comicorum
590 1557 698 1595 ortis.
766 1557 903 1603 Neque
938 1555 1217 1602 Athenienses,

99 1636 221 1674 neque
256 1626 547 1674 Peloponnesii,
596 1626 706 1664 iidem
741 1634 844 1664 erant
876 1626 931 1664 illi
961 1623 1123 1673 Graeci,
1150 1624 1219 1672 qui

101 1696 238 1744 pridem
256 1724 269 1743 ,
317 1696 367 1734 ob
416 1707 524 1734 unam
573 1696 829 1748 mulierculam
877 1704 1052 1745 raptam,
1105 1695 1216 1733 Ilium

49 1770 52 1772 ’
100 1773 335 1804 everterant:
382 1778 467 1805 vera
498 1778 607 1804 causa
639 1775 714 1804 erat
744 1766 880 1805 invidia
906 1767 945 1803 in
970 1766 1217 1804 Lacedaemo-

99 1834 213 1883 nios,
265 1846 306 1873 ac
341 1835 478 1884 patriae
520 1837 704 1885 augendae
743 1836 957 1885 cupiditas,
998 1847 1105 1884 quarn
1148 1836 1218 1873 Pe·

102 1903 208 1942 ricles
245 1904 414 1953 quotidie
452 1905 490 1943 in
532 1906 816 1944 Atheniensium
852 1905 981 1943 animis
1014 1904 1133 1942 alebat
1163 1912 1219 1941 at-

103 1985 176 2022 que
207 1975 388 2014 excitabat
413 1975 499 2026 (1).
553 1976 680 2026 Quum
713 1975 827 2025 igitur
855 1977 927 2014 hoc
952 1976 1090 2013 bellum
1115 1975 1217 2013 Peri-

1144 2044 1213 2082 elis

140 2174 193 2211 (1)
212 2175 304 2206 Conf.
335 2175 482 2212 imprimis
510 2177 578 2206 Cel.
609 2177 765 2212 Wyttenb.
798 2175 828 2205 in
858 2176 938 2205 Bibl.
963 2175 1036 2205 Crit.
1057 2176 1105 2204 Ill.
1130 2183 1158 2209 3.
1181 2182 1211 2211 p.

102 2239 152 2269 79.
174 2239 239 2266 sqq.
261 2238 291 2259 et
310 2232 447 2276 Mai-nius
468 2233 503 2261 ad
525 2233 640 2268 Ephori
660 2233 796 2268 fragmm.
822 2241 855 2267 p.
878 2242 944 2268 230.
967 2241 1032 2268 sqq.

615 2329 682 2366 12

1237 254 1336 285 sectio
1345 254 1402 284 111.
1412 256 1479 294 53.
