1502 2767
375 161 984 205 THEOLOGICAs
1180 166 1223 204 8⁷1

610 290 647 338 ς.
685 301 724 336 4.

162 420 276 460 Duae
307 421 570 462 observationes
611 423 863 473 gener-altores
905 422 952 461 dc
986 424 1170 462 sententia

211 502 361 537 eorum,
389 493 457 541 qui
478 503 525 530 ex
546 490 693 529 Etht‘cer
717 491 959 530 Christianae
982 490 1123 530 doctri-

243 572 295 598 na
315 559 480 600 bellandi
501 563 647 601 veniam
671 574 742 600 non
765 559 914 600 concedi
931 569 1080 614 putent.

109 691 112 695 ’
157 699 356 750 Duplicem
401 702 633 751 praemittere
662 703 767 742 lubet
803 702 1103 742 observationem
1123 730 1138 750 ,
1173 712 1219 740 ex

105 781 180 817 qua
216 771 415 819 generatim
446 781 598 820 pateat,
626 775 700 821 qua
739 773 884 812 ratione
920 774 1056 812 horum
1091 773 1221 811 adver-

105 840 286 878 sariorum
323 841 505 880 sententia
526 841 724 881 refellenda
744 851 781 881 et
812 843 1063 892 propulsanda·
1090 843 1154 883 sit.

154 911 276 950 Prima
306 912 396 950 haec
428 911 502 950 sit:
532 912 736 959 causa,ob
765 924 876 961 quam
903 913 1005 950 omni
1028 924 1121 951 aevo
1136 911 1222 951 fue·

105 991 193 1019 runt
207 980 298 1028 ,qui
326 981 426 1018 bello
450 992 532 1019 sese
548 990 784 1029 opponerent
798 1010 812 1028 ‚
830 981 867 1019 in
888 992 1063 1030 perversa
1078 1009 1092 1028 ,
1106 992 1217 1030 quam

103 1050 273 1089 homines
292 1050 368 1089 sibi
392 1048 643 1089 informabant
657 1078 670 1098 ,
683 1053 879 1101 βασιλείοις
893 1056 954 1093 τοῦ
967 1054 1044 1093 θεοῦ
1063 1051 1220 1090 notione

103 1119 309 1168 quaerenda
328 1130 399 1159 est.
429 1120 690 1169 Opinabantur
712 1121 853 1170 quippe
867 1121 1149 1168 ,Christianum
1170 1122 1217 1162 ab

101 1188 277 1227 omnibus
308 1190 422 1230 rebus
453 1191 649 1229 mundanis
676 1203 759 1229 sese
785 1192 1000 1240 abstinere,
1036 1201 1073 1231 et
1108 1193 1218 1234 unice

100 1259 358 1307 spiritualibus
383 1260 566 1298 intentum
599 1272 680 1299 esse
705 1261 851 1300 decere.
906 1262 969 1301 Ad
993 1262 1086 1301 hanc
1109 1265 1214 1303 suam

101 1331 318 1369 sententiam
353 1331 640 1370 confirmandam
667 1331 870 1370 afferebant
892 1333 1090 1382 vaticinia,
1121 1346 1216 1383 quae

100 1403 175 1449 qua
194 1401 410 1440 conditione
432 1403 526 1440 edita
548 1401 710 1440 fuissent
724 1413 831 1449 ,non
852 1403 1088 1441 attendebant
1103 1416 1116 1452 3
1134 1412 1214 1443 tum

98 1480 293 1521 praecepta
308 1500 321 1520 ,
334 1484 425 1521 quae
436 1501 449 1520 ‚
466 1483 543 1519 quo
560 1480 728 1521 tempore
743 1500 756 1518 ‚
779 1480 815 1509 et
837 1473 922 1511 loco
935 1501 947 1519 ,
961 1471 1035 1521 quii
1051 1473 1216 1513 occasio·

97 1552 171 1588 ne,
189 1541 326 1590 quibus
359 1551 395 1580 et
414 1542 535 1591 qualis
558 1541 696 1590 ingenii
712 1536 927 1581 hominibus
952 1543 1034 1581 data
1057 1553 1182 1583 essent
1197 1572 1212 1592 ,

98 1622 178 1650 non
201 1603 565 1659 animadvertebant,
593 1620 795 1650 contextus
824 1605 987 1660 'denique
1013 1614 1181 1651 locorum
1197 1642 1212 1662 ‚

100 1693 195 1730 quae
230 1681 276 1720 iis
308 1681 622 1730 adversabantur,
656 1682 794 1720 nullam
836 1694 993 1731 prorsus
1033 1683 1212 1722 rationem

100 1751 298 1791 habebant.

147 1821 297 1872 Quodsi
318 1821 507 1860 meliorem
543 1830 580 1860 et
609 1821 796 1870 puriorem
824 1823 1018 1870 βασιλείας
1049 1826 1112 1864 τοῦ
1136 1825 1212 1864 θεοῦ

94 1891 287 1930 notionem
326 1892 398 1930 sibi
435 1892 602 1941 fingere,
631 1899 667 1929 et
700 1892 781 1930 loca
816 1892 949 1930 melius
993 1892 1212 1941 interpreta-

95 1962 128 2001 ri
167 1960 388 2009 novissent,
415 1961 550 1999 eximie
585 1960 746 2009 dubito,
773 1972 818 1998 an
844 1972 1034 2009 unquam,
1066 1962 1208 2001 homini

95 2032 311 2072 Christiano
349 2031 509 2070 bellandi
544 2031 688 2070 veniam
738 2041 817 2069 non
853 2031 1008 2070 concedi
1056 2032 1209 2071 statuis-

97 2110 195 2142 sent·

148 2172 274 2211 Altera
311 2172 399 2210 haec
443 2179 515 2210 est.
571 2171 610 2210 Si
643 2171 735 2220 quid
771 2170 909 2219 video,
961 2171 1059 2210 haud
1096 2173 1205 2220 pauci

99 2253 146 2283 ex
175 2241 221 2280 iis
244 2253 454 2292 perversam
473 2242 563 2282 belli
584 2242 776 2282 notionem
813 2242 885 2281 sibi
929 2240 1204 2291 informarunt,

635 2305 666 2345 F
1109 2314 1206 2350 eam·
