1502 2767
12 1396 19 1404 x

396 177 991 223 TtHJEoLOGl-CA.
1199 197 1248 236 79

137 288 357 339 templamur
373 318 387 338 ‚
411 291 536 328 'earum
567 300 687 328 rerum
703 316 716 337 ‚
745 301 837 338 quas
871 300 998 341 gentes
1024 303 1247 344 gesserunt,

138 361 389 409 cognitionem
411 360 661 399 desideramus
688 361 877 399 meliorem
898 370 935 399 et
958 363 1026 401 hac
1050 363 1126 403 vita
1148 376 1253 404 com-

139 432 368 482 prehendere
389 439 513 469 mente
539 430 736 479 nequimus
764 442 831 480 ea,
870 443 962 478 quae
985 433 1132 472 demum
1162 442 1254 483 post

139 498 370 549 συντελείαὲν,
397 502 458 539 vel
493 501 720 548 multorum,
749 501 810 539 vel
836 501 1000 540 omnium
1041 504 1256 544 seculorum

140 566 395 620 perspicienda
431 579 534 610 sunt.
587 571 762 609 Attamen
798 571 859 610 hic
886 573 947 611 vel
973 572 1049 611 illic
1069 574 1109 612 in
1148 572 1256 613 bellis

146 637 223 680 nos·
259 641 435 681 Divinam
472 640 686 691 sapientiam
707 652 760 679 ac
796 642 1058 692 benignitatem
1095 644 1261 684 venerari

143 707 338 761 cogimur,
363 720 410 751 ‘ac
433 723 520 760 spes
557 712 827 761 confirmatur,
855 711 938 752 fore
964 721 1007 752 ut
1032 716 1153 752 semel‘
1169 714 1264 753 inte-

143 777 367 820 riusr'erum
391 781 552 820 rationes
574 781 795 820 intellecturi
815 809 829 830 ,
854 783 1053 831 Deumque
1082 783 1259 823 laudibus

147 851 302 890 summis
326 851 546 890 celebraturi
582 852 714 890 simus.

198 923 299 960 Bella
334 921 449 970 igitur
486 921 648 959 humano
679 920 803 969 generi
835 921 1016 969 prodesse
1048 923 1267 973 credimus,

146 992 251 1040 quod
267 991 401 1040 ‘paucis
427 989 767 1039 exponere'lubet,
796 999 838 1029 ut
872 991 976 1030 hisce
1011 992 1269 1035 huic'disser·

151 1062 304 1101 tationis
314 1061 416 1111 parti
445 1061 558 1100 finem
585 1060 790 1109 imponam.

191 1133 364 1171 Primum
388 1131 503 1182 igitur
539 1132 672 1170 oculos
698 1140 819 1171 vertas
861 1132 902 1171 in
937 1121 1147 1174 certaminis
1173 1147 1272 1175 cam-

148 1208 258 1253 pum.
274 1203 361 1242 ‘Hic
386 1195 570 1241 acuuntur
595 1203 729 1241 mentis
750 1202 937 1253 animique
960 1203 1088 1254 vires;
1110 1205 1175 1244 ille
1191 1205 1272 1246 bel.

153 1274 181 1312 li
206 1274 281 1312 dux
297 1302 310 1322 ‚
335 1284 410 1322 qua
435 1274 638 1328 praesentia
662 1273 776 1312 animi
800 1274 902 1322 agit,
929 1274 975 1312 ab
1002 1275 1104 1313 omni
1129 1287 1271 1325 pavore

145 1338 306 1383 ‘alienat
353 1343 480 1391 copias
517 1343 668 1382 instruit
693 1344 889 1393 prudentia
926 1356 967 1382 ac
993 1346 1189 1394 sagacitate
1216 1348 1276 1387 in·

157 1413 254 1463 genii
271 1413 500 1461 ,tranquillo
525 1424 607 1451 esse
632 1413 755 1452 animo
786 1414 824 1453 in
840 1414 1017 1463 periculis
1038 1417 1149 1456 discit
1173 1417 1271 1468 ipse.

158 1485 220 1525 En
253 1484 356 1522 illum
384 1483 644 1523 Christianum
665 1484 904 1524 militantem!
934 1486 1037 1525 Bona
1062 1488 1276 1539 terrestria,

161 1553 262 1592 vitae
280 1554 494 1601 voluptates
521 1564 562 1591 ac
588 1553 729 1592 dilicias
743 1581 757 1601 ,
783 1554 896 1594 vitam
924 1554 1042 1603 ipsam
1064 1559 1165 1596 recta
1187 1570 1278 1597 con-

149 1622 328 1662 'siderare
355 1630 483 1671 potest
523 1621 803 1673 aestimatione;
830 1625 918 1663 haec
948 1627 1070 1665 omnia
1093 1629 1200 1676 parvi
1225 1628 1281 1669 fa-

163 1694 226 1731 cit'
254 1693 303 1731 ob
324 1692 477 1731 fratrum
504 1694 685 1743 salutem3
713 1695 841 1743 paucis
866 1704 923 1733 est
946 1705 1175 1746 contentus,
1202 1699 1283 1738 ani-

163 1773 227 1801 mo
262 1762 354 1803 forti
385 1774 427 1801 ac
457 1763 609 1801 heroico
635 1764 731 1802 mala*-
756 1773 793 1803 et
824 1767 976 1804 vulnera
999 1767 1167 1816 perfert3
1195 1779 1279 1808 nam
1315 1775 1317 1777 '

166 1834 205 1872 in
228 1835 309 1873 Deo
324 1834 531 1882 ‚humanae
557 1834 654 1873 vitae
671 1844 817 1874 rectore
845 1847 885 1874 ac
898 1836 1078 1875 victoriae
1103 1847 1281 1887 auctore,

169 1904 548 1945 fiduciam'collocare
572 1903 671 1954 (1),
699 1914 735 1943 et
761 1905 887 1954 quiete
906 1907 1107 1945 discrimini
1135 1908 1282 1948 obviam

1198 1989 1251 2016 ire
1265 2007 1279 2026 ,

210 2100 264 2138 (t)
284 2101 465 2135 Dignissima
478 2121 487 2136 ‚
501 2109 579 2136 quae
590 2103 746 2139 legantur,
766 2111 835 2134 sunt
857 2106 881 2134 K
893 2106 911 2133 ὃ
921 2113 962 2134 tn
976 2115 991 2134 e
1001 2107 1033 2135 ri
1051 2108 1197 2137 carmina:
1225 2112 1283 2139 Ce-

173 2159 224 2186 bet
241 2157 386 2186 wiilzrend
406 2161 459 2186 der
477 2159 641 2187 Scltlaclzt:
730 2153 738 2158 ⁶

423 2217 538 2250 Vaut,
560 2216 608 2243 ich
636 2217 705 2253 rufe
732 2217 802 2245 dich

316 2272 468 2300 Briae'llenrl
495 2273 638 2301 nmwb'lkt
667 2274 745 2302 mich
760 2275 816 2303 der
832 2276 930 2313 Damp
951 2278 1005 2305 der
1026 2281 1282 2318 Gesclnitzefltc.

1252 2349 1283 2368 ct
