<?xml version="1.0" encoding="UTF-8"?>
<!DOCTYPE html PUBLIC "-//W3C//DTD XHTML 1.0 Transitional//EN"
    "http://www.w3.org/TR/xhtml1/DTD/xhtml1-transitional.dtd">
<html xmlns="http://www.w3.org/1999/xhtml" xml:lang="en" lang="en">
 <head>
  <title>
</title>
<meta http-equiv="Content-Type" content="text/html;charset=utf-8" />
  <meta name='ocr-system' content='tesseract 3.04.00' />
  <meta name='ocr-capabilities' content='ocr_page ocr_carea ocr_par ocr_line ocrx_word'/>
</head>
<body>
  <div class='ocr_page' id='page_1' title='image "annalesacademiae33rhen_0882.png"; bbox 0 0 1523 2745; ppageno 0'>
   <div class='ocr_carea' id='block_1_1' title="bbox 259 193 1250 246">
    <p class='ocr_par' dir='ltr' id='par_1_1' title="bbox 259 193 1250 246">
     <span class='ocr_line' id='line_1_1' title="bbox 259 193 1250 246; baseline -0.007 -7"><span class='ocrx_word' id='word_1_1' title='bbox 259 209 333 246; x_wconf 84' lang='lat'><strong>214</strong></span> <span class='ocrx_word' id='word_1_2' title='bbox 432 193 1250 237; x_wconf 84' lang='lat' dir='ltr'>COMM.L1TERAR1A.</span> 
     </span>
    </p>
   </div>
   <div class='ocr_carea' id='block_1_2' title="bbox 263 302 1392 1124">
    <p class='ocr_par' dir='ltr' id='par_1_2' title="bbox 263 302 1392 1124">
     <span class='ocr_line' id='line_1_2' title="bbox 263 302 1369 354; baseline -0.006 -7"><span class='ocrx_word' id='word_1_3' title='bbox 263 320 351 347; x_wconf 91' lang='lat' dir='ltr'><strong>num</strong></span> <span class='ocrx_word' id='word_1_4' title='bbox 365 307 457 345; x_wconf 91' lang='lat' dir='ltr'><strong>illud</strong></span> <span class='ocrx_word' id='word_1_5' title='bbox 467 305 680 354; x_wconf 81' lang='lat' dir='ltr'><strong>psephisma</strong></span> <span class='ocrx_word' id='word_1_6' title='bbox 694 314 770 342; x_wconf 92' lang='lat' dir='ltr'><strong>non</strong></span> <span class='ocrx_word' id='word_1_7' title='bbox 782 303 880 342; x_wconf 84' lang='lat' dir='ltr'><strong>forte</strong></span> <span class='ocrx_word' id='word_1_8' title='bbox 893 302 1022 340; x_wconf 81' lang='lat' dir='ltr'><strong>melius</strong></span> <span class='ocrx_word' id='word_1_9' title='bbox 1037 303 1081 341; x_wconf 87' lang='lat' dir='ltr'><strong>ad</strong></span> <span class='ocrx_word' id='word_1_10' title='bbox 1094 302 1282 350; x_wconf 85' lang='lat' dir='ltr'><strong>sequentis</strong></span> <span class='ocrx_word' id='word_1_11' title='bbox 1295 302 1369 341; x_wconf 76' lang='lat' dir='ltr'><strong>&#39;an-</strong></span> 
     </span>
     <span class='ocr_line' id='line_1_3' title="bbox 263 362 1372 424; baseline -0.006 -7"><span class='ocrx_word' id='word_1_12' title='bbox 263 380 304 417; x_wconf 91' lang='lat' dir='ltr'><strong>ni</strong></span> <span class='ocrx_word' id='word_1_13' title='bbox 326 390 391 417; x_wconf 88' lang='lat' dir='ltr'><strong>ver</strong></span> <span class='ocrx_word' id='word_1_14' title='bbox 416 376 604 415; x_wconf 77' lang='lat' dir='ltr'><strong>referatur.</strong></span> <span class='ocrx_word' id='word_1_15' title='bbox 636 375 813 423; x_wconf 79' lang='lat' dir='ltr'><strong>Legimus</strong></span> <span class='ocrx_word' id='word_1_16' title='bbox 835 375 872 411; x_wconf 89' lang='lat' dir='ltr'><strong>in</strong></span> <span class='ocrx_word' id='word_1_17' title='bbox 889 374 1112 422; x_wconf 81' lang='lat' dir='ltr'>Thucydide</span> <span class='ocrx_word' id='word_1_18' title='bbox 1128 373 1218 424; x_wconf 81' lang='lat'>(1),</span> <span class='ocrx_word' id='word_1_19' title='bbox 1235 362 1372 412; x_wconf 83' lang='lat' dir='ltr'><strong>Corin·</strong></span> 
     </span>
     <span class='ocr_line' id='line_1_4' title="bbox 264 443 1378 493; baseline -0.004 -7"><span class='ocrx_word' id='word_1_20' title='bbox 264 448 367 486; x_wconf 88' lang='lat' dir='ltr'><strong>thios</strong></span> <span class='ocrx_word' id='word_1_21' title='bbox 391 448 494 484; x_wconf 84' lang='lat' dir='ltr'><strong>valde</strong></span> <span class='ocrx_word' id='word_1_22' title='bbox 521 447 635 483; x_wconf 79' lang='lat' dir='ltr'><strong>iratos</strong></span> <span class='ocrx_word' id='word_1_23' title='bbox 653 473 665 492; x_wconf 79' lang='lat'><strong>‚</strong></span> <span class='ocrx_word' id='word_1_24' title='bbox 697 445 799 493; x_wconf 88' lang='lat' dir='ltr'><strong>quod</strong></span> <span class='ocrx_word' id='word_1_25' title='bbox 823 444 1070 482; x_wconf 82' lang='lat' dir='ltr'><strong>Athenienses</strong></span> <span class='ocrx_word' id='word_1_26' title='bbox 1104 443 1262 482; x_wconf 87' lang='lat' dir='ltr'><strong>foederis</strong></span> <span class='ocrx_word' id='word_1_27' title='bbox 1284 448 1378 482; x_wconf 81' lang='lat' dir='ltr'><strong>tem-</strong></span> 
     </span>
     <span class='ocr_line' id='line_1_5' title="bbox 267 511 1378 567; baseline -0.003 -12"><span class='ocrx_word' id='word_1_28' title='bbox 267 530 358 567; x_wconf 88' lang='lat' dir='ltr'><strong>pore</strong></span> <span class='ocrx_word' id='word_1_29' title='bbox 387 516 560 555; x_wconf 83' lang='lat' dir='ltr'><strong>hostibus</strong></span> <span class='ocrx_word' id='word_1_30' title='bbox 594 515 729 554; x_wconf 81' lang='lat' dir='ltr'><strong>auxilia</strong></span> <span class='ocrx_word' id='word_1_31' title='bbox 766 511 1139 561; x_wconf 78' lang='lat' dir='ltr'><strong>subininistrassent‚</strong></span> <span class='ocrx_word' id='word_1_32' title='bbox 1179 524 1220 551; x_wconf 91' lang='lat' dir='ltr'><strong>ac</strong></span> <span class='ocrx_word' id='word_1_33' title='bbox 1245 523 1378 552; x_wconf 84' lang='lat' dir='ltr'><strong>contra</strong></span> 
     </span>
     <span class='ocr_line' id='line_1_6' title="bbox 271 584 1377 635; baseline -0.005 -9"><span class='ocrx_word' id='word_1_34' title='bbox 271 588 397 627; x_wconf 88' lang='lat' dir='ltr'><strong>socios</strong></span> <span class='ocrx_word' id='word_1_35' title='bbox 434 595 688 635; x_wconf 81' lang='lat' dir='ltr'><strong>pugnassent,</strong></span> <span class='ocrx_word' id='word_1_36' title='bbox 742 596 869 623; x_wconf 88' lang='lat' dir='ltr'><strong>omnes</strong></span> <span class='ocrx_word' id='word_1_37' title='bbox 919 585 1013 622; x_wconf 87' lang='lat' dir='ltr'><strong>vires</strong></span> <span class='ocrx_word' id='word_1_38' title='bbox 1050 584 1280 631; x_wconf 80' lang='lat' dir='ltr'><strong>intendisse,</strong></span> <span class='ocrx_word' id='word_1_39' title='bbox 1334 592 1377 622; x_wconf 87' lang='lat' dir='ltr'><strong>ut</strong></span> 
     </span>
     <span class='ocr_line' id='line_1_7' title="bbox 271 652 1380 696; baseline -0.005 0"><span class='ocrx_word' id='word_1_40' title='bbox 271 670 354 696; x_wconf 88' lang='lat' dir='ltr'><strong>sese</strong></span> <span class='ocrx_word' id='word_1_41' title='bbox 391 657 670 695; x_wconf 84' lang='lat' dir='ltr'><strong>ulciscerentur.</strong></span> <span class='ocrx_word' id='word_1_42' title='bbox 738 654 948 692; x_wconf 81' lang='lat' dir='ltr'><strong>Verisimile</strong></span> <span class='ocrx_word' id='word_1_43' title='bbox 989 663 1109 691; x_wconf 87' lang='lat' dir='ltr'><strong>autem</strong></span> <span class='ocrx_word' id='word_1_44' title='bbox 1150 653 1239 690; x_wconf 89' lang='lat' dir='ltr'><strong>mihi</strong></span> <span class='ocrx_word' id='word_1_45' title='bbox 1275 652 1380 691; x_wconf 88' lang='lat' dir='ltr'><strong>vide-</strong></span> 
     </span>
     <span class='ocr_line' id='line_1_8' title="bbox 272 721 1381 775; baseline -0.005 -10"><span class='ocrx_word' id='word_1_46' title='bbox 272 739 438 775; x_wconf 81' lang='lat' dir='ltr'><strong>tur‚eos</strong></span> <span class='ocrx_word' id='word_1_47' title='bbox 465 735 556 764; x_wconf 83' lang='lat' dir='ltr'><strong>tunc</strong></span> <span class='ocrx_word' id='word_1_48' title='bbox 578 725 864 775; x_wconf 81' lang='lat' dir='ltr'><strong>Megarensibus</strong></span> <span class='ocrx_word' id='word_1_49' title='bbox 892 721 1150 773; x_wconf 56' lang='lat' dir='ltr'><strong>persuasisse3</strong></span> <span class='ocrx_word' id='word_1_50' title='bbox 1176 733 1217 761; x_wconf 79' lang='lat' dir='ltr'><strong>ut</strong></span> <span class='ocrx_word' id='word_1_51' title='bbox 1234 751 1246 770; x_wconf 81' lang='lat'><strong>‚</strong></span> <span class='ocrx_word' id='word_1_52' title='bbox 1266 733 1381 771; x_wconf 85' lang='lat' dir='ltr'><strong>quum</strong></span> 
     </span>
     <span class='ocr_line' id='line_1_9' title="bbox 275 792 1383 843; baseline -0.003 -8"><span class='ocrx_word' id='word_1_53' title='bbox 275 798 424 836; x_wconf 89' lang='lat' dir='ltr'><strong>Atticae</strong></span> <span class='ocrx_word' id='word_1_54' title='bbox 462 796 630 835; x_wconf 84' lang='lat' dir='ltr'><strong>vicinitas</strong></span> <span class='ocrx_word' id='word_1_55' title='bbox 671 795 842 834; x_wconf 75' lang='lat' dir='ltr'><strong>facillime</strong></span> <span class='ocrx_word' id='word_1_56' title='bbox 877 796 1027 842; x_wconf 76' lang='lat' dir='ltr'><strong>aliquod</strong></span> <span class='ocrx_word' id='word_1_57' title='bbox 1061 802 1289 843; x_wconf 86' lang='lat' dir='ltr'><strong>praetextum</strong></span> <span class='ocrx_word' id='word_1_58' title='bbox 1324 792 1383 832; x_wconf 88' lang='lat' dir='ltr'><strong>of-</strong></span> 
     </span>
     <span class='ocr_line' id='line_1_10' title="bbox 277 864 1387 915; baseline -0.003 -11"><span class='ocrx_word' id='word_1_59' title='bbox 277 866 418 914; x_wconf 76' lang='lat' dir='ltr'><strong>ferret,</strong></span> <span class='ocrx_word' id='word_1_60' title='bbox 478 878 553 915; x_wconf 91' lang='lat' dir='ltr'><strong>quo</strong></span> <span class='ocrx_word' id='word_1_61' title='bbox 590 878 673 904; x_wconf 87' lang='lat' dir='ltr'><strong>cum</strong></span> <span class='ocrx_word' id='word_1_62' title='bbox 714 865 1010 905; x_wconf 88' lang='lat' dir='ltr'><strong>Atheniensibus</strong></span> <span class='ocrx_word' id='word_1_63' title='bbox 1043 864 1267 902; x_wconf 84' lang='lat' dir='ltr'><strong>contendere</strong></span> <span class='ocrx_word' id='word_1_64' title='bbox 1295 874 1387 912; x_wconf 92' lang='lat' dir='ltr'><strong>pos-</strong></span> 
     </span>
     <span class='ocr_line' id='line_1_11' title="bbox 278 933 1388 985; baseline -0.004 -10"><span class='ocrx_word' id='word_1_65' title='bbox 278 947 384 983; x_wconf 87' lang='lat' dir='ltr'><strong>sent,</strong></span> <span class='ocrx_word' id='word_1_66' title='bbox 420 936 699 985; x_wconf 85' lang='lat' dir='ltr'><strong>Peloponnesiis</strong></span> <span class='ocrx_word' id='word_1_67' title='bbox 737 948 880 974; x_wconf 90' lang='lat' dir='ltr'><strong>causam</strong></span> <span class='ocrx_word' id='word_1_68' title='bbox 917 935 1133 984; x_wconf 88' lang='lat' dir='ltr'><strong>praeberent</strong></span> <span class='ocrx_word' id='word_1_69' title='bbox 1159 933 1388 972; x_wconf 83' lang='lat' dir='ltr'><strong>invadendae</strong></span> 
     </span>
     <span class='ocr_line' id='line_1_12' title="bbox 280 1005 1391 1056; baseline -0.003 -11"><span class='ocrx_word' id='word_1_70' title='bbox 280 1008 455 1055; x_wconf 77' lang='lat' dir='ltr'><strong>Atticae,</strong></span> <span class='ocrx_word' id='word_1_71' title='bbox 496 1007 657 1055; x_wconf 86' lang='lat' dir='ltr'><strong>bellique</strong></span> <span class='ocrx_word' id='word_1_72' title='bbox 688 1006 901 1055; x_wconf 88' lang='lat' dir='ltr'><strong>incipiendi.</strong></span> <span class='ocrx_word' id='word_1_73' title='bbox 956 1005 1150 1056; x_wconf 88' lang='lat' dir='ltr'><strong>Quidquid</strong></span> <span class='ocrx_word' id='word_1_74' title='bbox 1184 1016 1272 1044; x_wconf 91' lang='lat' dir='ltr'><strong>vero</strong></span> <span class='ocrx_word' id='word_1_75' title='bbox 1309 1005 1357 1042; x_wconf 88' lang='lat' dir='ltr'><strong>sit</strong></span> <span class='ocrx_word' id='word_1_76' title='bbox 1373 1019 1391 1050; x_wconf 53' lang='lat'><strong>‚⁴</strong></span> 
     </span>
     <span class='ocr_line' id='line_1_13' title="bbox 283 1074 1392 1124; baseline -0.003 -9"><span class='ocrx_word' id='word_1_77' title='bbox 283 1078 365 1115; x_wconf 86' lang='lat' dir='ltr'><strong>sive</strong></span> <span class='ocrx_word' id='word_1_78' title='bbox 410 1077 502 1116; x_wconf 85' lang='lat' dir='ltr'><strong>illud</strong></span> <span class='ocrx_word' id='word_1_79' title='bbox 542 1079 586 1115; x_wconf 87' lang='lat' dir='ltr'><strong>ad</strong></span> <span class='ocrx_word' id='word_1_80' title='bbox 622 1077 731 1124; x_wconf 85' lang='lat' dir='ltr'><strong>finem</strong></span> <span class='ocrx_word' id='word_1_81' title='bbox 768 1083 941 1124; x_wconf 84' lang='lat' dir='ltr'><strong>vergente</strong></span> <span class='ocrx_word' id='word_1_82' title='bbox 981 1087 1104 1123; x_wconf 84' lang='lat' dir='ltr'><strong>anno,</strong></span> <span class='ocrx_word' id='word_1_83' title='bbox 1149 1074 1230 1114; x_wconf 84' lang='lat' dir='ltr'><strong>sive</strong></span> <span class='ocrx_word' id='word_1_84' title='bbox 1263 1075 1392 1113; x_wconf 84' lang='lat' dir='ltr'><strong>eodem</strong></span> 
     </span>
    </p>
   </div>
   <div class='ocr_carea' id='block_1_3' title="bbox 282 1144 1396 1264">
    <p class='ocr_par' dir='ltr' id='par_1_3' title="bbox 282 1144 1396 1264">
     <span class='ocr_line' id='line_1_14' title="bbox 282 1144 1396 1194; baseline -0.002 -10"><span class='ocrx_word' id='word_1_85' title='bbox 282 1146 360 1185; x_wconf 85' lang='lat' dir='ltr'><strong>fere</strong></span> <span class='ocrx_word' id='word_1_86' title='bbox 385 1155 551 1194; x_wconf 83' lang='lat' dir='ltr'><strong>tempore</strong></span> <span class='ocrx_word' id='word_1_87' title='bbox 575 1146 772 1190; x_wconf 81' lang='lat' dir='ltr'><strong>acciderit,</strong></span> <span class='ocrx_word' id='word_1_88' title='bbox 800 1158 874 1192; x_wconf 90' lang='lat' dir='ltr'><strong>quo</strong></span> <span class='ocrx_word' id='word_1_89' title='bbox 919 1147 1089 1184; x_wconf 86' lang='lat' dir='ltr'><strong>Potidaea</strong></span> <span class='ocrx_word' id='word_1_90' title='bbox 1117 1144 1279 1193; x_wconf 87' lang='lat' dir='ltr'><strong>defecit;</strong></span> <span class='ocrx_word' id='word_1_91' title='bbox 1309 1145 1396 1182; x_wconf 89' lang='lat' dir='ltr'><strong>Me-</strong></span> 
     </span>
     <span class='ocr_line' id='line_1_15' title="bbox 287 1215 1391 1264; baseline -0.003 -10"><span class='ocrx_word' id='word_1_92' title='bbox 287 1228 456 1263; x_wconf 84' lang='lat' dir='ltr'><strong>garenses</strong></span> <span class='ocrx_word' id='word_1_93' title='bbox 484 1216 557 1253; x_wconf 90' lang='lat' dir='ltr'><strong>sibi</strong></span> <span class='ocrx_word' id='word_1_94' title='bbox 587 1215 819 1254; x_wconf 87' lang='lat' dir='ltr'><strong>vindicarunt</strong></span> <span class='ocrx_word' id='word_1_95' title='bbox 859 1227 984 1264; x_wconf 83' lang='lat' dir='ltr'><strong>agrum</strong></span> <span class='ocrx_word' id='word_1_96' title='bbox 1021 1215 1181 1262; x_wconf 88' lang='lat' dir='ltr'><strong>aliquem</strong></span> <span class='ocrx_word' id='word_1_97' title='bbox 1218 1225 1391 1261; x_wconf 87' lang='lat' dir='ltr'><strong>sacrum,</strong></span> 
     </span>
    </p>
   </div>
   <div class='ocr_carea' id='block_1_4' title="bbox 275 1285 1410 1964">
    <p class='ocr_par' dir='ltr' id='par_1_4' title="bbox 275 1285 1410 1964">
     <span class='ocr_line' id='line_1_16' title="bbox 290 1285 1395 1334; baseline -0.001 -11"><span class='ocrx_word' id='word_1_98' title='bbox 290 1286 355 1333; x_wconf 81' lang='lat' dir='ltr'><strong>qui</strong></span> <span class='ocrx_word' id='word_1_99' title='bbox 373 1285 491 1334; x_wconf 81' lang='lat' dir='ltr'><strong>Orgas</strong></span> <span class='ocrx_word' id='word_1_100' title='bbox 518 1285 641 1323; x_wconf 88' lang='lat' dir='ltr'><strong>dictus</strong></span> <span class='ocrx_word' id='word_1_101' title='bbox 683 1285 844 1322; x_wconf 85' lang='lat' dir='ltr'><strong>Atticam</strong></span> <span class='ocrx_word' id='word_1_102' title='bbox 874 1285 969 1322; x_wconf 87' lang='lat' dir='ltr'><strong>inter</strong></span> <span class='ocrx_word' id='word_1_103' title='bbox 1007 1294 1044 1322; x_wconf 90' lang='lat' dir='ltr'><strong>et</strong></span> <span class='ocrx_word' id='word_1_104' title='bbox 1079 1285 1306 1333; x_wconf 86' lang='lat' dir='ltr'><strong>Megaridem</strong></span> <span class='ocrx_word' id='word_1_105' title='bbox 1344 1287 1395 1322; x_wconf 85' lang='lat' dir='ltr'><strong>si-</strong></span> 
     </span>
     <span class='ocr_line' id='line_1_17' title="bbox 291 1353 1394 1403; baseline 0 -11"><span class='ocrx_word' id='word_1_106' title='bbox 291 1363 352 1392; x_wconf 85' lang='lat' dir='ltr'><strong>tus</strong></span> <span class='ocrx_word' id='word_1_107' title='bbox 386 1363 485 1400; x_wconf 86' lang='lat' dir='ltr'><strong>erat,</strong></span> <span class='ocrx_word' id='word_1_108' title='bbox 516 1365 699 1401; x_wconf 84' lang='lat' dir='ltr'><strong>quemque</strong></span> <span class='ocrx_word' id='word_1_109' title='bbox 720 1353 833 1391; x_wconf 84' lang='lat' dir='ltr'><strong>nullis</strong></span> <span class='ocrx_word' id='word_1_110' title='bbox 859 1353 1037 1392; x_wconf 87' lang='lat' dir='ltr'><strong>limitibus</strong></span> <span class='ocrx_word' id='word_1_111' title='bbox 1065 1366 1085 1392; x_wconf 91' lang='lat' dir='ltr'><strong>a</strong></span> <span class='ocrx_word' id='word_1_112' title='bbox 1118 1353 1273 1403; x_wconf 85' lang='lat' dir='ltr'><strong>privatis</strong></span> <span class='ocrx_word' id='word_1_113' title='bbox 1305 1365 1394 1403; x_wconf 88' lang='lat' dir='ltr'><strong>pos-</strong></span> 
     </span>
     <span class='ocr_line' id='line_1_18' title="bbox 292 1423 1401 1473; baseline 0.002 -13"><span class='ocrx_word' id='word_1_114' title='bbox 292 1423 524 1461; x_wconf 84' lang='lat' dir='ltr'><strong>sessionibus</strong></span> <span class='ocrx_word' id='word_1_115' title='bbox 569 1423 781 1461; x_wconf 72' lang='lat' dir='ltr'><strong>distinctum</strong></span> <span class='ocrx_word' id='word_1_116' title='bbox 799 1452 811 1470; x_wconf 84' lang='lat'>,</span> <span class='ocrx_word' id='word_1_117' title='bbox 859 1425 980 1461; x_wconf 87' lang='lat' dir='ltr'><strong>colere</strong></span> <span class='ocrx_word' id='word_1_118' title='bbox 1022 1434 1240 1473; x_wconf 86' lang='lat' dir='ltr'><strong>coeperunt.</strong></span> <span class='ocrx_word' id='word_1_119' title='bbox 1302 1425 1401 1464; x_wconf 84' lang='lat' dir='ltr'><strong>Mis.</strong></span> 
     </span>
     <span class='ocr_line' id='line_1_19' title="bbox 295 1493 1399 1542; baseline 0.001 -10"><span class='ocrx_word' id='word_1_120' title='bbox 295 1505 358 1532; x_wconf 90' lang='lat' dir='ltr'><strong>sus</strong></span> <span class='ocrx_word' id='word_1_121' title='bbox 396 1493 440 1531; x_wconf 88' lang='lat' dir='ltr'><strong>ab</strong></span> <span class='ocrx_word' id='word_1_122' title='bbox 470 1493 762 1532; x_wconf 85' lang='lat' dir='ltr'><strong>Atheniensibus</strong></span> <span class='ocrx_word' id='word_1_123' title='bbox 801 1493 1104 1532; x_wconf 85' lang='lat' dir='ltr'><strong>Anthemocritus</strong></span> <span class='ocrx_word' id='word_1_124' title='bbox 1131 1506 1289 1542; x_wconf 86' lang='lat' dir='ltr'><strong>praeco,</strong></span> <span class='ocrx_word' id='word_1_125' title='bbox 1332 1495 1399 1542; x_wconf 90' lang='lat' dir='ltr'><strong>qui</strong></span> 
     </span>
     <span class='ocr_line' id='line_1_20' title="bbox 296 1563 1401 1612; baseline 0.002 -11"><span class='ocrx_word' id='word_1_126' title='bbox 296 1565 341 1601; x_wconf 85' lang='lat' dir='ltr'><strong>de</strong></span> <span class='ocrx_word' id='word_1_127' title='bbox 358 1565 467 1602; x_wconf 89' lang='lat' dir='ltr'><strong>hacce</strong></span> <span class='ocrx_word' id='word_1_128' title='bbox 489 1563 689 1601; x_wconf 87' lang='lat' dir='ltr'><strong>violatione</strong></span> <span class='ocrx_word' id='word_1_129' title='bbox 704 1572 932 1611; x_wconf 81' lang='lat' dir='ltr'><strong>quereretur.</strong></span> <span class='ocrx_word' id='word_1_130' title='bbox 957 1563 1029 1602; x_wconf 90' lang='lat' dir='ltr'><strong>Hic</strong></span> <span class='ocrx_word' id='word_1_131' title='bbox 1043 1575 1130 1603; x_wconf 90' lang='lat' dir='ltr'><strong>vero</strong></span> <span class='ocrx_word' id='word_1_132' title='bbox 1145 1591 1159 1611; x_wconf 83' lang='lat'>‚</span> <span class='ocrx_word' id='word_1_133' title='bbox 1177 1576 1291 1612; x_wconf 90' lang='lat' dir='ltr'><strong>quum</strong></span> <span class='ocrx_word' id='word_1_134' title='bbox 1307 1565 1401 1604; x_wconf 86' lang='lat' dir='ltr'><strong>nihil</strong></span> 
     </span>
     <span class='ocr_line' id='line_1_21' title="bbox 275 1633 1401 1684; baseline 0 -12"><span class='ocrx_word' id='word_1_135' title='bbox 275 1634 520 1684; x_wconf 72' lang='lat' dir='ltr'><strong>proficeret,</strong></span> <span class='ocrx_word' id='word_1_136' title='bbox 555 1633 865 1671; x_wconf 84' lang='lat' dir='ltr'><strong>Lacedaemonem</strong></span> <span class='ocrx_word' id='word_1_137' title='bbox 899 1634 1093 1682; x_wconf 84' lang='lat' dir='ltr'><strong>profectus</strong></span> <span class='ocrx_word' id='word_1_138' title='bbox 1121 1644 1204 1684; x_wconf 83' lang='lat' dir='ltr'><strong>est,</strong></span> <span class='ocrx_word' id='word_1_139' title='bbox 1243 1643 1284 1672; x_wconf 91' lang='lat' dir='ltr'><strong>ut</strong></span> <span class='ocrx_word' id='word_1_140' title='bbox 1316 1634 1401 1674; x_wconf 88' lang='lat' dir='ltr'><strong>Me·</strong></span> 
     </span>
     <span class='ocr_line' id='line_1_22' title="bbox 299 1703 1403 1752; baseline 0.001 -11"><span class='ocrx_word' id='word_1_141' title='bbox 299 1715 467 1752; x_wconf 85' lang='lat' dir='ltr'><strong>garenses</strong></span> <span class='ocrx_word' id='word_1_142' title='bbox 508 1712 720 1750; x_wconf 85' lang='lat' dir='ltr'><strong>accusaret,</strong></span> <span class='ocrx_word' id='word_1_143' title='bbox 771 1703 835 1741; x_wconf 91' lang='lat' dir='ltr'><strong>sed</strong></span> <span class='ocrx_word' id='word_1_144' title='bbox 883 1703 927 1745; x_wconf 82' lang='lat' dir='ltr'><strong>ab</strong></span> <span class='ocrx_word' id='word_1_145' title='bbox 970 1703 1029 1740; x_wconf 93' lang='lat' dir='ltr'><strong>his</strong></span> <span class='ocrx_word' id='word_1_146' title='bbox 1070 1703 1288 1742; x_wconf 84' lang='lat' dir='ltr'><strong>interfectus</strong></span> <span class='ocrx_word' id='word_1_147' title='bbox 1331 1712 1403 1743; x_wconf 91' lang='lat' dir='ltr'><strong>est.</strong></span> 
     </span>
     <span class='ocr_line' id='line_1_23' title="bbox 302 1773 1407 1824; baseline 0.002 -13"><span class='ocrx_word' id='word_1_148' title='bbox 302 1774 445 1812; x_wconf 87' lang='lat' dir='ltr'><strong>Tantae</strong></span> <span class='ocrx_word' id='word_1_149' title='bbox 459 1773 634 1822; x_wconf 85' lang='lat' dir='ltr'><strong>perfidiae</strong></span> <span class='ocrx_word' id='word_1_150' title='bbox 659 1773 909 1822; x_wconf 85' lang='lat' dir='ltr'><strong>indignatione</strong></span> <span class='ocrx_word' id='word_1_151' title='bbox 926 1782 1135 1812; x_wconf 89' lang='lat' dir='ltr'><strong>commotus</strong></span> <span class='ocrx_word' id='word_1_152' title='bbox 1153 1774 1310 1812; x_wconf 81' lang='lat' dir='ltr'><strong>Pericles</strong></span> <span class='ocrx_word' id='word_1_153' title='bbox 1333 1786 1407 1824; x_wconf 86' lang='lat' dir='ltr'><strong>ope</strong></span> 
     </span>
     <span class='ocr_line' id='line_1_24' title="bbox 302 1843 1410 1894; baseline 0.002 -12"><span class='ocrx_word' id='word_1_154' title='bbox 302 1845 456 1883; x_wconf 87' lang='lat' dir='ltr'><strong>Charini</strong></span> <span class='ocrx_word' id='word_1_155' title='bbox 491 1856 581 1882; x_wconf 88' lang='lat' dir='ltr'><strong>usus</strong></span> <span class='ocrx_word' id='word_1_156' title='bbox 609 1852 664 1881; x_wconf 89' lang='lat' dir='ltr'><strong>est</strong></span> <span class='ocrx_word' id='word_1_157' title='bbox 691 1844 735 1881; x_wconf 88' lang='lat' dir='ltr'><strong>ad</strong></span> <span class='ocrx_word' id='word_1_158' title='bbox 762 1843 1051 1891; x_wconf 88' lang='lat' dir='ltr'><strong>persuadendum</strong></span> <span class='ocrx_word' id='word_1_159' title='bbox 1078 1845 1223 1892; x_wconf 89' lang='lat' dir='ltr'><strong>Populo</strong></span> <span class='ocrx_word' id='word_1_160' title='bbox 1241 1872 1254 1892; x_wconf 80' lang='lat'>‚</span> <span class='ocrx_word' id='word_1_161' title='bbox 1275 1853 1317 1894; x_wconf 83' lang='lat' dir='ltr'><strong>ut</strong></span> <span class='ocrx_word' id='word_1_162' title='bbox 1333 1846 1410 1884; x_wconf 88' lang='lat' dir='ltr'><strong>An-</strong></span> 
     </span>
     <span class='ocr_line' id='line_1_25' title="bbox 302 1913 1405 1964; baseline 0.001 -11"><span class='ocrx_word' id='word_1_163' title='bbox 302 1915 561 1953; x_wconf 86' lang='lat' dir='ltr'><strong>themocritum</strong></span> <span class='ocrx_word' id='word_1_164' title='bbox 590 1916 695 1963; x_wconf 86' lang='lat' dir='ltr'><strong>juxta</strong></span> <span class='ocrx_word' id='word_1_165' title='bbox 723 1913 911 1951; x_wconf 86' lang='lat' dir='ltr'><strong>Thriasias</strong></span> <span class='ocrx_word' id='word_1_166' title='bbox 938 1923 1089 1961; x_wconf 80' lang='lat' dir='ltr'><strong>portas,</strong></span> <span class='ocrx_word' id='word_1_167' title='bbox 1117 1913 1202 1952; x_wconf 87' lang='lat' dir='ltr'><strong>dein</strong></span> <span class='ocrx_word' id='word_1_168' title='bbox 1224 1914 1405 1964; x_wconf 87' lang='lat' dir='ltr'><strong>Dipylutn</strong></span> 
     </span>
    </p>
   </div>
   <div class='ocr_carea' id='block_1_5' title="bbox 305 1983 1412 2037">
    <p class='ocr_par' dir='ltr' id='par_1_5' title="bbox 305 1983 1412 2037">
     <span class='ocr_line' id='line_1_26' title="bbox 305 1983 1412 2037; baseline 0.001 -14"><span class='ocrx_word' id='word_1_169' title='bbox 305 1994 452 2024; x_wconf 82' lang='lat' dir='ltr'><strong>vocatas</strong></span> <span class='ocrx_word' id='word_1_170' title='bbox 498 1985 601 2035; x_wconf 62' lang='grc' dir='ltr'><strong>(ε),</strong></span> <span class='ocrx_word' id='word_1_171' title='bbox 641 1985 864 2033; x_wconf 84' lang='lat' dir='ltr'><strong>sepelirent,</strong></span> <span class='ocrx_word' id='word_1_172' title='bbox 911 1983 1019 2037; x_wconf 88' lang='lat' dir='ltr'><strong>eique</strong></span> <span class='ocrx_word' id='word_1_173' title='bbox 1053 1992 1209 2023; x_wconf 87' lang='lat' dir='ltr'><strong>statuam</strong></span> <span class='ocrx_word' id='word_1_174' title='bbox 1247 1993 1412 2024; x_wconf 85' lang='lat' dir='ltr'><strong>exstrue-</strong></span> 
     </span>
    </p>
   </div>
   <div class='ocr_carea' id='block_1_6' title="bbox 1301 2063 1407 2110">
    <p class='ocr_par' dir='ltr' id='par_1_6' title="bbox 1301 2063 1407 2110">
     <span class='ocr_line' id='line_1_27' title="bbox 1301 2063 1407 2110; baseline -0.019 -15"><span class='ocrx_word' id='word_1_175' title='bbox 1301 2063 1383 2095; x_wconf 86' lang='lat' dir='ltr'><strong>rent</strong></span> <span class='ocrx_word' id='word_1_176' title='bbox 1393 2082 1407 2110; x_wconf 73' lang='lat'>,</span> 
     </span>
    </p>
   </div>
   <div class='ocr_carea' id='block_1_7' title="bbox 346 2175 634 2212">
    <p class='ocr_par' dir='ltr' id='par_1_7' title="bbox 346 2175 634 2212">
     <span class='ocr_line' id='line_1_28' title="bbox 346 2175 634 2212; baseline -0.01 -7"><span class='ocrx_word' id='word_1_177' title='bbox 346 2175 397 2212; x_wconf 83' lang='grc' dir='ltr'><strong>(ι)</strong></span> <span class='ocrx_word' id='word_1_178' title='bbox 420 2176 514 2203; x_wconf 85' lang='lat' dir='ltr'><strong>Thuc.</strong></span> <span class='ocrx_word' id='word_1_179' title='bbox 534 2175 561 2203; x_wconf 87' lang='lat' dir='ltr'><strong>I.</strong></span> <span class='ocrx_word' id='word_1_180' title='bbox 585 2175 634 2207; x_wconf 83' lang='lat'><strong>56.</strong></span> 
     </span>
    </p>
   </div>
   <div class='ocr_carea' id='block_1_8' title="bbox 309 2225 1406 2315">
    <p class='ocr_par' dir='ltr' id='par_1_8' title="bbox 309 2225 1406 2315">
     <span class='ocr_line' id='line_1_29' title="bbox 350 2225 1406 2270; baseline -0.007 -7"><span class='ocrx_word' id='word_1_181' title='bbox 350 2233 404 2270; x_wconf 79' lang='lat'><strong>(2)</strong></span> <span class='ocrx_word' id='word_1_182' title='bbox 424 2235 481 2261; x_wconf 79' lang='lat' dir='ltr'><strong>Sex</strong></span> <span class='ocrx_word' id='word_1_183' title='bbox 506 2231 598 2261; x_wconf 84' lang='lat' dir='ltr'><strong>stadia</strong></span> <span class='ocrx_word' id='word_1_184' title='bbox 609 2231 644 2259; x_wconf 83' lang='lat' dir='ltr'><strong>ab</strong></span> <span class='ocrx_word' id='word_1_185' title='bbox 665 2229 823 2257; x_wconf 83' lang='lat' dir='ltr'><strong>Academia</strong></span> <span class='ocrx_word' id='word_1_186' title='bbox 847 2226 1000 2256; x_wconf 81' lang='lat' dir='ltr'><strong>distantes.</strong></span> <span class='ocrx_word' id='word_1_187' title='bbox 1024 2239 1060 2247; x_wconf 96' lang='lat'>—</span> <span class='ocrx_word' id='word_1_188' title='bbox 1076 2226 1169 2255; x_wconf 83' lang='lat' dir='ltr'><strong>Conf.</strong></span> <span class='ocrx_word' id='word_1_189' title='bbox 1193 2225 1260 2256; x_wconf 81' lang='lat' dir='ltr'><strong>eie.</strong></span> <span class='ocrx_word' id='word_1_190' title='bbox 1285 2225 1325 2255; x_wconf 75' lang='lat' dir='ltr'><strong>dc</strong></span> <span class='ocrx_word' id='word_1_191' title='bbox 1341 2225 1406 2256; x_wconf 81' lang='lat' dir='ltr'><strong>Fin-</strong></span> 
     </span>
     <span class='ocr_line' id='line_1_30' title="bbox 309 2278 1040 2315; baseline -0.014 -1"><span class='ocrx_word' id='word_1_192' title='bbox 309 2287 346 2315; x_wconf 89' lang='lat' dir='ltr'><strong>V.</strong></span> <span class='ocrx_word' id='word_1_193' title='bbox 369 2285 569 2314; x_wconf 80' lang='lat' dir='ltr'><strong>1.—Meurs.</strong></span> <span class='ocrx_word' id='word_1_194' title='bbox 592 2281 686 2310; x_wconf 79' lang='lat' dir='ltr'><strong>Attic.</strong></span> <span class='ocrx_word' id='word_1_195' title='bbox 707 2281 807 2309; x_wconf 68' lang='lat' dir='ltr'><strong>Lecti.</strong></span> <span class='ocrx_word' id='word_1_196' title='bbox 826 2278 881 2309; x_wconf 81' lang='lat'>111.</span> <span class='ocrx_word' id='word_1_197' title='bbox 902 2285 968 2313; x_wconf 80' lang='lat' dir='ltr'><strong>cap.</strong></span> <span class='ocrx_word' id='word_1_198' title='bbox 993 2284 1040 2306; x_wconf 82' lang='lat'><strong>12·</strong></span> 
     </span>
    </p>
   </div>
  </div>
 </body>
</html>
