1564 2750
410 143 917 209 LITERARIA.
1171 179 1216 216 33

119 284 346 326 occupatus,
378 287 436 315 res
464 287 582 316 novas
602 278 641 316 in
664 279 808 326 republ.
837 278 972 327 agitare
997 285 1215 323 conaretur,

115 355 298 398 praeterea
319 347 355 385 id
379 357 488 396 agens
525 356 566 385 ut
603 348 890 387 Atheniensium
913 358 1076 395 nomen,
1107 346 1214 384 etiam

116 425 216 456 extra
238 416 500 456 Continentem
525 425 682 465 terram,
711 418 929 457 auctoritate
959 419 1120 464 valeret3
1148 426 1217 457 oc-

113 487 290 534 casione,
319 498 427 542 quarn
455 485 528 524 sibi
551 487 710 525 oblatam
734 488 916 536 putabat,
941 499 1032 525 usus
1061 495 1141 533 est,
1175 495 1216 523 ac

116 557 253 595 bellum
279 556 412 595 Samiis
438 555 576 595 inferre
608 556 786 595 instituit.
840 556 1125 596 contendebant
1153 555 1219 594 Sa-

116 626 180 665 mii
213 638 297 665 cum
333 626 494 665 Milesiis
529 627 574 664 de
616 626 707 664 urbe
742 628 891 674 Priene3
931 634 955 665 e·
994 638 1070 675 quo
1103 634 1219 664 certa-

115 695 241 744 mine,
281 707 395 744 quum
429 695 542 734 Samii
578 695 738 735 victores
774 696 993 744 rediissent,
1027 697 1072 733 ab
1102 695 1222 733 Athe-

114 765 308 804 niensibus
336 765 439 814 J‘ussi
473 774 561 803 sunt
596 778 618 804 a
651 765 748 803 bello
778 765 983 814 desistere;
1013 766 1115 814 quod
1147 763 1221 802 nisi

77 833 83 838 '
117 833 324 883 fecissent,
374 835 620 873 Athenienses
660 836 918 883 minabantur,
958 847 1038 874 sese
1073 835 1221 873 illorum

115 904 272 943 insulam
294 915 532 953 aggressuros
569 916 654 943 esse
678 907 763 955 (1).
814 907 940 956 Quum
973 914 1092 943 tamen
1124 905 1224 944 Peri-

116 974 191 1012 cles
207 1001 220 1021 ,
243 984 320 1011 non
348 981 488 1012 tantum
506 984 527 1010 a
547 974 820 1022 posterioribus
848 974 1133 1022 Grammaticis,
1161 986 1224 1013 ve·

116 1055 197 1081 rum
228 1043 334 1081 etiarn
358 1054 379 1080 a
399 1043 623 1089 Plutarcho,
659 1043 802 1081 dicatur
826 1045 920 1093 (α),
955 1043 1108 1092 privatis
1143 1044 1226 1091 qui·

117 1112 268 1151 busdam
300 1112 345 1149 de
377 1111 528 1158 causis,
568 1112 768 1151 consilium
805 1125 915 1151 suum
949 1114 1048 1152 Sami
1071 1125 1227 1163 ¹oppug-

114 1182 252 1220 nandae
298 1182 442 1230 populo
494 1182 710 1229 persuadere
754 1192 910 1221 conatus
959 1184 1102 1233 fuisse,
1162 1185 1229 1223 ali-

114 1252 331 1300 quantulum
366 1263 386 1290 a
411 1251 573 1299 publicis
603 1252 715 1291 rebus
746 1253 1026 1302 degrediamur,
1054 1255 1226 1293 Periclis-

115 1332 188 1369 que
209 1320 381 1359 familiam
406 1330 442 1359 et
459 1322 602 1369 privata
633 1322 781 1371 negotia
813 1324 1108 1363 consideremus.
1150 1326 1225 1363 Re·

112 1391 261 1441 pudiata
291 1390 388 1429 enim
415 1401 533 1430 uxore
569 1391 681 1441 (Vid.
707 1391 812 1430 obs.
853 1392 1062 1442 XXVI.),
1097 1406 1117 1431 e
1151 1406 1224 1442 qua

114 1463 209 1500 duos
249 1460 375 1509 filios,
424 1461 678 1510 Xanthippum
720 1472 755 1499 et
800 1462 996 1510 Paralum,
1048 1474 1224 1512 suscepe-

115 1540 195 1579 rat,
245 1542 466 1579 quamque,
509 1531 612 1578 quod
645 1531 949 1578 matrimonium,
989 1533 1120 1570 marito
1163 1544 1222 1571 ae·

115 1613 189 1650 que
226 1612 267 1639 ac
310 1600 488 1650 conjugi,
539 1601 714 1640 odiosum
756 1611 878 1653 esset,
928 1601 1076 1640 minime
1127 1601 1224 1639 invi.-

116 1682 189 1711 tam
223 1671 284 1710 alii
317 1672 589 1721 collocaverat3
630 1671 710 1720 ipse
741 1671 780 1709 in
817 1672 923 1709 aedes
960 1674 1047 1708 sutis
1082 1671 1223 1719 recepit

115 1742 385 1782 celeberrimam
411 1742 506 1779 illam
529 1741 723 1790 Aspasiam
748 1741 860 1790 (Vid.
888 1741 975 1779 Obs.
995 1740 1222 1788 XXVII.)‚

117 1813 224 1862 cujus
261 1812 530 1849 consuetudine
562 1810 608 1849 ab
644 1822 690 1848 eo
728 1811 810 1849 inde
852 1819 1018 1859 tempore
1055 1808 1222 1857 quotidie

118 1882 317 1929 utebatur,
368 1891 552 1928 quamque
588 1881 728 1919 tandem
786 1890 938 1918 uxorem
982 1877 1131 1918 duxisse
1165 1878 1223 1915 vi·

1159 1949 1223 1986 de-

159 2065 210 2104 (ι)
229 2066 306 2094 Plut.
329 2065 361 2094 in
382 2058 448 2095 Per.
481 2071 548 2100 cap.
584 2072 633 2099 24.
665 2070 710 2098 sq.
743 2070 776 2097 p.
806 2061 873 2095 κός.
902 2074 942 2084 -
970 2061 1066 2090 Thuc.
1088 2060 1115 2089 1.
1152 2066 1221 2094 cap.

123 2131 190 2156 us·
215 2134 254 2144 —
276 2122 371 2152 Diod.
397 2121 456 2151 sic.
490 2121 555 2149 ΧΠ.
588 2127 654 2155 cap.
683 2127 733 2154 27·
759 2130 808 2142 -—
830 2119 928 2147 schol.
948 2119 983 2146 ad
1007 2116 1103 2146 Arist.
1125 2117 1221 2150 vesp.

122 2186 169 2208 vs.
190 2182 258 2214 283.

159 2235 212 2273 (α)
232 2236 310 2264 Plut.
335 2236 357 2264 1.
381 2236 404 2264 1.
431 2248 467 2256 —
496 2234 643 2270 uas-poet.
663 2240 694 2261 et
718 2232 802 2262 suid.
826 2232 859 2261 in
884 2237 975 2260 voce.

176 2304 305 2332 cLAR.
658 2291 691 2329 C
