1502 2767
248 164 293 209 58
460 158 1118 199 COMMENTATIO

247 269 330 309 Tit.
347 269 397 308 II.
418 268 506 316 1.),
533 277 600 306 nec
627 279 787 316 unquam
802 269 961 318 principi
983 269 1034 307 ita
1052 270 1233 309 adversari
1255 271 1343 311 lice-

246 351 310 387 re,
332 348 372 377 ut
391 341 473 388 jura
496 337 614 385 ipsius
641 347 787 377 externa
806 339 1056 388 infringantur
1086 340 1129 389 (1
1159 341 1256 380 Petr.
1287 342 1337 381 II.

250 413 413 461 13—16.
437 410 572 458 Johan.
604 410 706 448 XIII.
740 411 957 459 12—14.),
985 410 1214 459 obsequium·
1233 411 1342 451 etiarn

245 490 324 520 tum
346 488 530 529 praestare
557 479 746 527 oportebit
761 507 773 526 ,
792 480 857 518 ubi
871 480 1045 530 princeps
1064 481 1164 520 cives
1181 491 1310 520 evocat
1328 511 1342 530 ,

244 560 286 589 ut
309 551 409 588 omni
429 550 593 597 ratione,
609 550 689 598 ipsa
706 561 857 597 quoque
877 550 915 588 vi
930 551 1131 600 ,principis
1154 560 1190 589 et
1207 552 1346 591 civium

239 623 322 671 iura
344 619 541 659 defendant
564 629 600 657 et
630 628 818 658 tueantur.
844 632 901 646 -··
929 620 1050 658 Video
1078 621 1189 660 nobis
1212 632 1343 659 occur-

241 701 362 729 rentes
378 720 390 738 ,
407 690 472 738 qui
487 690 631 728 dicant:
658 689 750 737 quid
767 701 854 727 vero
868 718 882 737 ,
898 691 930 727 si
952 691 1125 739 princeps
1140 718 1154 737 ,
1167 690 1345 729 civilibus

241 761 351 799 unice
372 761 494 799 causis
515 762 674 807 ductus,
689 770 816 798 omnes
829 759 922 809 Justi
948 767 983 797 et
1009 760 1119 807 aequi
1144 760 1237 798 fines
1253 759 1348 809 mig-

241 842 325 870 rans
339 859 352 878 ,
373 831 473 869 cives
489 841 579 869 suos
601 829 767 878 periculo
785 836 945 876 exponat
965 829 1133 876 aliosque
1156 828 1343 877 debelletg,

238 913 284 941 an
306 909 386 939 tum
410 911 564 949 quoque
592 900 710 939 civem
736 899 990 938 Christianum
1025 899 1214 948 oportebit
1248 909 1347 936 arma

240 972 456 1020 accingere,
483 971 577 1009 alios
612 978 741 1008 contra
766 981 875 1008 omne
899 969 955 1007 fas
983 978 1019 1007 et
1050 970 1112 1018 Jus
1139 968 1348 1006 interimere

242 1052 278 1081 et
310 1053 420 1080 omne
457 1040 701 1079 calamitatum
741 1050 856 1087 genus
891 1038 1054 1078 afferre?
1089 1039 1215 1077 Hodie
1250 1039 1351 1078 eninr

241 1111 431 1161 principes
467 1122 543 1148 non
594 1109 753 1158 amplius
782 1119 824 1147 ut
860 1110 1062 1158 peculiares
1103 1110 1173 1147 Dei
1210 1109 1348 1147 amicos

239 1182 518 1221 consideramus
535 1191 628 1228 ,nec
658 1179 827 1228 ipsorum
854 1178 961 1217 effata
979 1179 1070 1216 adeo
1093 1179 1162 1217 Dei
1194 1179 1290 1216 dicta
1311 1187 1348 1216 et

241 1253 406 1291 mandata
444 1251 648 1296 habemus,
693 1260 816 1296 neque
849 1248 1008 1296 amplius
1042 1248 1114 1286 sub
1154 1247 1348 1295 despotico

241 1322 399 1371 imperio
437 1319 625 1366 vivimus,
662 1319 732 1356 sub
770 1329 875 1366 qu0,
916 1326 959 1354 ut
994 1317 1352 1365 Montesquie·

240 1393 322 1431 viu
334 1403 351 1428 s
370 1389 505 1428 alicubi
520 1389 610 1426 dicit
625 1416 637 1434 ,
653 1388 765 1425 homo
787 1386 952 1424 animalis
973 1386 1088 1424 instar
1103 1415 1116 1433 ,
1128 1387 1235 1424 unice
1254 1386 1347 1424 alius

239 1461 425 1501 voluntati
451 1460 706 1506 obtemperat,
747 1458 813 1495 sed
854 1457 1058 1496 Christiani
1101 1466 1184 1504 est,
1212 1457 1348 1505 princi-

237 1533 296 1583 pis
331 1542 473 1579 suaque
497 1528 593 1567 facta
629 1529 674 1566 ad
697 1529 790 1577 J‘usti
825 1535 861 1565 et
894 1527 1002 1574 aequi
1037 1528 1136 1575 leges
1175 1527 1346 1575 exigereg,

240 1601 375 1650 quodsi
407 1599 611 1650 principem
646 1598 727 1636 aliis
756 1598 893 1646 injuste
930 1596 1066 1634 bellum
1100 1596 1236 1634 inferre
1267 1609 1350 1645 per·

238 1673 381 1722 spicit,
418 1682 464 1708 an
497 1679 577 1708 tum
609 1668 785 1707 auxilium
819 1679 927 1705 suum
960 1668 1186 1715 praestabit,
1218 1676 1257 1706 ut
1287 1667 1365 1705 alii.

239 1745 376 1792 injuste
415 1749 595 1778 vexentur
632 1747 668 1776 et
701 1739 958 1786 opprimantur
983 1738 1002 1775 ἓ
1057 1737 1222 1785 Audi03
1285 1749 1350 1775 ne-

243 1824 318 1861 que
366 1822 452 1850 sane
505 1811 671 1858 postulat
727 1808 881 1847 Ethices
927 1808 1160 1847 Christianae
1210 1809 1349 1847 doctri-

236 1893 285 1922 na
319 1891 359 1920 ut
390 1881 516 1927 cives,
569 1878 636 1918 ubi
666 1879 752 1916 belli
798 1879 955 1928 injustas
994 1889 1076 1916 esse
1121 1880 1250 1916 causas
1291 1879 1346 1918 vi·

239 1949 354 1992 dent,
380 1946 516 1983 bellum
547 1950 688 1992 gerant.
741 1942 834 1980 Tale
860 1942 997 1981 bellum
1031 1940 1186 1981 Ethices
1220 1942 1352 1982 Chris-

239 2017 357 2056 tianae
395 2013 588 2060 doctrina,
627 2024 721 2060 quae
756 2013 923 2060 quemvis
967 2015 1113 2051 summa
1132 2013 1278 2062 justitia
1309 2022 1347 2052 et

238 2088 423 2135 aequitate
463 2095 568 2133 agere
597 2083 730 2132 jubet,
773 2083 918 2131 ignorat
953 2084 1074 2131 plane.
1116 2104 1170 2111 —
1197 2084 1269 2121 Sed
1304 2083 1343 2120 id

239 2157 352 2196 simul
403 2155 462 2193 hic
499 2153 619 2192 obiter
656 2153 838 2191 monitum
870 2152 945 2200 sit,
987 2152 1061 2190 civi
1098 2152 1344 2200 Christiano,

240 2228 311 2267 nisi
346 2228 452 2276 plane
488 2234 524 2263 et
556 2231 681 2273 aperte
717 2223 803 2262 belli
824 2234 952 2262 causas
987 2222 1144 2272 injustas
1172 2232 1253 2261 esse
1288 2222 1345 2260 vi·

1283 2293 1345 2330 det

1476 2107 1480 2123 Ι
