1564 2750
316 173 362 209 30
526 148 1194 198 COMMENT'ATro

311 270 469 309 reduxit.
500 275 503 279 ”
536 269 722 317 Imprimis
759 266 901 306 efficere
942 267 1171 313 conabatur,
1218 263 1261 304 u't
1305 264 1417 313 Opti·

311 349 425 378 mates
456 349 532 378 non
551 332 710 385 at'nplius
734 350 818 376 curn
840 337 949 387 plebe
972 337 1312 384 confunderentur,
1342 346 1418 383 quav

312 410 350 448 're
381 421 508 447 eorum
543 408 699 457 dignitas
730 408 834 446 valde
878 398 1137 456 minuebatur3
1177 418 1307 447 verum
1349 417 1418 444 eos·

313 490 528 526 secernens,
559 488 669 526 atque
698 478 862 515 omnium
898 477 1021 526 copiis
1045 479 1082 515 in
1110 488 1223 516 unum
1252 484 1419 514 contrac-

313 550 389 594 tis,
417 549 637 586 valentiores
666 546 836 585 reddidit.
865 546 925 585 Ab
953 558 996 584 eo
1024 546 1109 584 inde
1134 554 1301 594 tempore
1327 544 1420 582 duae

312 618 520 664 factiones,
562 628 656 664 quae
682 624 786 655 antea
812 616 907 653 inter
939 627 979 654 se
1008 616 1208 663 permixtae
1244 614 1420 661 fuerant,

313 698 503 737 separatae
516 695 628 733 sunt,
657 694 769 734 atque
791 695 912 724 ortum
938 694 993 723 est
1007 686 1204 724 discrimen
1225 685 1320 722 inter
1333 695 1424 733 pau·

311 771 471 806 corum,
507 767 544 796 et
572 757 761 806 popularis
780 785 792 803 ‚
820 755 1083 795 dominationis
1109 754 1292 793 fautores.
1318 754 1425 793 Con·

312 837 368 866 tra
403 829 469 866 has
504 827 717 864 molitiones
753 827 908 864 Pericles
937 826 1080 874 populo
1106 826 1212 874 plura
1243 825 1421 872 indulsit;

313 898 435 944 festa,
462 899 597 946 epula,
625 907 859 945 pompasque
890 897 1131 944 'concedens3
1172 906 1284 933 naves
1320 895 1426 932 colo·

314 969 468 1016 niasque
515 968 709 1015 emittens3
759 975 902 1005 verum'
925 965 1106 1015 imprimis
1146 964 1336 1013 magnifica
1366 965 1427 1002 illa

314 1046 551 1076 monumenta
571 1045 764 1075 exstruens
779 1065 792 1083 ‚
821 1039 981 1084 quorum
1009 1036 1140 1074 rudera
1161 1035 1344 1082 hodieque
1365 1034 1427 1072 ad·

313 1109 486 1148 miramur
505 1107 624 1155 (Vid.
644 1106 730 1145 Obs.
748 1105 948 1153 XXIIL).
979 1106 1120 1144 Verum
1148 1113 1183 1141 et
1212 1104 1300 1141 haec
1329 1113 1429 1150 mag-

311 1190 451 1227 nopere
482 1189 502 1216 a
529 1175 758 1224 Thucydide
784 1177 942 1225 eJ'usque
968 1175 1119 1213 asseclis
1142 1175 1290 1221 culpata
1313 1182 1427 1221 sunt;

313 1250 379 1297 qui
419 1247 648 1291 clamabant,
687 1246 855 1292 reditus,
896 1245 1034 1292 quibus
1059 1238 1104 1281 ad
1126 1243 1264 1280 bellum
1301 1251 1430 1281 contra

313 1321 441 1358 Persas
472 1317 671 1366 gerendum
686 1316 844 1354 Pericles
868 1314 923 1352 uti
945 1314 1136 1352 debuisset
1152 1341 1166 1358 ,
1194 1313 1260 1350 hac
1289 1312 1429 1351 ratione

314 1387 568 1439 pessumdarit
599 1386 649 1424 ita
664 1395 706 1423 ut
721 1414 733 1433 ‚
751 1385 789 1423 in
810 1384 903 1421 diem
928 1383 1042 1431 magis
1060 1392 1166 1421 aucta
1186 1383 1280 1421 inter
1303 1382 1428 1420 ambas

315 1459 495 1498 factiones
532 1457 739 1501 discordia,
780 1466 836 1493 res
871 1465 915 1492 eo
956 1453 1194 1502 pervenerit,
1235 1460 1277 1490 ut
1313 1460 1431 1490 ostra-

320 1531 438 1569 cismo
486 1529 774 1572 decerneretur,
826 1535 908 1563 uter
944 1525 1062 1573 patriti
1099 1523 1227 1560 cedere
1265 1521 1427 1560 deberet.

319 1602 390 1641 Sed
420 1609 455 1638 et
485 1612 529 1637 ex
556 1599 614 1637 his
639 1597 799 1636 Pericles
835 1596 956 1633 victor
990 1593 1101 1640 abiit,
1149 1591 1432 1638 adversarioque

320 1672 438 1720 ejecto
453 1681 519 1718 per
533 1667 744 1716 quindecim
760 1666 934 1713 deinceps
949 1675 1067 1702 annos
1093 1662 1275 1700 civitatem
1300 1660 1434 1709 guber-

319 1730 423 1779 navit
450 1739 534 1790 (1).
592 1740 658 1777 Per
693 1748 801 1775 omne
829 1746 917 1774 vero
943 1735 1035 1772 illud
1058 1742 1205 1781 ternpus
1240 1731 1432 1770 arbitrium

322 1812 551 1850 Athenarum
589 1808 898 1854 Civitatumque‚
933 1804 1020 1842 huic
1055 1802 1138 1842 urbi
1175 1801 1432 1848 subditarum,

322 1880 548 1918 tributorum
564 1906 576 1924 ‚
604 1876 832 1916 exercituum
849 1903 861 1922 ,
889 1875 1059 1913 classium
1071 1902 1084 1920 ‚
1112 1872 1312 1910 insularum
1329 1899 1341 1918 ‚
1358 1882 1434 1908 ma-

326 1951 450 1998 risque
474 1960 586 1999 penes
624 1960 707 1985 eum
742 1947 841 1993 fuit,
869 1944 1138 1993 imperiumque
1158 1942 1304 1987 tenuit,
1332 1940 1435 1988 quod

329 2021 448 2068 regale
481 2018 613 2057 merito
643 2018 798 2055 dicatur.
856 2015 918 2055 Sic
950 2026 986 2052 et
1019 2014 1063 2052 ab
1092 2024 1136 2051 eo
1163 2012 1245 2051 inde
1270 2020 1437 2059 tempore

1376 2079 1438 2117 de·

371 2186 422 2224 (ι)
444 2188 522 2214 Plut.
546 2184 576 2212 in
597 2183 705 2214 Pericl.
729 2191 744 2211 a
768 2189 831 2217 cap.
857 2189 900 2210 11.
931 2181 968 2208 ad
997 2188 1043 2215 ¹4·
1066 2177 1119 2208 fin.
1142 2186 1157 2206 a
1175 2184 1239 2213 pat.
1259 2179 1324 2210 158.
1341 2176 1380 2204 A.
1404 2174 1441 2202 ad

339 2254 400 2275 vor·
424 2245 462 2273 A.
483 2243 602 2277 passim.
