1502 2767
438 174 1052 215 COMM.THEOL.
1257 180 1303 224 85

179 285 427 333 evertuntur,
444 284 737 335 perfringuntur.
765 284 869 335 Quid
884 285 968 324 Lex
983 284 1129 338 Oppia,
1144 283 1201 323 bis
1228 294 1299 322 ter-

181 366 230 393 ve
248 355 403 404 repetita
417 383 430 403 .,
442 355 556 393 valuit
573 356 611 392 in
629 355 887 393 Romanorum
906 355 1088 392 luxuriam
1105 353 1124 392 ‘3
1141 356 1225 403 (1).
1238 372 1296 380 -

183 425 218 464 C
232 426 279 472 ul
292 433 306 463 t
319 437 342 463 u
354 426 366 462 i
380 453 394 472 ,
411 436 520 473 quem
537 424 691 464 audiunt
702 453 715 472 ‚
739 426 876 464 nullam
895 424 968 464 vim
986 424 1131 463 insitam
1146 435 1228 462 esse
1251 424 1297 460 ad

179 494 354 534 virtutem
368 495 697 545 bonosquemores
711 524 723 540 ‚
737 495 828 534 satis
849 496 983 534 docent
997 494 1166 533 Athenae
1178 519 1192 541 ⁵
1203 501 1276 530 tem
1287 512 1298 521 ·

178 575 273 613 pore
297 565 324 603 P
339 565 522 603 ericlis
538 593 552 613 ‚
601 565 749 613 Roma,
786 565 1008 614 imperatore
1036 565 1103 603 Au
1118 574 1203 613 gus
1217 571 1267 601 to
1281 591 1294 610 ‚

181 633 359 673 Parisiae
373 662 387 682 ‚
401 646 487 683 rege
511 634 546 673 L
561 647 584 672 u
598 636 621 672 d
633 647 656 671 o
669 635 716 674 vi
729 647 749 673 c
760 647 783 673 o
796 635 903 674 XVI.
930 635 1069 673 Cultus
1084 662 1098 681 ,
1124 634 1188 673 cui
1214 633 1280 671 reli

182 703 243 753 gio
258 705 360 743 deest
374 732 387 751 ‚
414 716 521 753 saepe
541 705 629 743 vitia
652 706 776 754 specie
795 705 953 744 honesta
978 704 1099 743 induit
1114 733 1128 751 ‚
1154 704 1267 751 idque
1282 732 1295 751 ‚
1355 726 1361 729 -

181 775 285 822 quod
299 773 517 812 detestabile
538 786 579 814 ac
594 774 758 813 deforme
771 775 844 813 sibi
857 775 979 822 inest,
1001 773 1132 813 adimit
1149 773 1295 822 ,addit-

184 856 285 893 que,
332 857 408 893 quo
445 846 584 895 placeat
633 854 746 894 atque
778 846 953 883 Oblectet.
992 862 1052 871 —
1099 845 1182 884 Nec
1208 845 1294 892 plus

183 915 224 954 in
249 916 443 964 pueritiam
469 916 566 954 valet
589 915 844 954 Educatio
860 943 873 962 ‚
903 925 998 962 quae
1021 914 1211 963 religionis
1237 904 1298 952 ca·>

181 994 240 1024 ret
274 986 502 1034 cognitione.
567 985 667 1023 Tum
713 983 885 1033 profecto
920 983 1069 1022 minime
1103 993 1296 1033 parentum

180 1063 246 1094 aut
289 1065 569 1104 praeceptorum
600 1055 741 1093 nudum
773 1063 1040 1102 praeceptum;
1086 1054 1193 1092 colite
1219 1056 1298 1094 vir-

183 1129 330 1166 tutem!
365 1125 579 1174 ‘penetrabit
615 1124 661 1162 ad
698 1136 897 1173 puerorum
938 1123 1112 1171 animos,
1156 1124 1298 1172 quippe

182 1193 251 1243 qui
270 1195 451 1233 continuo
472 1194 619 1232 divitias
634 1222 648 1242 ‚
666 1195 828 1232 honores
843 1222 856 1241 .,
886 1193 1116 1231 nobilitatem
1134 1222 1146 1241 ‚
1174 1203 1300 1242 potes·

183 1273 295 1303 tatem
328 1265 450 1312 magni
486 1265 668 1303 aestimari
687 1293 700 1312 ‚
739 1265 926 1310 virtutem
952 1273 1072 1303 autem
1099 1275 1211 1312 parva
1245 1262 1300 1302 af-

187 1333 284 1374 ferre
316 1337 534 1382 commoda,
563 1335 710 1383 saepius
734 1334 837 1383 parvi
864 1334 968 1381 fieri,
996 1333 1217 1382 intelligant.
1243 1353 1300 1363 —

189 1405 354 1443 Tandem
381 1416 471 1443 vero
507 1404 847 1452 Philosophia
886 1404 996 1442 efficit
1033 1404 1229 1451 forsitan,⁴
1259 1412 1302 1441 ut

184 1476 331 1514 colatur
365 1475 410 1513 ab
448 1475 663 1513 hominibus
696 1476 840 1522 virtus,
875 1486 1073 1523 moresque
1107 1475 1304 1513 emenden—

186 1555 265 1585 tur.
343 1545 581 1594 Experientia
616 1554 736 1583 autem
776 1545 931 1592 docuit,
993 1544 1064 1582 nisi
1104 1528 1225 1582 Deum
1266 1552 1303 1581 et

191 1616 305 1655 vitam
349 1617 496 1654 alteram
527 1615 684 1653 habeant
717 1616 936 1664 philosophi
966 1615 1182 1664 cognitam,
1234 1615 1303 1651 ho-

189 1696 272 1724 rum
294 1685 434 1724 monita
472 1697 492 1723 a
527 1686 667 1724 virtute
698 1685 905 1732 declinare,
939 1696 1059 1733 neque
1089 1696 1183 1731 eOS,
1231 1685 1303 1724 nisi

189 1755 312 1794 Deum
344 1764 574 1805 cognoscant
603 1767 645 1793 ac
680 1765 927 1802 venerentur,
966 1755 1169 1803 quidquam
1206 1757 1322 1792 vale-v

191 1836 247 1863 re.
274 1825 496 1873 Philosophi
523 1825 637 1874 igitur
656 1837 676 1863 a
700 1824 897 1873 Religione
922 1832 1045 1872 petere
1069 1824 1203 1862 debent
1226 1834 1305 1871 gra-

191 1894 294 1932 viora
318 1904 532 1943 momentag,
561 1896 624 1933 sed
640 1922 653 1941 ,
687 1906 733 1932 ne
768 1895 836 1933 alia
859 1894 1004 1933 afferam
1022 1922 1036 1941 ‚
1063 1888 1305 1942 philosophia

190 1975 393 2013 paucorum
432 1973 573 2002 mentes
618 1965 804 2014 illustrat,
859 1974 895 2003 et
931 1978 951 2004 a
980 1966 1124 2014 populo
1157 1965 1304 2003 minime

187 2035 287 2074 illius
313 2047 385 2074 vox
409 2036 573 2076 auditur·

260 2100 264 2104 ⁴
1210 2107 1304 2160 vUsu

224 2199 276 2238 (ι)
298 2201 348 2231 Cf.
377 2205 531 2238 stum-t,
571 2203 659 2233 Rom.
690 2204 794 2232 Gesch.
825 2203 933 2241 (altera
968 2203 1085 2239 editio,
1111 2210 1188 2232 anno
1214 2204 1304 2233 18,‹3.

186 2256 337 2295 absoluta)
359 2260 396 2287 V.
421 2268 453 2295 p.
471 2268 520 2289 10.
543 2262 595 2290 V1.
612 2269 678 2296 pag,
695 2269 771 2297 125,
792 2270 864 2300 144·
927 2259 930 2263 ’
