1502 2767
407 171 996 223 THEoLoorcA.
1219 202 1267 237 49

151 277 339 318 civitatum
364 293 516 330 quoque
545 285 667 326 forma
690 291 872 338 consequi
891 292 997 341 cupit
1013 321 1025 340 ,
1041 296 1266 341 respondere

147 348 364 398 cupientes,
391 354 543 400 patriam
558 356 771 406 civiumque
792 361 872 408 jura
896 362 1002 399 armis
1017 373 1053 401 et
1077 365 1115 401 vi
1137 365 1263 404 defen-

147 418 232 457 dere
256 430 464 469 conantnr,
493 424 558 462 ubi
597 427 724 466 hostes
758 429 894 479 injuste
932 434 1079 481 aggredi
1113 434 1259 474 videant

142 489 281 537 patriae
312 503 436 530 carum
458 493 549 532 illud
582 498 733 546 solum,
762 511 869 548 agros
902 511 1111 550 vastantes,
1141 505 1258 543 caris·

140 558 232 598 sima
268 572 438 610 quaeque
480 565 677 613 eripientes
705 596 718 615 ,
767 581 840 608 rem
898 567 1086 612 indefesso
1129 575 1255 615 labore

140 631 388 678 conquisitam
420 633 659 684 auferentes,
689 641 855 688 templa,
896 642 1042 681 scholas
1085 646 1253 684 desolan-

142 705 226 746 tes,
263 701 489 750 omniaque,
511 717 606 752 quae
626 706 767 747 faciunt
805 711 850 748 ad
882 712 982 750 cives
1022 715 1191 754 meliores
1215 726 1251 755 et

136 765 323 808 feliciores
359 773 592 823 reddendos3
633 778 756 816 omnia
777 807 790 825 ,
830 780 968 827 quibus
1006 783 1153 823 facilius
1198 787 1250 824 ci-

138 837 212 876 tius
237 848 273 877 et
295 843 528 881 commodius
553 857 598 882 ex
626 847 695 884 Dei
723 850 915 888 voluntate
942 852 1116 891 virtutem
1145 867 1248 894 exer-

133 917 309 956 ceamus,
355 919 519 950 nostram
560 925 774 954 nostrorum
831 918 1064 968 aliorumque
1105 924 1244 963 civium

130 986 416 1023 promoveamus
444 982 598 1019 salutem
626 992 861 1034 terrestrem,
889 998 1033 1037 eosque
1065 992 1109 1029 ad
1130 993 1245 1031 beati-

130 1052 241 1082 tatem
274 1046 450 1086 ducamus
476 1040 686 1100 aeternam,
728 1054 760 1091 si
800 1055 935 1095 civium
974 1059 1057 1107 jura
1103 1062 1241 1101 violata

127 1119 300 1152 tueantur
312 1143 325 1163 ,
341 1117 512 1166 aliosque
525 1128 566 1157 ut
578 1132 808 1174 cognoscant
822 1153 834 1172 ,
855 1137 989 1176 cogant
1005 1157 1017 1175 ,
1034 1142 1148 1177 quum
1160 1135 1242 1182 J'us-

125 1182 154 1220 ti
194 1192 230 1221 et
263 1187 372 1234 aequi
405 1189 549 1237 legibus
592 1191 816 1240 obsequium
856 1206 1041 1244 praestare
1081 1202 1238 1241 nolint‘.2

125 1252 247 1301 Quis,
272 1257 432 1302 quaeso!
462 1259 552 1296 tales
580 1263 848 1310 reprehendet,
879 1278 994 1313 quum
1031 1270 1203 1309 noverint
1220 1300 1234 1318 ,

124 1321 189 1360 vix
228 1323 374 1363 vitalem
412 1338 493 1364 esse
519 1329 658 1377 vitam,
690 1333 722 1368 si
753 1334 940 1374 carissima
969 1337 1112 1376 homini
1137 1340 1235 1380 abla-

123 1401 160 1430 ta
197 1391 364 1433 fuerinte
407 1409 521 1444 quum
549 1399 694 1448 sciant,
737 1402 911 1443 facultate
952 1407 990 1444 in
1037 1409 1234 1456 perfectio-

122 1473 205 1500 nem
234 1464 395 1504 enitendi
419 1467 635 1508 hominibus
663 1475 817 1520 erepta,
854 1476 1044 1525 exstingui
1076 1491 1231 1527 quoque

121 1534 217 1571 vitae
249 1535 486 1586 cupidinem,
511 1548 604 1586 quae
640 1541 677 1578 in
711 1554 754 1579 eo
793 1545 985 1593 cernitur,
1014 1557 1054 1584 ut
1081 1559 1227 1587 nosmet

120 1602 196 1652 ipsi
223 1606 478 1655 perficiamus,
524 1610 681 1659 aliisque
729 1625 837 1660 quam
876 1617 1070 1663 plurimam
1100 1617 1228 1657 affera-

119 1684 203 1712 mus
246 1676 423 1715 salutem:
463 1690 577 1726 quum
606 1693 823 1728 persuasum
857 1684 928 1722 sibi
959 1687 1142 1734 habeant,
1171 1689 1226 1726 vi-

120 1750 178 1780 tae
207 1746 326 1791 perire
358 1746 571 1796 dignitatem
592 1779 604 1797 ,
643 1751 676 1788 si
709 1762 908 1801 externae,
950 1756 1087 1802 quibus
1127 1758 1223 1797 beati

117 1812 263 1862 simus,
288 1816 519 1866 negligantur
553 1819 786 1860 conditiones
810 1823 905 1873 (1);
934 1825 1090 1864 historia
1123 1828 1228 1865 deni-
1278 1859 1280 1861 ,

119 1894 191 1930 que
238 1895 303 1923 eos
347 1887 502 1935 doceat,
552 1890 705 1928 simulac
759 1894 892 1940 populi
926 1894 964 1931 in
1004 1895 1220 1935 servitutem

116 1953 326 2003 redigantur
353 1966 388 1995 et
414 1960 697 2007 opprimantur,
725 1962 841 2000 libere
876 1962 1070 2003 facultates
1105 1978 1223 2005 mora-

115 2024 169 2062 les
194 2027 384 2065 exercendi
407 2029 518 2077 copia
550 2024 733 2079 iis'erepta
752 2060 764 2078 ,
792 2044 937 2071 morum
966 2046 1118 2082 quoque
1140 2045 1220 2073 stu-

1165 2106 1222 2144 dia

153 2185 207 2221 (1)
227 2186 293 2216 Csr.
329 2188 560 2225 Draeseke,
585 2190 795 2219 Leerredanen
824 2201 895 2220 over
928 2192 981 2219 den
1010 2194 1124 2229 Krijg,
1151 2198 1221 2229 pag.

117 2245 167 2272 61.
191 2250 257 2278 sqq.

123 2330 125 2333 .
166 2311 253 2348 JUL.
637 2304 673 2341 D
