1502 2767
369 174 966 216 THEOLOGICA.
1185 183 1227 221 3¹

128 296 313 325 summum
351 285 441 324 artis
469 285 642 334 politicae
665 285 774 324 finem
800 291 1007 333 ponerent,
1035 289 1078 319 ut
1103 291 1232 320 omnes

128 354 281 394 omnino
308 363 436 404 gentes
459 348 574 393 unum
601 355 799 393 concilium
831 352 1128 398 constituerent,
1157 361 1234 398 quo

131 437 223 464 suos
253 437 421 473 quaeque
454 425 644 463 mitterent
685 425 856 472 legatos,
898 421 964 469 qui
1001 431 1157 459 suorum
1187 419 1239 457 ci-

132 496 235 534 vium
260 495 439 542 nomine,
465 495 511 533 de
542 494 670 533 litibus
686 523 699 543 ,
726 493 758 532 si
781 493 879 531 forte
907 500 1055 531 exortae
1084 499 1208 528 essent
1225 516 1238 534 ‚

129 564 310 614 :iudicium
351 563 489 603 ferrent
533 575 669 611 easque
714 562 941 601 dirimerent.
982 584 1034 591 -
1081 557 1241 598 Etiamsi

132 635 222 674 haec
263 646 389 684 pacem
431 642 644 684 perpetuam
690 631 934 672 conservandi
975 631 1064 676 via,
1117 629 1240 677 primo

136 705 298 753 obtutu,
322 716 404 743 sese
431 706 536 743 valde
561 705 817 750 commendet,
845 711 965 740 tamen
988 701 1020 738 si
1044 709 1079 738 et
1100 700 1160 737 hic
1185 711 1246 737 ac·

135 775 299 813 curatius
342 775 381 813 in
425 776 654 824 populorum
697 772 947 811 conditionem
974 800 988 819 ‚
1041 770 1245 818 variaque,

141 856 236 893 quae
252 845 391 894 singuli
408 853 577 894 spectant
588 873 599 890 ‚
612 828 806 882 commoda
817 871 829 890 ‚
849 842 1079 890 inquiramus
1095 869 1107 888 ‚
1122 841 1245 877 oleum

137 923 175 953 et
210 926 356 964 operam
387 916 600 964 perdituros
634 913 887 960 confidimus,
925 911 990 958 qui
1020 912 1093 948 tale
1124 909 1252 948 conci-

137 984 229 1023 lium
261 984 489 1022 constituere
511 990 710 1021 conentur.
767 980 865 1030 Quis
894 980 990 1018 enim
1018 977 1250 1027 speraverit,

142 1054 282 1093 etiamsi
308 1054 478 1091 nonnulli
513 1052 647 1101 populi
670 1079 684 1098 ‚
707 1051 804 1089 inter
838 1060 942 1098 quos⁴
972 1047 1152 1087 convenit
1183 1048 1252 1086 hac

143 1122 285 1162 ratione
322 1122 417 1161 bella
453 1121 591 1161 auferri
625 1132 767 1170 posse,
807 1131 889 1158 sese
919 1118 1070 1157 foedere
1106 1118 1152 1157 ad
1182 1119 1257 1157 tale

142 1178 342 1232 concilium
387 1192 690 1232 constituendum
733 1189 998 1229 adstrinxerint
1023 1217 1037 1237 ‚
1088 1188 1256 1236 reliquos

148 1274 276 1303 omnes
309 1264 357 1301 ad
379 1263 450 1302 hoc
475 1263 590 1301 libere
616 1271 860 1308 accessur053
889 1258 1027 1307 quodsi
1061 1259 1156 1296 enim
1179 1268 1258 1296 non

147 1333 263 1373 libere
296 1332 459 1381 faciant,
485 1332 620 1373 foedus
655 1331 729 1370 dici
764 1328 926 1378 nequit?
965 1329 1105 1368 Nonne
1130 1328 1258 1377 potius

1202 1410 1265 1438 CX-

156 1526 224 1561 !age
244 1524 293 1552 des
312 1523 547 1558 Naturrechts,
568 1522 629 1551 Th.
651 1522 689 1551 11.
708 1529 739 1556 p.
761 1523 933 1553 ἰω-265.
965 1519 1184 1556 Zacharia,
1203 1522 1264 1558 Ja-

157 1590 214 1609 nus
248 1581 499 1609 ubersahrieben.
539 1580 708 1613 Krause,
744 1577 902 1614 Entwurf
927 1578 1009 1605 eines
1037 1578 1267 1614 Eurupiiischcn

161 1637 420 1666 staatenhundcs.
458 1635 647 1670 Kantius‚
668 1643 737 1662 zum
759 1634 887 1671 Ewigen
905 1634 1049 1663 Fricden.
1092 1633 1177 1663 Licet
1200 1634 1267 1670 ipse

159 1703 293 1724 summus
319 1694 578 1729 Regiomontanus
601 1692 804 1728 Philosophus
839 1691 869 1720 in
904 1692 1169 1729 Metaphystschen
1204 1694 1272 1722 An·

154 1752 370 1790 fansgriinden
398 1752 448 1780 des
476 1751 700 1785 Rechtslehra‚
720 1758 753 1785 p.
776 1757 845 1782 251.
872 1757 979 1784 pacem
995 1757 1174 1785 perpetuam
1198 1758 1272 1780 con-

161 1809 247 1838 stitui
266 1817 327 1838 non
337 1816 428 1844 posse
453 1809 594 1837 fateatur.
625 1809 740 1837 Notum
758 1813 804 1835 est
818 1825 828 1840 ‚
853 1806 906 1842 qui
923 1807 945 1835 B
957 1805 1153 1834 ernardin
1174 1807 1212 1835 de
1230 1808 1273 1836 St.

162 1865 324 1902 Pierre,
342 1865 373 1894 in
391 1867 501 1900 Projct
513 1872 593 1901 pour
610 1864 720 1892 rendre
739 1866 771 1892 Ia
789 1865 871 1900 paix
885 1864 1076 1903 perpketuelle
1094 1864 1169 1891 dans
1184 1852 1285 1892 I’Eu-¹

163 1930 231 1960 rope
244 1943 254 1959 ,
277 1924 392 1952 Oeuvr.
414 1924 439 1952 1.
461 1922 541 1951 idem
557 1928 680 1956 urgeat3
703 1923 741 1950 de
760 1930 821 1957 quo
840 1928 934 1957 opere
953 1920 1079 1957 ejusque
1100 1929 1276 1956 argumento

164 1981 278 2016 legatur
295 1978 578 2015 Roussavius,
598 1980 731 2016 Omma,
756 1979 847 2007 Tom.
869 1979 980 2009 xxm.
999 1987 1032 2013 p.
1057 1980 1275 2012 5—61·Hen-

166 2037 275 2067 ricus
313 2039 486 2075 Quartus
526 2036 586 2070 jam
617 2035 716 2065 simile
751 2035 825 2071 quid
868 2035 1003 2064 voluisse
1038 2035 1172 2066 videtur.
1212 2037 1279 2067 Cfr.

172 2095 220 2124 dte
240 2096 404 2131 algomeine
425 2093 612 2123 christliche
634 2093 806 2130 Republiek
826 2094 858 2121 z'n
875 2093 1001 2129 Europa
1023 2094 1099 2121 nach
1116 2093 1172 2121 den
1197 2094 1278 2122 Ene-

152 2153 290 2188 'wr'irfen
312 2153 465 2181 Henriclts
491 2152 550 2188 IV,
572 2152 621 2180 des
647 2153 731 2180 Abts
753 2161 808 2180 von
832 2152 880 2179 St.
904 2151 1019 2178 Pterre
1047 2150 1109 2178 und
1127 2148 1276 2186 abdet-er,-

173 2207 309 2241 Gotting.
343 2217 426 2243 1752.
469 2207 685 2242 Perefixe‚
720 2207 863 2236 Histoire
895 2203 930 2234 de
962 2207 1065 2235 Henri
1097 2208 1125 2234 le
1157 2208 1278 2243 grand,

175 2272 206 2297 p·
231 2272 297 2293 τοῦ.
