1523 2745
268 163 317 203 86
464 162 1127 210 COMMENTATIO

273 271 482 311 obstabant.
512 272 709 321 Denique,
737 274 839 321 quod
865 274 1062 314 maximum
1084 283 1169 324 est,
1195 277 1263 315 hac
1285 277 1375 326 lege

271 342 416 379 obviam
456 341 523 379 ivit
570 342 738 380 licentiae
774 343 971 392 populari,
1015 357 1107 393 quae
1132 355 1286 393 augetur
1321 347 1376 385 ci·-

272 411 374 449 vium
402 420 512 449 aucto
541 422 724 459 numero,
750 413 925 460 quamdiu
952 413 1073 455 aditus
1095 415 1141 454 ad
1165 416 1314 455 comitia
1339 423 1376 454 et

271 480 466 518 tribunalia
489 482 610 520 cuivis
636 481 743 520 facile
771 491 886 530 patet.

324 549 408 587 Lex
440 559 560 588 autem
586 551 674 597 illa,
701 552 771 589 etsi
787 553 859 600 jam
881 561 987 591 antea
1012 554 1105 602 lata,
1131 552 1206 592 vim
1229 554 1382 592 demum-

276 630 378 657 suam
410 620 689 670 exercuit(1),
731 633 847 669 quum
886 623 1174 662 Psammetichus
1210 625 1278 673 (de
1302 635 1382 672 quo

275 687 449 735 aliunde,
477 690 579 736 quod
617 690 757 738 sciam,
796 701 873 729 non
904 700 1074 731 constat:
1103 703 1186 732 nam
1221 693 1268 732 de
1302 693 1384 732 Ina-

276 758 308 796 ri
345 759 413 808 (2)
449 768 551 807 patre
587 772 708 798 sermo
746 772 828 799 esse
859 772 936 799 non
979 771 1134 810 potest,
1163 771 1279 810 quum
1305 762 1387 812 ipse

277 828 407 866 Inarus
431 829 504 878 J'am
532 840 649 869 annos
673 831 816 877 aliquot
839 840 923 869 ante
945 832 1012 881 (3)
1038 832 1075 870 in
1101 843 1246 870 crucem
1265 832 1390 871 subia-

283 906 344 935 tus
380 900 498 947 esset)
523 900 688 948 Aegypti
712 912 801 948 rex,
829 913 970 939 memor
992 901 1132 950 quippe
1149 902 1275 940 auxilii
1299 902 1388 940 olim

284 966 329 1004 ab
364 966 654 1006 Atheniensibus
689 969 824 1018 missi,
852 981 927 1018 quo
959 971 1139 1020 Aegyptii
1158 983 1198 1009 se
1225 972 1391 1011 substra-

286 1038 415 1075 herent
455 1038 646 1076 Persarum
689 1040 810 1089 jugo‚
858 1040 1005 1089 inopiae
1041 1041 1144 1079 urbis
1184 1041 1392 1088 succurrit,

285 1107 398 1145 missa
433 1106 610 1146 frumenti
652 1109 788 1157 copia,
840 1110 936 1148 inter
967 1111 1069 1149 cives
1123 1111 1395 1150 distribuenda.

282 1176 513 1224 Deprehensi
545 1186 634 1217 tunc
665 1188 753 1216 sunt
790 1179 935 1217 circiter
974 1193 1097 1228 5000,
1127 1182 1186 1219 vel
1213 1190 1255 1219 ut
1289 1192 1398 1219 accu-

284 1247 401 1285 ratius
443 1248 552 1285 tradit
576 1248 822 1286 Philochorus
855 1251 958 1296 4760
977 1278 990 1297 ‚
1018 1250 1083 1297 qui
1108 1249 1187 1288 sine
1210 1251 1314 1299 J'usto
1350 1251 1398 1289 ti-

288 1317 368 1353 tulo
404 1316 442 1354 in
473 1316 610 1355 civium
642 1318 725 1367 Jura
758 1317 993 1365 irrepserant.
1044 1340 1093 1349 -
1128 1320 1243 1369 Quod
1275 1328 1398 1359 autem

288 1385 507 1424 Plutarchus
525 1386 624 1424 addit
638 1413 651 1434 ‚
662 1388 723 1436 jus
735 1387 914 1425 mansisse
938 1388 1120 1437 integrum
1138 1389 1211 1428 illis
1231 1403 1292 1438 14,
1307 1403 1400 1440 040,

292 1454 430 1502 quibus
456 1463 575 1493 status
596 1455 763 1503 quaestio
793 1465 892 1495 mota
925 1468 1001 1495 non
1035 1467 1118 1506 est,
1159 1460 1272 1507 quive
1298 1472 1403 1499 suam

295 1535 440 1563 causam
477 1525 750 1574 probaverant,
797 1537 955 1575 vereor,
1003 1536 1045 1566 ut
1085 1530 1173 1568 satis
1213 1530 1406 1580 diligenter

294 1594 339 1633 ab
377 1606 420 1632 eo
445 1596 597 1633 relatum
645 1597 707 1634 sit.
758 1596 914 1634 Veriora
950 1606 1050 1637 certe
1082 1598 1283 1648 videntur,
1312 1612 1408 1650 quae

297 1664 572 1712 Philochorus,
612 1677 721 1714 quem
760 1665 919 1705 fortasse
959 1667 1040 1716 ipse
1075 1668 1295 1708 Plutarchus
1321 1682 1408 1709 auc-

297 1743 416 1774 torem
454 1736 654 1784 sequstur,
706 1737 817 1775 tradit
861 1737 1014 1776 totidem
1052 1738 1200 1787 fuisse,
1254 1739 1320 1787 qui
1350 1751 1410 1779 ac-

298 1805 463 1855 ciperent
495 1805 721 1844 frumentum
759 1807 862 1856 (τοὺς
900 1811 974 1858 γὰρ
1022 1810 1206 1858 λαβόντας
1245 1811 1417 1859 γενέσθαι

1243 1896 1279 1921 κ.
1290 1882 1413 1931 aaz.)-

339 1969 392 2011 (ι)
412 1971 568 2000 Archonte
582 1971 790 2007 Lysimachide
807 1970 949 2010 (olymp.
968 1974 1160 2010 Lxxxm.4·
1179 1983 1206 2004 a.
1215 1975 1252 2005 C.
1260 1984 1317 2013 445
1334 1976 1353 2013 )
1380 1984 1416 2006 ut

305 2027 394 2057 tradit
423 2028 618 2057 Philochorus
647 2029 725 2064 apud
750 2030 851 2059 schol.
869 2031 905 2059 ad
920 2029 1077 2067 Aristoph.
1096 2034 1190 2068 vesp.
1213 2041 1245 2063 ν.
1270 2034 1339 2068 716.
1362 2032 1418 2069 qui

310 2091 409 2113 tamen
438 2085 570 2115 diversas
615 2093 664 2115 res
691 2085 848 2122 confudit,
889 2093 921 2116 ut
947 2095 1030 2118 recte
1061 2088 1178 2118 monuit
1206 2089 1340 2121 Boeckh.
1363 2097 1417 2126 op.

310 2144 332 2172 1.
352 2144 377 2172 1.
396 2152 426 2179 p.
443 2147 492 2178 98.

348 2200 402 2237 (α)
424 2200 520 2229 Thuc.
543 2199 570 2230 1.
590 2209 657 2238 ¹04·
681 2201 794 2231 Herod.
818 2201 884 2232 VH.
906 2211 934 2237 7.
987 2212 992 2218 ·

352 2255 404 2294 (3)
426 2254 522 2287 Thac.
544 2256 570 2287 1.
595 2267 661 2289 κιο.
