1538 2689
152 361 1123 454 'CONSPECTUS.

114 575 376 615 PRAEFA‘rto.
483 605 494 615 .
601 604 612 615 .
720 604 732 615 .
840 606 851 616 .
960 603 988 614 ..
1067 576 1154 625 Pag.
1211 588 1232 625 3

332 702 613 741 CAPUT
665 703 1021 742 PRIMUM.

230 855 287 882 DE
314 852 491 881 AUXILIO
518 852 729 880 NATURAE
754 850 802 879 IN
829 850 1047 879 SISTENDIS
1072 852 1131 879 ET

273 922 482 951 SANANDIS
511 921 872 956 HAEMORRHAGIIS
891 938 906 957 ‚
932 921 984 949 AB
1011 922 1089 949 AR·

323 991 559 1020 TERIARUM
584 991 787 1018 VULNERE
816 990 957 1018 ORTIS·
1023 1006 1035 1018 ο
1091 1007 1102 1018 .
1156 1010 1167 1022 .
1218 991 1243 1030 5

121 1100 161 1148 §-
218 1109 254 1137 1.
281 1098 342 1136 De
367 1099 606 1136 arteriarum
632 1105 832 1136 structura
837 1123 1164 1138 ......
1219 1110 1244 1150 5

125 1168 164 1216 §.
221 1179 261 1208 2.
290 1166 351 1205 De
376 1167 499 1206 variis
522 1164 712 1204 doctorum
737 1167 928 1204 sententiis
944 1167 1050 1204 cirea
1074 1179 1144 1206 na-

337 1245 450 1274 turae
473 1246 623 1286 operam
646 1234 701 1274 ad
708 1235 888 1275 sistendas
903 1237 1144 1276 haemorrha-

334 1307 421 1355 gias
425 1332 1166 1348 ............
1224 1314 1244 1349 8

126 1378 163 1425 §-
219 1388 257 1425 3.
284 1375 538 1426 Symptomata
557 1384 641 1426 post
665 1376 852 1413 arteriam
884 1376 996 1427 plane
1016 1387 1144 1418 trans—

343 1449 508 1484 scissam.
585 1471 1148 1492 .........
1201 1463 1247 1490 10

130 1517 169 1566 §.
220 1529 261 1565 4.
290 1517 545 1568 Symptomata
559 1543 572 1563 9
582 1515 791 1567 partialem
819 1511 995 1555 arteriae
1019 1517 1147 1558 discis·
1203 1536 1206 1542 f

346 1588 479 1625 sionem
511 1587 745 1636 insequentia
748 1612 1146 1628 .......
1204 1605 1250 1641 14

281 1723 562 1764 CAPUT
614 1723 1114 1764 SECUNDUM.

161 1875 218 1902 1)ss
246 1873 469 1902 METHODIS
494 1874 541 1901 IN
568 1873 771 1902 ARTERIIS
798 1873 1030 1909 LIGANDIS,
1056 1874 1230 1903 EARUM-

239 1945 325 1983 QUE
351 1944 674 1972 MUTATIONIBUS
700 1944 1032 1973 PATHOLOGICIS·
1071 1960 1082 1973 ⁸
1138 1961 1149 1973 0
1208 1945 1254 1982 17

143 2067 179 2113 ς.
236 2075 273 2113 5.
303 2065 520 2115 Ligaturae
543 2065 701 2103 historia
704 2090 1048 2104 ......
1100 2066 1192 2116 Pag.
1210 2078 1255 2114 17

143 2133 181 2179 §0
232 2135 274 2176 6.
301 2134 360 2172 De
397 2136 658 2174 instrumentis
696 2144 810 2186 atque
836 2135 1054 2176 substantiis
1091 2148 1159 2174 να-

356 2206 427 2243 riis
452 2205 506 2244 ad
530 2207 739 2256 ligaturam
766 2205 960 2245 adhibitis.
1003 2231 1015 2245 .
1072 2232 1085 2247 .
1140 2233 1151 2245 .
1208 2210 1259 2246 26

1183 2278 1256 2325 §·7
