1502 2767
228 222 301 257 224
449 211 1110 252 COMMENTATIO

226 321 321 359 landi
361 321 490 359 ardore
525 328 559 357 et
596 310 813 358 crudelitate
848 321 901 360 nil
947 324 1093 361 cedant.
1170 323 1335 365 Herulos

228 394 272 430 ad
306 391 515 430 Danubium
557 390 684 428 seculo
722 399 857 438 sexto,
899 393 987 440 qui,
1028 392 1233 432 Christiani
1267 395 1338 433 etsi

230 461 343 506 dicti,
373 459 564 507 pristinam
598 459 802 497 barbariem
828 468 864 498 et
889 462 1142 500 crudelitatem
1178 463 1337 502 retinue-

231 531 304 568 rint
331 530 422 578 (1);
452 529 677 566 Alemannos
693 551 706 572 ,
733 528 778 565 de
802 528 964 577 quibus,
980 531 1142 578 Agathia
1163 540 1337 580 auctore,

230 601 324 639 idem
362 598 579 644 dicendum3
622 597 784 635 Francos
819 598 946 637 hostes
982 600 1215 639 immolantes
1253 602 1337 651 (2).

230 669 433 715 Testetur,
462 668 515 704 si'c
537 674 721 715 pergunt,
750 667 907 705 medium
924 669 1182 718 Aevum,quo
1208 682 1337 709 omnes

230 741 352 779 animo
384 737 531 776 militari
561 736 684 775 affecti
711 735 864 776 fuerint.
916 738 1185 787 Imperatores,
1212 751 1341 789 reges,

233 821 419 849 sacrorum
461 807 672 854 antistites,
724 805 825 855 pacis
866 807 1015 846 foedera
1055 820 1226 862 rumpere
1264 819 1343 847 non

233 880 401 928 iniquum
433 878 658 925 censebant3
687 876 799 924 idque
831 877 945 915 eheu!
987 886 1028 916 ut
1057 878 1271 927 jactabant,
1297 878 1344 916 ad

232 950 303 989 Dei
344 948 522 997 gloriam!
578 947 719 985 Omnes
761 946 839 985 fere
874 947 984 985 medii
1021 948 1118 986 Aevi
1155 947 1343 998 principes

234 1030 310 1057 non
334 1018 456 1056 minus
485 1018 578 1056 alios
609 1017 807 1066 subigendi
843 1017 968 1055 studio
992 1016 1210 1067 fervebant,
1233 1029 1342 1067 quam

235 1089 443 1136 Alexander
469 1096 505 1126 et
531 1088 671 1126 Attila!

287 1159 345 1199 Ne
368 1159 414 1196 ad
441 1158 578 1196 seriora
619 1165 785 1206 tempora
821 1166 1064 1205 provocetur.
1116 1157 1222 1207 Quid
1247 1157 1345 1195 enim

235 1230 420 1268 crudelius
472 1227 673 1276 excogitari
722 1226 869 1275 possit,
922 1239 1031 1275 quam
1079 1226 1244 1275 Philippi
1286 1238 1345 1265 se-

235 1298 349 1338 cundi
391 1298 548 1336 bellandi
598 1296 722 1343 ratio,
774 1307 885 1344 quam
929 1295 1212 1335 Ludovicorum
1266 1294 1345 1333 fere

236 1368 401 1407 omnium
424 1368 461 1405 in
488 1366 609 1406 Gallia
637 1365 748 1414 impie
775 1364 906 1412 gesta?
947 1364 1143 1403 Gallorum
1178 1365 1343 1403 omnium

236 1438 427 1486 superiore
468 1437 595 1474 seculo
632 1435 793 1474 bellandi
832 1435 998 1473 ardorem
1039 1444 1076 1473 et
1117 1434 1345 1473 atrocitatem

237 1508 322 1557 quis
347 1506 520 1545 neseiat?
550 1505 662 1553 Tales
697 1511 900 1542 occurrunt
930 1504 1132 1551 Italorum,
1159 1503 1348 1552 Hispano-

236 1590 345 1624 rum,
373 1576 639 1615 Lusitanorum
671 1573 805 1611 milites
835 1572 912 1611 fere
943 1573 1112 1621 semper!

286 1648 371 1696 Ipsa
409 1647 470 1684 illa
504 1645 710 1683 recentiora
747 1652 914 1691 tempora
946 1643 1132 1689 docuere,
1158 1644 1225 1691 qui
1248 1643 1351 1681 Aus-

237 1717 341 1756 triaci
388 1717 584 1756 Gallorum
634 1715 802 1762 legatos,
858 1721 1023 1751 ceterum
1062 1706 1349 1760 sacrosanctos,

240 1799 358 1838 prope
385 1786 568 1824 Badstadz
592 1782 864 1822 interemerint!
893 1782 1037 1820 Nostra
1073 1781 1248 1819 memoria
1273 1782 1353 1820 Na-

240 1858 378 1905 poleon
411 1856 533 1894 Xerxe
573 1854 680 1903 pers
717 1852 863 1892 saeviit.
915 1853 1022 1902 Quot
1055 1852 1248 1891 hominum
1270 1853 1352 1891 mil-

1307 1922 1354 1959 lia

281 2062 332 2101 (ι)
353 2060 604 2096 Procopius,
640 2060 687 2087 De
720 2060 799 2088 bello
836 2058 980 2094 Gothico,
1014 2056 1082 2087 Lib.
1110 2057 1165 2086 111.
1190 2065 1221 2093 4.
1260 2055 1353 2084 Eva·

244 2119 370 2155 grius,
392 2119 538 2146 Historia
564 2117 771 2151 Ecclesiast„
797 2118 847 2145 1V.
869 2125 917 2145 20.

243 2176 334 2211 5'12)
355 2173 600 2209 Procopius,
629 2173 700 2202 Lib.
730 2173 769 2202 11.
797 2181 862 2206 cap.
892 2175 944 2204 26.
980 2171 1049 2202 Alia
1074 2168 1245 2200 istiusmodi
1271 2169 1358 2204 plura

245 2233 384 2268 exempla
406 2230 504 2260 attulit
532 2229 750 2264 Batonius,
780 2230 935 2263 Annales,
959 2229 996 2257 ad
1017 2235 1125 2256 annum
1152 2235 1222 2263 ⁵97·
1257 2227 1358 2255 Sem·

247 2292 324 2325 let,
351 2290 470 2316 selecta
497 2287 659 2315 Historiar-
685 2286 804 2315 Eccles.
830 2287 957 2322 capita,
978 2285 1069 2314 Tom.
1085 2283 1110 2313 1.
1133 2284 1354 2320 pag-364.sqq.
