1502 2767
514 177 1106 226 THEOLOGICA.
1286 193 1352 237 131·

255 292 320 338 qui
355 300 443 338 prae
472 289 604 330 ceteris
639 293 748 340 longe
784 294 1028 341 excellere-nu
1067 302 1104 332 at
1132 294 1242 332 simul
1267 306 1356 332 con-

252 359 464 408 tendimus,
513 362 583 399 ho's
618 373 694 400 non
733 373 773 400 ea
815 363 997 411 cogitasse
1037 371 1073 401 et
1113 363 1297 412 sensisse,
1333 376 1354 402 a

251 427 391 476 quibus
434 430 624 468 hominum
666 431 711 468 de
749 431 846 470 bello
892 432 1055 481 gerundo
1092 433 1352 471 sententiarum

251 499 456 538 emendatio
490 500 628 548 sperari
662 510 790 549 posset
801 514 815 550 3
843 511 879 539 et
910 502 943 539 si
976 503 1037 540 vel
1068 502 1141 540 hoc
1168 502 1253 550 quis
1285 503 1354 540 mi-

251 567 291 605 hi
314 578 391 606 non
409 571 585 608 concedat
599 597 613 616 ,
639 569 677 608 id
700 578 798 609 certe
821 570 1016 618 fatebitur,
1043 572 1113 609 hos
1137 571 1255 609 fuisse
1278 580 1350 609 tam

247 649 375 686 raros,
414 646 457 676 ut
484 639 620 677 nullam
647 651 798 688 prorsus
832 641 912 679 -huc
942 649 1165 690 spectantem
1200 641 1276 679 vim
1313 650 1350 679 et

247 706 492 745 efficacitatem
525 708 562 746 in
599 709 789 747 hominum
826 721 943 759 genus
978 723 1145 750 exercere
1178 720 1347 760 possent.

298 775 448 826 Quibus
479 774 746 826 praemonitis,
774 778 935 817 breviter
966 780 1011 818 de
1044 780 1229 829 singulis,
1257 790 1351 829 quae'

247 847 534 887 memoravimus
545 875 558 894 ‚
576 847 788 886 videamus.

293 916 368 954 Est
400 914 495 954 nihil
525 927 707 964 prorsus,
735 917 838 964 quod
872 917 1041 956 homines
1073 919 1187 967 magis
1223 918 1348 967 pravis

242 984 354 1023 animi
381 984 574 1023 affectibus
606 985 775 1023 resistere
811 986 965 1033 doceat,
1014 999 1123 1033 quam
1161 989 1349 1038 religionis

241 1052 412 1091 doctrina
437 1051 533 1102 (1),
578 1054 652 1100 qua
685 1053 853 1093 homines
891 1066 1006 1094 unum
1039 1051 1191 1095 Numen
1219 1069 1349 1107 supre-

241 1133 343 1160 mum
358 1150 371 1170 ,
392 1122 653 1171 omnipotens,
682 1124 899 1163 omniscium
914 1153 929 1174 ,
954 1123 1094 1164 bonum
1118 1135 1154 1164 et
1177 1136 1345 1166 sanctum

237 1199 472 1240 agnoscunt,
498 1203 660 1243 quocum
684 1195 906 1244 conjunctos
931 1206 972 1234 se
990 1196 1177 1244 sentiunt,
1193 1197 1347 1246 originis

241 1263 381 1313 quippe
414 1276 501 1303 suae
531 1274 710 1313 auctore,
761 1278 882 1305 curam
913 1267 972 1306 sui
1008 1278 1181 1317 gerente,
1234 1269 1347 1318 idque

238 1333 437 1383 cupiente,
466 1329 532 1385 (ut
552 1347 596 1374 ex
617 1342 729 1374 sensu
748 1337 898 1384 morali,
925 1338 1043 1376 cuivis
1064 1339 1187 1377 innato
1204 1347 1345 1388 ,appa-

238 1404 316 1453 ret)
351 1413 395 1442 ut
426 1405 594 1443 homines
615 1407 659 1444 ad
684 1406 836 1454 quaevis
866 1407 1014 1446 moralia
1039 1408 1254 1458 adspirent3
1282 1419 1342 1458 et,

240 1485 356 1522 quum
389 1485 459 1523 pro
492 1474 603 1513 hacce
639 1484 758 1513 rerum
797 1476 1035 1515 humanarum
1062 1477 1201 1515 ratione
1227 1490 1268 1516 se
1296 1489 1343 1516 eo

237 1543 430 1592 pervenire
456 1554 533 1582 non
564 1555 675 1593 posse
699 1545 873 1594 videant,
909 1546 1216 1586 immortalitatem
1257 1560 1343 1597 spe-

238 1622 347 1659 rent,
375 1614 413 1651 in
440 1626 512 1661 qua
539 1626 583 1652 eo
609 1615 845 1663 perveniendi
874 1616 981 1665 copia
1017 1616 1089 1654 sibi
1125 1617 1202 1657 fiat.
1254 1618 1343 1656 Nisi

238 1681 306 1721 hae
339 1685 564 1732 populorum
605 1685 773 1735 religioni
808 1687 926 1724 adsint
964 1686 1168 1734 notiones,
1212 1700 1339 1736 parum

237 1753 298 1790 vel
331 1753 426 1790 nihil
467 1754 687 1802 sperandum
723 1764 802 1803 est,
847 1764 889 1794 ut
920 1756 1110 1794 hominum
1152 1758 1197 1795 de
1242 1759 1343 1797 bello·

239 1823 403 1871 gerundo
428 1824 630 1861 sententiae
665 1825 917 1865 emendentur.
1292 1860 1294 1863 .

1257 1878 1338 1928 Jam

276 1935 329 1975 (ι)
348 1937 429 1968 Cfrr.
451 1940 491 1968 A.
511 1934 639 1975 'Ypey‚
662 1939 764 1968 Oratio
779 1941 827 1968 De
849 1949 923 1969 vera
941 1942 1112 1976 religione,
1132 1941 1341 1971 humanitem

237 2003 323 2023 sensu
353 1996 455 2023 ubivis
473 1997 610 2032 gentium
638 1998 820 2031 excitando,
838 1999 973 2034 apprime
1005 1999 1239 2027 accommodata.
1280 2000 1339 2027 Im-

238 2050 344 2087 primis
361 2054 525 2089 summusJ.
544 2053 579 2081 L.
600 2054 624 2081 E
636 2055 759 2089 wald,
777 2055 857 2083 Ονεν
875 2055 1229 2091 Scaatsomwenteh'ngen
1242 2075 1252 2089 ‚
1269 2056 1338 2084 der·

239 2109 344 2137 τεῖνεν
369 2110 500 2136 bronnen
528 2118 563 2137 en
588 2110 867 2146 hehoedmiddelen3
887 2110 1076 2145 dignissimus
1091 2130 1101 2145 ‚
1122 2113 1192 2146 qui,
1211 2120 1277 2140 cum
1298 2113 1341 2140 0¹³¹

241 2164 415 2194 Orationem
448 2165 502 2198 (de
531 2174 590 2201 quo
623 2168 739 2202 legatur
768 2169 834 2196 Ew.
872 2167 979 2203 Kist‚
1020 2168 1266 2204 Reda-veringen
1301 2174 1339 2196 ω’

242 2221 522 2259 Verbandelingen,
544 2224 658 2251 laame
677 2224 845 2262 Vcrlmnd.)
869 2232 932 2253 tum
952 2226 992 2254 ob
1009 2225 1155 2260 egregiam
1173 2224 1340 2258 argumenti

241 2277 462 2312 expositionem
472 2298 483 2314 ‚
502 2279 552 2308 hic
566 2281 692 2314 legatur.

758 2318 823 2356 12
