1523 2745
271 186 344 212 222
411 169 665 211 COMM.
719 167 1231 212 LITERARIA.

269 284 336 320 hac
376 280 572 319 occasione
607 277 881 317 accuratissime
916 276 1083 315 definivit
1110 275 1380 327 Thucydides,

269 352 418 400 quinam
447 350 683 398 magistratus
707 349 779 386 hoc
805 355 973 395 tempore
997 347 1036 384 in
1063 345 1143 384 aliis
1168 347 1381 395 regionibus

266 433 417 460 munere
439 421 682 470 fungerentur
709 419 796 469 (Ι).
824 418 896 456 Sed
920 416 1042 455 fuerat
1058 417 1319 455 Thebanorum
1342 417 1381 455 in

263 494 425 533 Plataeas
459 492 628 537 invasio,
655 490 845 539 huJusque
869 486 973 525 urbis
1005 486 1050 525 ab
1086 485 1380 526 Atheniensibus

262 563 462 611 occupatio
480 590 493 609 ‚
546 569 689 598 tantum
714 560 752 596 in
782 569 916 605 causa,
943 569 1010 595 cur
1045 556 1230 606 privatum
1263 557 1381 604 quod-

266 634 345 671 dam
382 632 507 670 odium
543 630 637 668 inter
663 639 863 676 utriunque
895 628 1080 675 Populum
1107 626 1375 675 intercederet;

267 712 380 750 atque
393 714 432 740 ea
457 702 502 739 de
520 713 558 738 re
580 711 657 738 non
678 700 767 737 adeo
794 698 980 746 inceptum
1005 706 1081 734 erat
1100 689 1379 747 bellum',quus

263 772 375 820 igitur
406 771 552 809 initium
588 781 673 808 curn
706 769 897 818 plerisque
928 767 1092 815 antiquis
1130 767 1378 816 scriptoribus

262 841 412 891 repetiit
450 841 612 890 scriptor
649 840 693 877 ab
741 837 977 886 expeditione
1013 836 1248 875 Archidamia
1282 838 1376 887 (2)3

263 914 361 951 unde
396 911 502 950 etiam
538 911 663 948 decern
699 910 842 957 priores
876 907 1182 956 Peloponnesiaci
1205 907 1292 945 belli
1315 918 1380 946 an-

260 983 302 1022 ni
349 993 484 1022 nomen
529 981 782 1031 Ἀρχιδοιμείου
831 980 987 1027 πολέμου
1037 985 1226 1015 traxerunt
1277 976 1376 1026 (3);

261 1066 357 1103 quos
382 1063 499 1091 annos
522 1060 647 1089 secuta
675 1049 806 1087 Niciae
831 1060 902 1096 pax
926 1049 1011 1085 loco
1040 1047 1153 1084 cessit
1183 1046 1375 1085 Deceliaco

259 1124 358 1162 bello
387 1122 471 1172 (4).
526 1121 566 1159 Si
594 1128 713 1158 autem
750 1117 923 1155 Thebani
956 1111 1114 1155 exeunte
1140 1127 1264 1154 mense
1289 1116 1379 1155 Mu-

257 1193 448 1243 nychione
482 1191 520 1228 in
557 1191 718 1228 Plataeas
752 1188 994 1235 irruperunt,
1030 1186 1173 1224 invasio
1208 1198 1228 1224 a
1261 1186 1376 1225 Lace-

260 1262 463 1302 daemoniis
505 1259 600 1298 facta
646 1268 701 1297 est
755 1269 880 1295 mense
933 1255 1261 1293 Hecatombaeone
1305 1255 1380 1293 Ar-

262 1334 412 1372 chontis
443 1328 698 1378 Euthydemi‚
727 1327 883 1375 Olymp.
913 1325 1147 1364 LXXXVII.
1177 1337 1214 1363 2.
1242 1323 1293 1362 A.
1322 1324 1374 1364 C.

260 1417 352 1454 431.
376 1403 455 1455 Jam
483 1412 604 1446 vero,
636 1409 750 1447 quum
774 1397 894 1435 Roma
929 1407 949 1433 e
981 1394 1216 1432 Varroniano
1250 1394 1374 1433 calcu-

261 1476 324 1525 lo,
378 1471 526 1510 condita
557 1469 607 1506 sit
641 1470 690 1505 A.
721 1468 769 1504 C.
800 1475 889 1514 754.
908 1492 921 1511 ‚
969 1463 1107 1500 bellum
1143 1463 1376 1511 Peloponne-

263 1545 358 1583 sium
393 1542 582 1589 inceptum
621 1547 678 1576 est
705 1546 801 1574 anno
842 1546 925 1584 323.
964 1533 1017 1572 U.
1049 1533 1101 1571 C.
1142 1534 1249 1583 Quae
1283 1541 1377 1571 tem-

260 1625 394 1664 porum
424 1608 654 1658 computatio
692 1606 835 1655 egregie
867 1603 1107 1642 confirmatur
1143 1597 1235 1641 Auli
1260 1603 1376 1643 Gellii

258 1682 475 1723 testimonio
503 1681 598 1728 (5),
638 1677 817 1716 dicentis:
867 1675 1000 1712 bellum
1047 1671 1175 1710 deinde
1211 1675 1252 1710 in
1298 1682 1377 1712 ter-

259 1768 306 1792 ra
337 1753 500 1793 Graecia
536 1751 740 1788 maximum
783 1745 1122 1797 Peloponnesiacum
1151 1769 1164 1782 .
1195 1770 1206 1782 .
1236 1771 1248 1780 .
1275 1754 1377 1796 coep-

1293 1822 1372 1852 tum

298 1908 351 1944 (ι)
371 1910 468 1938 Thuc-
492 1908 534 1935 11.
562 1916 591 1936 α.

297 1965 351 2000 (2)
373 1965 469 1992 Thuc.
491 1964 529 1991 11.
557 1969 599 1996 19.
623 1962 658 1989 V.
680 1969 728 1990 ρο.

291 2022 344 2058 (3)
366 2022 512 2055 Harpocr.
525 2019 553 2046 in
567 2025 656 2046 voce.
668 2031 700 2039 —
711 2016 793 2044 Suid.
806 2015 837 2043 in
847 2023 925 2044 voce
935 2008 1110 2052 Βρασίδας.
1125 2012 1371 2041 —conf.Marx-

261 2079 307 2107 ius
329 2079 363 2105 ad
384 2077 498 2111 Ephori
519 2077 653 2109 fragium.
674 2082 705 2108 p.
732 2082 802 2108 232.

299 2136 352 2172 (4)
376 2134 469 2163 Conf.
492 2135 594 2168 plures
610 2130 693 2166 loci,
712 2139 728 2159 a
747 2131 875 2160 Gollero
900 2128 983 2158 citati
1007 2127 1039 2157 in
1053 2129 1184 2162 Argum.
1212 2127 1248 2156 nd
1271 2127 1368 2156 Thuc.

264 2193 334 2222 Lib.
357 2193 392 2220 V.

301 2248 352 2285 (5)
374 2249 479 2277 Noctt.
504 2249 567 2275 Art.
591 2245 657 2274 Lib.
677 2244 766 2272 XVII.
789 2252 838 2273 αι.
