1523 2745
266 159 316 213 745
493 155 1157 199 COMMENTATro

760 310 797 357 ς.
850 317 887 356 5.

308 451 465 490 Pericles
495 462 572 490 non
601 451 780 490 minorem
804 453 858 490 rei
884 453 1052 492 militaris
1070 482 1083 502 ,
1111 466 1219 503 quam
1248 454 1370 494 civilis

257 532 379 559 curam
418 533 577 570 gerens,
628 523 770 570 primus
810 523 918 561 etiam
953 523 1135 564 militibus
1171 525 1373 573 nautisque

255 591 440 639 stipendia
485 591 554 641 (1)
598 591 715 630 dedit.
782 593 874 630 Non
930 604 988 632 est
1025 595 1128 643 quod
1167 595 1365 643 miremur,

257 659 426 698 Graecos
463 661 548 698 olim
569 689 581 707 ‚
617 663 703 700 sola
727 661 842 710 gloria
877 672 1102 710 contentos,
1129 675 1198 712 pro
1225 664 1298 702 aris
1334 673 1371 703 et

252 729 348 768 focis
382 741 510 769 contra
542 731 718 770 barbaros
754 732 929 770 stetisse:
972 733 1038 770 sed
1078 741 1244 782 tempora
1270 741 1375 772 erant

256 810 395 840 mutata
416 810 452 838 et
474 812 584 840 nemo
600 801 673 850 jam
696 801 849 849 patriam
875 802 1098 849 relinqueret
1122 811 1158 840 et
1180 802 1293 841 vitam
1312 814 1378 841 va·

253 871 319 909 riis
343 880 542 920 exponeret
565 871 742 920 periculis
769 880 804 909 et
819 871 1010 911 laboribus
1025 873 1106 910 sine
1129 873 1207 911 ulla
1228 883 1365 910 merce·

255 941 300 979 de
314 969 326 988 ‚
343 953 451 989 quam
474 941 587 979 sciret
602 941 741 979 resides
761 941 927 992 accipere
950 942 989 980 in
1005 942 1086 980 otio
1110 952 1145 981 et
1159 943 1374 982 securitate.

257 1012 446 1050 Praeterea
469 1011 597 1061 majori
608 1011 692 1060 J'ure
716 1011 846 1049 civitas
863 1012 1049 1059 quaelibet
1062 1013 1208 1050 mandat
1231 1012 1289 1060 ei,
1310 1011 1375 1061 qui

255 1081 300 1119 ab
325 1081 406 1129 ipsa
429 1082 561 1127 alitur,
591 1093 699 1128 quam
731 1081 763 1118 ei
779 1110 792 1128 ,
820 1081 887 1128 qui
911 1091 1047 1130 sponte
1068 1084 1138 1121 sua
1169 1081 1314 1120 labores
1337 1089 1374 1120 et

253 1151 418 1200 pericula
449 1162 526 1188 non
561 1150 713 1198 refugit.
779 1151 914 1188 Valent
955 1150 1142 1199 stipendia
1180 1151 1225 1188 ad
1263 1149 1376 1189 disci-

254 1220 393 1269 plinam
420 1220 662 1266 firmandam,
693 1228 728 1257 et
747 1248 761 1267 ‚
787 1219 854 1256 ubi
879 1231 921 1257 ea
955 1231 1032 1258 non
1074 1220 1233 1268 adsunt,
1287 1221 1372 1269 pul·

254 1291 405 1329 cerrima
456 1290 603 1336 quidem
647 1297 819 1336 prostant
869 1288 1100 1326 fortitudinis
1144 1298 1181 1326 et
1231 1289 1369 1337 patriae

252 1359 388 1398 amoris
422 1359 652 1406 specimina,
689 1369 814 1395 verum
845 1359 927 1406 ipsa
962 1369 1020 1396 ars
1053 1357 1185 1396 bellica
1218 1369 1372 1407 magnos

252 1439 471 1477 progressus
504 1426 624 1466 facere
658 1427 722 1465 vix
745 1435 897 1475 potestg,
929 1428 1019 1474 quin
1049 1427 1142 1465 belia
1167 1427 1374 1475 longinqua

253 1507 289 1538 et
325 1499 499 1537 diuturna
548 1497 626 1535 sine
664 1496 852 1545 stipendio
898 1506 1073 1546 suscepta
1113 1508 1159 1534 ne
1207 1496 1372 1544 cogitare

255 1568 403 1616 quidem
436 1578 655 1616 possumus.
738 1566 874 1616 Quivis
909 1576 1031 1605 autem
1058 1568 1183 1615 paullo
1210 1566 1371 1615 pruden-

250 1637 325 1675 tior
349 1638 421 1686 J'am
457 1636 653 1684 providere
687 1645 857 1683 poterat,
899 1637 1034 1674 instare
1073 1635 1134 1674 illa
1171 1644 1368 1686 tempora,

253 1720 369 1756 quum
406 1706 589 1745 exercitus
624 1707 718 1744 bene
752 1705 958 1743 instructus
985 1717 1117 1754 magno
1140 1706 1284 1744 civitati
1307 1705 1370 1743 fu-

251 1787 359 1815 turus
405 1784 502 1814 esset
531 1775 738 1823 praesidio:
783 1775 844 1814 cui
881 1775 1044 1822 rationi,
1081 1787 1195 1823 quum
1230 1783 1267 1813 et
1302 1775 1372 1814 alia

250 1849 435 1886 accederet
458 1847 565 1892 haec,
596 1847 798 1882 multorum
819 1845 966 1892 inopiae
991 1845 1070 1882 sine
1095 1855 1228 1892 magno
1251 1843 1364 1893 Reip.

252 1927 407 1966 sumptu
433 1927 646 1954 succurrere
669 1915 740 1952 hoc
770 1914 882 1951 modo
919 1926 959 1951 se
1005 1925 1139 1962 posse:
1169 1915 1368 1961 prudenter

252 1988 433 2026 militibus
459 1987 497 2024 in
525 1984 765 2033 expeditione
789 1984 981 2032 occupatis
1025 1984 1252 2032 stipendium
1283 1994 1367 2022 esse

1274 2064 1364 2091 con·

286 2182 339 2221 (1)
360 2180 482 2216 Ulpiau.
514 2179 549 2206 ad
576 2178 734 2206 Demosth.
758 2177 839 2206 Orat.
862 2173 936 2214 περὶ
959 2168 1165 2213 συντάξεως.
1191 2189 1227 2197 -
1255 2174 1297 2204 cf.
1325 2174 1362 2203 de

246 2241 301 2269 hac
316 2238 399 2270 omni
416 2234 605 2273 maestione.
633 2235 699 2264 Cel.
719 2234 861 2271 Heeren,
879 2230 925 2263 Id.
949 2234 1004 2265 111,
1025 2241 1059 2269 p-
1082 2239 1150 2270 342.
