1502 2767
186 219 235 256 90
408 203 1070 246 COMMENTATIO

183 316 404 365 respondit:
449 319 492 355 ‘H
524 316 698 363 βασιλεία
734 316 856 363 ἡέμὴ
902 318 963 355 οὐκ
1004 316 1101 356 genia
1147 319 1192 356 ἐκ
1224 321 1286 357 τοῦ

183 387 319 442 κόσμου·
339 386 475 426 τούτου.
517 388 560 425 Εἰ
595 387 634 424 ἐκ
662 389 723 424 τοῦ
754 386 887 433 κόσμου
914 386 1039 426 τούτου
1060 384 1100 430 ἦν
1135 389 1156 433 ἢ
1181 388 1291 434 βασι·

180 458 262 497 λείοι
285 459 303 501 ἡ
329 457 419 503 ἐμὴ,
440 457 470 495 οἱ
495 454 663 502 ὑπηρέται
685 454 730 494 ἂν
751 456 781 494 οἱ
802 455 876 502 ἐμοὶ
896 456 1134 504 ἠγωνίζοντο,
1157 455 1214 496 ἵνα
1232 458 1284 504 μὴ

177 528 357 576 παραδοθῶ
379 531 450 569 τοῖς
477 524 668 568 Ἰουδαίοις·
696 527 755 564 νῦν
779 526 821 564 δὲ
841 527 861 570 ἡ
884 526 1060 573 βασιλείοο
1083 528 1104 572 ἢ
1130 527 1197 574 ἐμὴ
1224 527 1286 566 οὐκ

178 596 273 635 ἔστιν
295 595 453 634 ἐντεῦθεν
481 594 564 642 (1).

226 664 268 701 In
295 671 421 710 aperto
462 671 546 709 est,
581 663 738 700 Pilatum
772 662 900 712 Jesum
937 671 1110 711 tanquam
1137 662 1290 702 seditio·

175 745 258 771 sum
292 734 570 780 considerasse,
622 733 764 781 quippe
798 733 890 781 qui,
919 736 952 770 si
992 741 1199 770 terrestrem
1246 743 1287 771 se

166 803 393 851 judaeorum
418 814 540 850 regem
559 802 753 851 professus
785 813 913 850 esset,
953 815 1017 840 eos
1043 804 1088 841 ad
1109 802 1292 842 defectio·

174 883 258 910 nem
293 872 497 911 incitasset.
553 872 634 921 Jam
663 884 751 910 vero
774 872 885 921 Jesus
920 872 994 912 ait:
1026 872 1143 910 Pilato
1182 873 1236 910 nil
1267 884 1289 910 a

174 954 215 980 se
247 942 484 981 metuendum
519 954 630 989 esse,
672 942 814 991 quippe
841 944 906 990 qui
943 953 1008 981 rex
1044 942 1192 990 quidem
1232 953 1291 980 es·

173 1020 255 1060 set,
284 1023 361 1050 non
394 1024 507 1059 vero,
535 1021 578 1049 ut
616 1013 678 1049 ille
712 1013 895 1060 putabat,
924 1023 1077 1059 regnum
1115 1010 1290 1049 Palaesti-

175 1093 242 1120 nae
277 1082 467 1129 ambiens,
497 1094 611 1130 quum
646 1094 692 1119 ne
728 1081 849 1130 copiis
878 1082 1027 1128 quidem
1066 1079 1287 1119 militaribus

174 1163 216 1190 se
244 1152 420 1200 stipatum
450 1151 616 1198 videret;
656 1162 724 1190 nec
750 1163 790 1190 se
825 1152 897 1189 tale
924 1151 1127 1199 quidquam
1149 1153 1187 1188 in
1213 1150 1292 1189 ani-

176 1234 239 1261 mo
279 1223 429 1261 habere,
483 1223 526 1261 Id
555 1230 697 1260 tantum
737 1222 903 1268 indicat,
943 1231 1095 1269 regnum
1132 1221 1291 1259 Messia-

177 1304 266 1331 num
306 1292 521 1340 spirituale,
547 1294 593 1331 de
623 1305 700 1340 quo
725 1302 870 1331 veteres
899 1291 1169 1330 Hebraeorum
1188 1299 1290 1330 vates

178 1363 368 1402 vaticinati
405 1373 560 1409 essent,
595 1363 668 1412 jam
704 1374 724 1400 a
757 1373 798 1400 se
820 1361 1013 1399 conditum
1053 1372 1169 1409 esse,
1193 1361 1290 1410 qui,

177 1445 252 1481 qua
277 1433 418 1471 ratione
442 1433 594 1471 Numen
619 1443 833 1480 supremum
857 1432 1055 1470 colendum
1080 1441 1178 1470 esset
1195 1459 1209 1478 ,
1224 1432 1294 1473 ἀο-

176 1503 342 1550 cuisset‚
371 1503 511 1550 quique
553 1501 728 1539 omnibus
750 1530 763 1549 ,
800 1501 866 1549 qui
902 1509 970 1538 sua
1007 1510 1125 1539 castra
1159 1511 1293 1548 seque*

177 1584 329 1620 rentur,
371 1580 558 1620 praeesset
576 1599 589 1619 ,
643 1582 784 1618 eosque
820 1571 858 1608 in
909 1571 1112 1612 certamine
1162 1578 1292 1609 contra

176 1643 403 1692 impietatem
438 1641 636 1688 omniaque
674 1653 769 1689 quae
801 1641 884 1678 Deo
920 1641 1184 1689 displicerent,
1224 1641 1294 1678 du·

177 1723 304 1761 ceret3
335 1712 437 1760 quod
472 1711 504 1749 si
539 1711 577 1749 id
602 1722 709 1758 agere
741 1710 954 1757 voluisset,
1000 1719 1043 1748 ut
1065 1710 1290 1760 Judaeorum

178 1795 242 1822 rex
264 1782 582 1828 constitueretur,
610 1792 651 1819 se
685 1780 813 1828 copias
837 1780 1081 1818 collecturum
1113 1779 1230 1818 fuisse
1251 1791 1292 1818 ac

180 1852 220 1890 vi
255 1861 291 1890 et
335 1852 444 1890 armis
496 1862 600 1888 suam
648 1850 784 1898 reglam
829 1848 1046 1898 dignitatem
1084 1849 1294 1888 vindicatu-

179 1933 260 1961 rum
290 1922 375 1972 (2).
405 1920 515 1960 Unde
528 1919 642 1968 igitur
676 1919 778 1958 hune
810 1920 935 1958 locum
963 1919 1124 1970 arripere
1159 1928 1294 1969 potue-

1190 1988 1291 2036 rint,

224 2058 279 2094 (ι)
297 2057 388 2095 Joan.
407 2055 514 2083 xvm.
535 2057 582 2089 36.

225 2114 277 2152 (ο)
298 2114 379 2143 Cfrr.
402 2113 448 2141 Da
469 2112 502 2141 b.
528 2113 551 2140 1.
574 2110 748 2140 Grotius
780 2116 811 2138 et
836 2108 1033 2145 Palm-ius,
1061 2112 1104 2140 ad
1121 2109 1152 2138 h.
1170 2110 1196 2139 1.
1218 2108 1292 2138 item

186 2175 214 2212 J.
235 2171 429 2205 Heringa‚
450 2171 484 2197 in
512 2170 676 2197 commem.
702 2169 768 2197 Soc.
791 2169 873 2204 Hag.
893 2168 933 2196 ad
949 2176 1063 2195 annun»
1084 2174 1171 2204 1797.
1192 2174 1224 2202 p.
1240 2174 1291 2199 51.

187 2239 238 2268 94.
261 2237 328 2263 205-
350 2230 391 2257 N.
415 2226 455 2255 C.
478 2225 591 2260 Kist,
612 2233 684 2254 ovar
706 2225 741 2252 de
768 2223 972 2258 christels‘jke
996 2223 1083 2252 Kerk
1106 2229 1139 2260 op
1170 2222 1289 2259 aurae,

186 2298 219 2326 ῃ.
243 2297 290 2318 20.
313 2292 343 2315 et
365 2292 412 2319 30.
430 2282 534 2319 ibique
556 2284 604 2312 Be
618 2290 686 2312 zae
708 2281 875 2313 Annotatio
893 2280 997 2311 citata»
