1477 2725
205 133 277 174 170
355 126 612 166 COMM.
667 126 1178 167 LITERARIA·

201 247 328 275 vetum
356 237 564 275 Muellerus
586 235 726 284 duplici
751 236 894 275 ratione
918 237 1028 275 docet
1044 265 1056 284 ‚
1083 245 1214 276 contra
1229 236 1314 276 ino-

201 318 284 344 rum
302 306 554 344 testimonium
572 334 584 352 ,
613 306 803 353 quantivis
824 306 934 354 pretii
958 306 1101 354 alioqui
1116 307 1190 355 sit,
1216 318 1313 345 non·

197 379 298 415 nulla
345 387 402 416 sat
451 377 574 424 gravis
613 376 790 414 momenti
838 376 961 415 afferri
1009 387 1137 424 posse.
1213 377 1313 415 Fieri

201 446 298 485 enim
324 456 480 495 potest,
509 456 550 484 nt
571 447 670 485 illius
693 447 818 494 muri,
849 447 914 495 qui
940 447 1094 485 maxime
1120 447 1166 485 ad
1191 446 1314 485 orien-

198 525 272 555 tem
308 517 404 555 situs
438 516 582 565 fuerit,
618 518 746 556 rudera
781 518 949 555 nondum
988 518 1065 556 sint
1092 517 1313 567 investigata

199 598 240 625 ac
278 588 444 636 detecta3
484 588 572 633 vel,
616 587 720 635 quod
756 588 869 636 magis
906 587 1107 625 verisimile
1142 595 1229 634 est,
1268 594 1312 624 ut

199 658 331 695 tertius
365 660 380 697 ὁ
410 661 468 698 διαὶ
497 660 604 706 μέσου
643 669 797 705 murus,
849 669 926 695 eam
960 658 1008 695 ob
1044 669 1189 695 causam
1225 668 1313 695 eva-

197 730 346 773 nuerit,
377 728 505 775 quod,
537 739 653 775 quum
686 728 826 767 Conon
861 729 1040 767 Piraicum
1067 728 1315 767 Phalericum·

197 809 272 845 que
318 809 464 836 murum
509 806 761 845 restauraret,
816 798 863 837 de
903 798 1012 836 tertio
1055 798 1120 836 illo
1171 809 1280 836 muro
1301 826 1317 848 ,

197 868 339 917 quippe
377 868 500 906 minus
540 868 779 916 necessario,
831 869 970 917 lapides
1004 868 1119 906 sumti
1147 867 1313 916 fuerint,

197 938 338 986 quibus
371 938 483 976 ceteri
510 938 818 987 restituerentur3
860 941 960 978 unde
992 941 1100 977 etiam
1139 938 1314 987 explicari

196 1008 361 1057 poterit,
412 1010 513 1056 quod
554 1009 760 1047 Aeschines
800 1010 871 1059 (ι)
907 1010 1006 1047 tertii
1042 1009 1139 1048 muri
1172 1010 1310 1047 nullam

195 1079 420 1116 mentionem
444 1078 587 1117 fecerit.
641 1080 815 1126 Denique
840 1091 859 1117 e
885 1079 1121 1127 Thucydidis
1160 1088 1196 1117 et
1227 1080 1314 1118 Plu·

194 1149 312 1186 tarchi
347 1149 442 1186 inter
483 1160 524 1186 se
559 1149 864 1197 comparatione,
900 1160 1156 1196 argumentum
1194 1149 1316 1196 quod-

194 1218 300 1264 dam,
339 1229 415 1264 quo
442 1218 572 1255 tertius
612 1217 674 1254 ille
701 1230 830 1255 murus
866 1217 1111 1265 defendatur,
1139 1221 1216 1266 peti
1246 1230 1314 1266 po-

192 1296 282 1326 test.
311 1288 408 1326 Nam
424 1288 498 1325 duo
532 1288 673 1324 externi
701 1287 753 1324 illi
770 1289 865 1325 muri
881 1290 974 1325 intra
990 1288 1103 1325 breve
1128 1287 1308 1336 temporis

191 1358 352 1406 spatium
377 1357 541 1395 confecti
578 1367 687 1405 sunt3
738 1358 871 1396 tertius
908 1359 1064 1396 minoris
1103 1359 1310 1406 momenti,

193 1428 393 1466 architecto
426 1428 688 1475 Callicratide,
727 1431 877 1477 segnius
922 1429 1119 1467 absolutus
1156 1438 1239 1476 est3
1269 1438 1311 1467 ut

195 1507 297 1548 patet
331 1512 350 1536 e
389 1500 532 1538 Cratini
570 1499 704 1546 fragm.
744 1500 863 1539 mm:
899 1500 972 1548 γὰρ
1007 1501 1117 1543 αὐτὸ,
1158 1500 1306 1546 Λόγοισι

197 1572 348 1620 πρόαγει
391 1571 608 1619 Περικλέης,
647 1571 775 1619 ἔργοισι
809 1569 842 1610 δ’
875 1572 950 1610 οὐδὲ
985 1575 1084 1609 κινεῖ.
1151 1567 1310 1616 Legitur

191 1640 284 1677 illud
306 1638 437 1688 fragm.
467 1641 565 1687 apud
597 1640 697 1677 Plut.
734 1639 771 1676 in
795 1639 932 1677 Pericle
967 1639 1058 1687 (2),
1089 1638 1153 1676 ubi
1179 1639 1273 1675 idem
1293 1666 1306 1686 ,

195 1721 417 1757 quamquam
451 1720 528 1746 non
563 1710 698 1746 diserte
729 1721 812 1747 eum
850 1709 1093 1755 memoravit,
1122 1709 1195 1746 loci
1232 1720 1307 1746 me·

192 1779 299 1816 minit
325 1779 363 1816 in
402 1780 564 1817 Platonis
601 1779 770 1827 Gorgia,
799 1791 875 1826 quo
917 1780 1088 1817 Socrates
1117 1778 1238 1825 dicit,
1265 1790 1307 1816 se

194 1848 398 1895 Periclem,
438 1849 504 1886 hac
535 1849 579 1886 de
614 1861 652 1886 re
687 1860 809 1886 coram
844 1849 990 1896 Populo
1028 1849 1139 1886 verba
1170 1848 1310 1886 facien-

195 1927 294 1966 tem,
335 1918 536 1957 audivisse.
591 1919 717 1968 Quum
745 1929 866 1956 autem
894 1928 1070 1966 constet,
1116 1919 1307 1957 Socratem

198 1989 437 2037 quadraginta
481 1999 597 2027 annos
645 1997 770 2026 natum
818 1988 961 2037 fuisse,
1017 2000 1093 2037 quo
1142 1998 1311 2037 tempore

1231 2071 1313 2097 mo-

234 2167 288 2206 (ι)
308 2169 352 2196 De
363 2167 435 2195 falsa
445 2168 506 2201 leg.
518 2174 584 2202 cap.
593 2176 640 2203 54.
653 2182 672 2190 -
682 2167 773 2196 Conf.
785 2168 906 2195 Andoc.
915 2167 952 2194 de
963 2174 1036 2201 pace
1046 2175 1112 2202 cap.
1127 2167 1150 2195 1.
1162 2175 1194 2202 p.
1207 2175 1307 2202 23.sq.

233 2225 287 2260 (2)
308 2224 384 2251 Plut.
404 2226 425 2253 1.
449 2233 477 2253 c.
501 2238 533 2247 -
556 2225 648 2256 conf.
678 2227 751 2253 Piat.
776 2227 798 2254 l.
821 2233 849 2254 c,
880 2231 909 2252 et
930 2226 1008 2253 Ριιιῑ.
1034 2225 1072 2253 de
1101 2225 1188 2254 Glor.
1211 2225 1307 2255 Athh.

197 2292 303 2314 versus
322 2283 411 2313 finem
423 2303 434 2320 ,
454 2283 558 2319 ibique
578 2282 738 2317 wyttenb.
