<?xml version="1.0" encoding="UTF-8"?>
<!DOCTYPE html PUBLIC "-//W3C//DTD XHTML 1.0 Transitional//EN"
    "http://www.w3.org/TR/xhtml1/DTD/xhtml1-transitional.dtd">
<html xmlns="http://www.w3.org/1999/xhtml" xml:lang="en" lang="en">
 <head>
  <title>
</title>
<meta http-equiv="Content-Type" content="text/html;charset=utf-8" />
  <meta name='ocr-system' content='tesseract 3.04.00' />
  <meta name='ocr-capabilities' content='ocr_page ocr_carea ocr_par ocr_line ocrx_word'/>
</head>
<body>
  <div class='ocr_page' id='page_1' title='image "annalesacademiae33rhen_0263.png"; bbox 0 0 1502 2767; ppageno 0'>
   <div class='ocr_carea' id='block_1_1' title="bbox 424 157 1274 212">
    <p class='ocr_par' dir='ltr' id='par_1_1' title="bbox 424 157 1274 212">
     <span class='ocr_line' id='line_1_1' title="bbox 424 157 1274 212; baseline 0.004 -14"><span class='ocrx_word' id='word_1_1' title='bbox 424 157 1027 200; x_wconf 78' lang='lat' dir='ltr'><strong>THEOLOGICA.</strong></span> <span class='ocrx_word' id='word_1_2' title='bbox 1203 172 1274 212; x_wconf 62' lang='grc' dir='ltr'>ιη</span> 
     </span>
    </p>
   </div>
   <div class='ocr_carea' id='block_1_2' title="bbox 157 260 1281 1021">
    <p class='ocr_par' dir='ltr' id='par_1_2' title="bbox 157 260 1281 1021">
     <span class='ocr_line' id='line_1_2' title="bbox 164 260 1277 318; baseline 0.001 -9"><span class='ocrx_word' id='word_1_3' title='bbox 164 282 184 309; x_wconf 84' lang='lat' dir='ltr'>a</span> <span class='ocrx_word' id='word_1_4' title='bbox 199 269 297 307; x_wconf 85' lang='lat' dir='ltr'>bello</span> <span class='ocrx_word' id='word_1_5' title='bbox 318 270 520 309; x_wconf 85' lang='lat' dir='ltr'>abhorrent</span> <span class='ocrx_word' id='word_1_6' title='bbox 548 278 583 307; x_wconf 92' lang='lat' dir='ltr'>et</span> <span class='ocrx_word' id='word_1_7' title='bbox 620 281 744 318; x_wconf 87' lang='lat' dir='ltr'><strong>pacem</strong></span> <span class='ocrx_word' id='word_1_8' title='bbox 769 279 952 308; x_wconf 81' lang='lat' dir='ltr'><strong>aeternam</strong></span> <span class='ocrx_word' id='word_1_9' title='bbox 967 299 980 318; x_wconf 86' lang='lat'>‚</span> <span class='ocrx_word' id='word_1_10' title='bbox 1009 260 1200 309; x_wconf 72' lang='lat' dir='ltr'>nisiinter</span> <span class='ocrx_word' id='word_1_11' title='bbox 1223 271 1277 310; x_wconf 87' lang='lat' dir='ltr'>fa-</span> 
     </span>
     <span class='ocr_line' id='line_1_3' title="bbox 162 339 1249 387; baseline 0.003 -8"><span class='ocrx_word' id='word_1_12' title='bbox 162 339 306 387; x_wconf 84' lang='lat' dir='ltr'>milias,</span> <span class='ocrx_word' id='word_1_13' title='bbox 334 341 464 378; x_wconf 86' lang='lat' dir='ltr'>saltem</span> <span class='ocrx_word' id='word_1_14' title='bbox 498 339 596 378; x_wconf 84' lang='lat' dir='ltr'>inter</span> <span class='ocrx_word' id='word_1_15' title='bbox 623 341 740 379; x_wconf 86' lang='lat' dir='ltr'>varias</span> <span class='ocrx_word' id='word_1_16' title='bbox 760 342 935 380; x_wconf 83' lang='lat' dir='ltr'>civitates</span> <span class='ocrx_word' id='word_1_17' title='bbox 960 343 1088 379; x_wconf 83' lang='lat' dir='ltr'><strong>adesse</strong></span> <span class='ocrx_word' id='word_1_18' title='bbox 1114 351 1249 383; x_wconf 84' lang='lat' dir='ltr'>amant.</span> 
     </span>
     <span class='ocr_line' id='line_1_4' title="bbox 168 410 1273 460; baseline 0 -9"><span class='ocrx_word' id='word_1_19' title='bbox 168 411 354 451; x_wconf 60' lang='lat' dir='ltr'>zondem</span> <span class='ocrx_word' id='word_1_20' title='bbox 383 410 497 459; x_wconf 84' lang='lat' dir='ltr'>igitur</span> <span class='ocrx_word' id='word_1_21' title='bbox 527 411 610 460; x_wconf 89' lang='lat' dir='ltr'>jure</span> <span class='ocrx_word' id='word_1_22' title='bbox 643 422 683 449; x_wconf 89' lang='lat' dir='ltr'>ac</span> <span class='ocrx_word' id='word_1_23' title='bbox 709 411 1154 458; x_wconf 80' lang='lat' dir='ltr'>antea‚·c0nc1udimus:</span> <span class='ocrx_word' id='word_1_24' title='bbox 1190 413 1273 451; x_wconf 89' lang='lat' dir='ltr'>reli-</span> 
     </span>
     <span class='ocr_line' id='line_1_5' title="bbox 159 480 1280 531; baseline 0.001 -12"><span class='ocrx_word' id='word_1_25' title='bbox 159 480 334 529; x_wconf 82' lang='lat' dir='ltr'>ligionem</span> <span class='ocrx_word' id='word_1_26' title='bbox 356 480 605 519; x_wconf 84' lang='lat' dir='ltr'>Christianam</span> <span class='ocrx_word' id='word_1_27' title='bbox 624 509 638 528; x_wconf 93' lang='lat'>‚</span> <span class='ocrx_word' id='word_1_28' title='bbox 668 493 762 529; x_wconf 87' lang='lat' dir='ltr'>quae</span> <span class='ocrx_word' id='word_1_29' title='bbox 789 481 898 519; x_wconf 82' lang='lat' dir='ltr'>altrix</span> <span class='ocrx_word' id='word_1_30' title='bbox 925 481 1025 530; x_wconf 84' lang='lat' dir='ltr'><strong>pacis</strong></span> <span class='ocrx_word' id='word_1_31' title='bbox 1054 491 1112 520; x_wconf 92' lang='lat' dir='ltr'>est</span> <span class='ocrx_word' id='word_1_32' title='bbox 1145 494 1280 531; x_wconf 85' lang='lat' dir='ltr'>perpe-</span> 
     </span>
     <span class='ocr_line' id='line_1_6' title="bbox 162 551 1277 603; baseline 0.001 -13"><span class='ocrx_word' id='word_1_33' title='bbox 162 559 273 599; x_wconf 85' lang='lat' dir='ltr'>tuae,</span> <span class='ocrx_word' id='word_1_34' title='bbox 301 551 457 590; x_wconf 83' lang='lat' dir='ltr'>maxime</span> <span class='ocrx_word' id='word_1_35' title='bbox 503 551 725 600; x_wconf 84' lang='lat' dir='ltr'>dispersisse</span> <span class='ocrx_word' id='word_1_36' title='bbox 760 551 928 599; x_wconf 87' lang='lat' dir='ltr'>semina‚</span> <span class='ocrx_word' id='word_1_37' title='bbox 968 562 991 590; x_wconf 90' lang='lat' dir='ltr'>e</span> <span class='ocrx_word' id='word_1_38' title='bbox 1027 552 1167 600; x_wconf 89' lang='lat' dir='ltr'>quibus</span> <span class='ocrx_word' id='word_1_39' title='bbox 1201 554 1277 603; x_wconf 85' lang='lat' dir='ltr'>jam</span> 
     </span>
     <span class='ocr_line' id='line_1_7' title="bbox 158 619 1277 672; baseline 0.004 -14"><span class='ocrx_word' id='word_1_40' title='bbox 158 619 414 669; x_wconf 85' lang='lat' dir='ltr'>germinentur</span> <span class='ocrx_word' id='word_1_41' title='bbox 430 622 571 670; x_wconf 85' lang='lat' dir='ltr'>palmae</span> <span class='ocrx_word' id='word_1_42' title='bbox 587 650 601 669; x_wconf 82' lang='lat'><strong>‚</strong></span> <span class='ocrx_word' id='word_1_43' title='bbox 637 633 790 670; x_wconf 83' lang='lat' dir='ltr'>quarum</span> <span class='ocrx_word' id='word_1_44' title='bbox 806 622 896 660; x_wconf 87' lang='lat' dir='ltr'>folia</span> <span class='ocrx_word' id='word_1_45' title='bbox 923 622 996 660; x_wconf 87' lang='lat' dir='ltr'>nisi</span> <span class='ocrx_word' id='word_1_46' title='bbox 1008 624 1123 661; x_wconf 89' lang='lat' dir='ltr'>homo</span> <span class='ocrx_word' id='word_1_47' title='bbox 1134 624 1216 672; x_wconf 90' lang='lat' dir='ltr'>ipse</span> <span class='ocrx_word' id='word_1_48' title='bbox 1236 637 1277 663; x_wconf 90' lang='lat' dir='ltr'>ea</span> 
     </span>
     <span class='ocr_line' id='line_1_8' title="bbox 161 680 1280 741; baseline 0.003 -12"><span class='ocrx_word' id='word_1_49' title='bbox 161 691 359 741; x_wconf 86' lang='lat' dir='ltr'>decerpat,</span> <span class='ocrx_word' id='word_1_50' title='bbox 380 703 573 740; x_wconf 85' lang='lat' dir='ltr'>nunquam</span> <span class='ocrx_word' id='word_1_51' title='bbox 599 701 824 731; x_wconf 83' lang='lat' dir='ltr'>marcescent</span> <span class='ocrx_word' id='word_1_52' title='bbox 841 721 854 739; x_wconf 82' lang='lat'><strong>‚</strong></span> <span class='ocrx_word' id='word_1_53' title='bbox 883 693 956 732; x_wconf 91' lang='lat' dir='ltr'>sub</span> <span class='ocrx_word' id='word_1_54' title='bbox 977 680 1138 740; x_wconf 89' lang='lat' dir='ltr'>quorum</span> <span class='ocrx_word' id='word_1_55' title='bbox 1175 693 1280 732; x_wconf 85' lang='lat' dir='ltr'>fron-</span> 
     </span>
     <span class='ocr_line' id='line_1_9' title="bbox 159 761 1281 814; baseline 0.002 -14"><span class='ocrx_word' id='word_1_56' title='bbox 159 761 243 801; x_wconf 88' lang='lat' dir='ltr'>dem</span> <span class='ocrx_word' id='word_1_57' title='bbox 258 771 336 801; x_wconf 90' lang='lat' dir='ltr'>tum</span> <span class='ocrx_word' id='word_1_58' title='bbox 351 774 423 811; x_wconf 86' lang='lat' dir='ltr'>pax</span> <span class='ocrx_word' id='word_1_59' title='bbox 435 763 496 800; x_wconf 89' lang='lat' dir='ltr'>illa</span> <span class='ocrx_word' id='word_1_60' title='bbox 511 763 708 801; x_wconf 87' lang='lat' dir='ltr'>descendet</span> <span class='ocrx_word' id='word_1_61' title='bbox 719 791 731 808; x_wconf 87' lang='lat'><strong>‚</strong></span> <span class='ocrx_word' id='word_1_62' title='bbox 750 774 843 811; x_wconf 87' lang='lat' dir='ltr'>quae</span> <span class='ocrx_word' id='word_1_63' title='bbox 853 763 972 801; x_wconf 90' lang='lat' dir='ltr'>adhuc</span> <span class='ocrx_word' id='word_1_64' title='bbox 991 763 1029 801; x_wconf 89' lang='lat' dir='ltr'>in</span> <span class='ocrx_word' id='word_1_65' title='bbox 1044 763 1135 802; x_wconf 88' lang='lat' dir='ltr'>caeli</span> <span class='ocrx_word' id='word_1_66' title='bbox 1147 764 1281 814; x_wconf 86' lang='lat' dir='ltr'>sphae-</span> 
     </span>
     <span class='ocr_line' id='line_1_10' title="bbox 157 832 1280 882; baseline 0.004 -12"><span class='ocrx_word' id='word_1_67' title='bbox 157 832 209 870; x_wconf 88' lang='lat' dir='ltr'>ris</span> <span class='ocrx_word' id='word_1_68' title='bbox 234 841 426 880; x_wconf 85' lang='lat' dir='ltr'>versatur,</span> <span class='ocrx_word' id='word_1_69' title='bbox 455 844 537 871; x_wconf 86' lang='lat' dir='ltr'>raro</span> <span class='ocrx_word' id='word_1_70' title='bbox 560 843 681 872; x_wconf 89' lang='lat' dir='ltr'>autem</span> <span class='ocrx_word' id='word_1_71' title='bbox 701 844 815 882; x_wconf 87' lang='lat' dir='ltr'>supra</span> <span class='ocrx_word' id='word_1_72' title='bbox 841 834 940 872; x_wconf 86' lang='lat' dir='ltr'>hunc</span> <span class='ocrx_word' id='word_1_73' title='bbox 958 834 1086 873; x_wconf 88' lang='lat' dir='ltr'>orbem</span> <span class='ocrx_word' id='word_1_74' title='bbox 1105 836 1181 874; x_wconf 85' lang='lat' dir='ltr'>alas</span> <span class='ocrx_word' id='word_1_75' title='bbox 1203 837 1280 875; x_wconf 88' lang='lat' dir='ltr'>sol-</span> 
     </span>
     <span class='ocr_line' id='line_1_11' title="bbox 159 901 1278 957; baseline 0.005 -17"><span class='ocrx_word' id='word_1_76' title='bbox 159 901 214 940; x_wconf 82' lang='lat' dir='ltr'>vit</span> <span class='ocrx_word' id='word_1_77' title='bbox 253 914 354 942; x_wconf 81' lang='lat' dir='ltr'>suaS.</span> <span class='ocrx_word' id='word_1_78' title='bbox 419 904 523 957; x_wconf 85' lang='lat' dir='ltr'>Deus</span> <span class='ocrx_word' id='word_1_79' title='bbox 558 902 679 951; x_wconf 81' lang='lat' dir='ltr'>faxit,</span> <span class='ocrx_word' id='word_1_80' title='bbox 709 911 752 941; x_wconf 88' lang='lat' dir='ltr'>ut</span> <span class='ocrx_word' id='word_1_81' title='bbox 785 915 856 952; x_wconf 86' lang='lat' dir='ltr'>pax</span> <span class='ocrx_word' id='word_1_82' title='bbox 888 904 948 942; x_wconf 77' lang='lat' dir='ltr'>illa</span> <span class='ocrx_word' id='word_1_83' title='bbox 982 913 1126 944; x_wconf 87' lang='lat' dir='ltr'>aeterna</span> <span class='ocrx_word' id='word_1_84' title='bbox 1161 907 1278 957; x_wconf 87' lang='lat' dir='ltr'>magis</span> 
     </span>
     <span class='ocr_line' id='line_1_12' title="bbox 158 971 726 1021; baseline 0.002 -12"><span class='ocrx_word' id='word_1_85' title='bbox 158 983 199 1010; x_wconf 90' lang='lat' dir='ltr'>ac</span> <span class='ocrx_word' id='word_1_86' title='bbox 221 972 335 1021; x_wconf 88' lang='lat' dir='ltr'>magis</span> <span class='ocrx_word' id='word_1_87' title='bbox 362 971 539 1020; x_wconf 89' lang='lat' dir='ltr'>gentibus</span> <span class='ocrx_word' id='word_1_88' title='bbox 564 972 726 1011; x_wconf 89' lang='lat' dir='ltr'>accedat.</span> 
     </span>
    </p>
   </div>
   <div class='ocr_carea' id='block_1_3' title="bbox 372 1142 1073 1186">
    <p class='ocr_par' dir='ltr' id='par_1_3' title="bbox 372 1142 1073 1186">
     <span class='ocr_line' id='line_1_13' title="bbox 372 1142 1073 1186; baseline 0.006 -5"><span class='ocrx_word' id='word_1_89' title='bbox 372 1142 768 1183; x_wconf 76' lang='lat' dir='ltr'>COMMENTATIONJS</span> <span class='ocrx_word' id='word_1_90' title='bbox 819 1154 1073 1186; x_wconf 76' lang='lat' dir='ltr'>CONCLUSIO.</span> 
     </span>
    </p>
   </div>
   <div class='ocr_carea' id='block_1_4' title="bbox 157 1290 1277 1477">
    <p class='ocr_par' dir='ltr' id='par_1_4' title="bbox 157 1290 1277 1477">
     <span class='ocr_line' id='line_1_14' title="bbox 208 1290 1275 1345; baseline 0 -11"><span class='ocrx_word' id='word_1_91' title='bbox 208 1290 340 1344; x_wconf 84' lang='lat' dir='ltr'>Itaque</span> <span class='ocrx_word' id='word_1_92' title='bbox 358 1295 466 1334; x_wconf 89' lang='lat' dir='ltr'>finem</span> <span class='ocrx_word' id='word_1_93' title='bbox 493 1295 732 1345; x_wconf 84' lang='lat' dir='ltr'>responsioni</span> <span class='ocrx_word' id='word_1_94' title='bbox 757 1298 801 1336; x_wconf 89' lang='lat' dir='ltr'>ad</span> <span class='ocrx_word' id='word_1_95' title='bbox 826 1297 1080 1344; x_wconf 85' lang='lat' dir='ltr'>quaestionem</span> <span class='ocrx_word' id='word_1_96' title='bbox 1100 1297 1275 1345; x_wconf 88' lang='lat' dir='ltr'>impono.</span> 
     </span>
     <span class='ocr_line' id='line_1_15' title="bbox 157 1366 1277 1416; baseline 0.002 -12"><span class='ocrx_word' id='word_1_97' title='bbox 157 1366 424 1408; x_wconf 89' lang='lat' dir='ltr'>Demonstrare</span> <span class='ocrx_word' id='word_1_98' title='bbox 452 1375 610 1405; x_wconf 87' lang='lat' dir='ltr'>conatus</span> <span class='ocrx_word' id='word_1_99' title='bbox 640 1379 747 1412; x_wconf 90' lang='lat' dir='ltr'>sum,</span> <span class='ocrx_word' id='word_1_100' title='bbox 775 1379 794 1405; x_wconf 89' lang='lat' dir='ltr'>a</span> <span class='ocrx_word' id='word_1_101' title='bbox 819 1366 1009 1416; x_wconf 84' lang='lat' dir='ltr'>religionis</span> <span class='ocrx_word' id='word_1_102' title='bbox 1041 1367 1277 1406; x_wconf 89' lang='lat' dir='ltr'>Christianae</span> 
     </span>
     <span class='ocr_line' id='line_1_16' title="bbox 1186 1438 1277 1477; baseline -0.011 0"><span class='ocrx_word' id='word_1_103' title='bbox 1186 1438 1277 1477; x_wconf 91' lang='lat' dir='ltr'>doc-</span> 
     </span>
    </p>
   </div>
   <div class='ocr_carea' id='block_1_5' title="bbox 143 1545 1313 2283">
    <p class='ocr_par' dir='ltr' id='par_1_5' title="bbox 143 1545 1313 2283">
     <span class='ocr_line' id='line_1_17' title="bbox 154 1545 1273 1594; baseline 0.007 -13"><span class='ocrx_word' id='word_1_104' title='bbox 154 1559 186 1582; x_wconf 89' lang='lat' dir='ltr'>et</span> <span class='ocrx_word' id='word_1_105' title='bbox 200 1560 228 1582; x_wconf 83' lang='lat' dir='ltr'>a.</span> <span class='ocrx_word' id='word_1_106' title='bbox 250 1560 334 1591; x_wconf 82' lang='lat'>1779·</span> <span class='ocrx_word' id='word_1_107' title='bbox 359 1554 389 1582; x_wconf 88' lang='lat' dir='ltr'>in</span> <span class='ocrx_word' id='word_1_108' title='bbox 409 1554 526 1591; x_wconf 83' lang='lat' dir='ltr'>oppido</span> <span class='ocrx_word' id='word_1_109' title='bbox 546 1557 691 1584; x_wconf 77' lang='lat' dir='ltr'>Tesschen</span> <span class='ocrx_word' id='word_1_110' title='bbox 712 1557 873 1586; x_wconf 82' lang='lat' dir='ltr'>confectae</span> <span class='ocrx_word' id='word_1_111' title='bbox 888 1556 962 1590; x_wconf 84' lang='grc'><strong>(1.1.</strong></span> <span class='ocrx_word' id='word_1_112' title='bbox 979 1545 1005 1586; x_wconf 71' lang='lat' dir='ltr'>i.</span> <span class='ocrx_word' id='word_1_113' title='bbox 1035 1566 1065 1594; x_wconf 84' lang='lat' dir='ltr'>p.</span> <span class='ocrx_word' id='word_1_114' title='bbox 1089 1560 1147 1594; x_wconf 87' lang='lat'>62,</span> <span class='ocrx_word' id='word_1_115' title='bbox 1169 1566 1225 1589; x_wconf 82' lang='lat' dir='ltr'>art.</span> <span class='ocrx_word' id='word_1_116' title='bbox 1246 1567 1273 1590; x_wconf 84' lang='lat'>1.</span> 
     </span>
     <span class='ocr_line' id='line_1_18' title="bbox 152 1613 1273 1654; baseline 0.007 -16"><span class='ocrx_word' id='word_1_117' title='bbox 152 1617 185 1638; x_wconf 81' lang='lat' dir='ltr'>et</span> <span class='ocrx_word' id='word_1_118' title='bbox 203 1618 237 1646; x_wconf 85' lang='lat' dir='ltr'>p.</span> <span class='ocrx_word' id='word_1_119' title='bbox 259 1620 309 1646; x_wconf 86' lang='lat'>7¹-</span> <span class='ocrx_word' id='word_1_120' title='bbox 331 1619 389 1640; x_wconf 85' lang='lat' dir='ltr'>art.</span> <span class='ocrx_word' id='word_1_121' title='bbox 409 1621 437 1642; x_wconf 77' lang='grc' dir='ltr'>ι.</span> <span class='ocrx_word' id='word_1_122' title='bbox 458 1613 500 1641; x_wconf 88' lang='lat'>11.</span> <span class='ocrx_word' id='word_1_123' title='bbox 528 1621 561 1648; x_wconf 88' lang='lat' dir='ltr'>p.</span> <span class='ocrx_word' id='word_1_124' title='bbox 591 1622 621 1648; x_wconf 84' lang='lat'>3.</span> <span class='ocrx_word' id='word_1_125' title='bbox 654 1621 710 1650; x_wconf 68' lang='lat' dir='ltr'>art.</span> <span class='ocrx_word' id='word_1_126' title='bbox 742 1615 790 1648; x_wconf 80' lang='grc' dir='ltr'>ι.)</span> <span class='ocrx_word' id='word_1_127' title='bbox 810 1615 960 1644; x_wconf 81' lang='lat' dir='ltr'>conferas</span> <span class='ocrx_word' id='word_1_128' title='bbox 986 1623 1111 1651; x_wconf 85' lang='lat' dir='ltr'>quoque</span> <span class='ocrx_word' id='word_1_129' title='bbox 1133 1625 1273 1654; x_wconf 83' lang='lat' dir='ltr'>pactum,</span> 
     </span>
     <span class='ocr_line' id='line_1_19' title="bbox 151 1668 1278 1713; baseline 0.009 -18"><span class='ocrx_word' id='word_1_130' title='bbox 151 1669 234 1703; x_wconf 85' lang='lat' dir='ltr'>quod</span> <span class='ocrx_word' id='word_1_131' title='bbox 249 1668 383 1697; x_wconf 83' lang='lat' dir='ltr'>inierunt</span> <span class='ocrx_word' id='word_1_132' title='bbox 401 1671 555 1698; x_wconf 79' lang='lat' dir='ltr'>Austriae</span> <span class='ocrx_word' id='word_1_133' title='bbox 568 1670 735 1706; x_wconf 83' lang='lat' dir='ltr'>imperator</span> <span class='ocrx_word' id='word_1_134' title='bbox 744 1679 775 1700; x_wconf 91' lang='lat' dir='ltr'>et</span> <span class='ocrx_word' id='word_1_135' title='bbox 798 1673 930 1701; x_wconf 76' lang='lat' dir='ltr'>Tun-tae</span> <span class='ocrx_word' id='word_1_136' title='bbox 951 1673 1094 1709; x_wconf 81' lang='lat' dir='ltr'>princeps</span> <span class='ocrx_word' id='word_1_137' title='bbox 1107 1694 1117 1709; x_wconf 80' lang='lat'>,</span> <span class='ocrx_word' id='word_1_138' title='bbox 1134 1682 1162 1704; x_wconf 73' lang='lat' dir='ltr'>a.</span> <span class='ocrx_word' id='word_1_139' title='bbox 1193 1683 1278 1713; x_wconf 77' lang='lat'>1791.</span> 
     </span>
     <span class='ocr_line' id='line_1_20' title="bbox 149 1723 1272 1772; baseline 0.009 -19"><span class='ocrx_word' id='word_1_140' title='bbox 149 1723 221 1758; x_wconf 86' lang='lat'>(1.1.</span> <span class='ocrx_word' id='word_1_141' title='bbox 241 1726 335 1767; x_wconf 31' lang='grc' dir='ltr'><strong>νηὶ).</strong></span> <span class='ocrx_word' id='word_1_142' title='bbox 359 1733 407 1756; x_wconf 82' lang='lat'>20.</span> <span class='ocrx_word' id='word_1_143' title='bbox 428 1735 483 1756; x_wconf 81' lang='lat' dir='ltr'>art.</span> <span class='ocrx_word' id='word_1_144' title='bbox 507 1729 552 1763; x_wconf 75' lang='lat'>1.)</span> <span class='ocrx_word' id='word_1_145' title='bbox 582 1735 612 1756; x_wconf 89' lang='lat' dir='ltr'>et</span> <span class='ocrx_word' id='word_1_146' title='bbox 637 1730 736 1772; x_wconf 51' lang='lat' dir='ltr'>Rtnu‘</span> <span class='ocrx_word' id='word_1_147' title='bbox 763 1737 797 1758; x_wconf 80' lang='lat' dir='ltr'>ac</span> <span class='ocrx_word' id='word_1_148' title='bbox 822 1731 938 1758; x_wconf 81' lang='lat' dir='ltr'>Turcia</span> <span class='ocrx_word' id='word_1_149' title='bbox 972 1739 1000 1760; x_wconf 90' lang='lat' dir='ltr'>a.</span> <span class='ocrx_word' id='word_1_150' title='bbox 1028 1738 1117 1769; x_wconf 80' lang='lat'>1792.</span> <span class='ocrx_word' id='word_1_151' title='bbox 1137 1734 1217 1767; x_wconf 83' lang='grc'><strong>(1.1.</strong></span> <span class='ocrx_word' id='word_1_152' title='bbox 1233 1734 1272 1763; x_wconf 79' lang='lat' dir='ltr'>V.</span> 
     </span>
     <span class='ocr_line' id='line_1_21' title="bbox 150 1778 1313 1824; baseline 0.008 -13"><span class='ocrx_word' id='word_1_153' title='bbox 150 1789 185 1817; x_wconf 85' lang='lat' dir='ltr'>p.</span> <span class='ocrx_word' id='word_1_154' title='bbox 203 1784 253 1812; x_wconf 81' lang='lat'>68.</span> <span class='ocrx_word' id='word_1_155' title='bbox 279 1790 334 1813; x_wconf 85' lang='lat' dir='ltr'>art.</span> <span class='ocrx_word' id='word_1_156' title='bbox 357 1784 425 1821; x_wconf 83' lang='lat'>1.);</span> <span class='ocrx_word' id='word_1_157' title='bbox 455 1792 528 1820; x_wconf 85' lang='lat' dir='ltr'>prae</span> <span class='ocrx_word' id='word_1_158' title='bbox 557 1781 696 1814; x_wconf 69' lang='lat' dir='ltr'>omnibu&#39;s</span> <span class='ocrx_word' id='word_1_159' title='bbox 720 1793 822 1815; x_wconf 83' lang='lat' dir='ltr'>autem</span> <span class='ocrx_word' id='word_1_160' title='bbox 847 1786 995 1824; x_wconf 55' lang='lat' dir='ltr'>inspicias*</span> <span class='ocrx_word' id='word_1_161' title='bbox 1020 1789 1156 1819; x_wconf 83' lang='lat' dir='ltr'>foederis</span> <span class='ocrx_word' id='word_1_162' title='bbox 1177 1791 1273 1820; x_wconf 83' lang='lat' dir='ltr'>sancti</span> <span class='ocrx_word' id='word_1_163' title='bbox 1312 1778 1313 1781; x_wconf 11' lang='grc' dir='ltr'><strong>Ἴ</strong></span> 
     </span>
     <span class='ocr_line' id='line_1_22' title="bbox 152 1838 1275 1885; baseline 0.01 -18"><span class='ocrx_word' id='word_1_164' title='bbox 152 1846 227 1868; x_wconf 81' lang='lat' dir='ltr'>acta.</span> <span class='ocrx_word' id='word_1_165' title='bbox 244 1838 361 1875; x_wconf 86' lang='lat' dir='ltr'>(Klub</span> <span class='ocrx_word' id='word_1_166' title='bbox 373 1848 432 1875; x_wconf 79' lang='lat' dir='ltr'>er,</span> <span class='ocrx_word' id='word_1_167' title='bbox 453 1843 509 1871; x_wconf 84' lang='lat'>1.1.</span> <span class='ocrx_word' id='word_1_168' title='bbox 526 1842 550 1871; x_wconf 86' lang='lat'>1.</span> <span class='ocrx_word' id='word_1_169' title='bbox 573 1850 603 1876; x_wconf 81' lang='lat' dir='ltr'>p.</span> <span class='ocrx_word' id='word_1_170' title='bbox 626 1853 696 1878; x_wconf 77' lang='lat'>232.</span> <span class='ocrx_word' id='word_1_171' title='bbox 718 1851 789 1873; x_wconf 86' lang='lat' dir='ltr'>nota</span> <span class='ocrx_word' id='word_1_172' title='bbox 808 1845 904 1882; x_wconf 77' lang='lat' dir='ltr'>a.)—</span> <span class='ocrx_word' id='word_1_173' title='bbox 921 1847 986 1883; x_wconf 87' lang='lat' dir='ltr'>Jam</span> <span class='ocrx_word' id='word_1_174' title='bbox 1004 1854 1090 1876; x_wconf 82' lang='lat' dir='ltr'>antea</span> <span class='ocrx_word' id='word_1_175' title='bbox 1116 1850 1208 1877; x_wconf 87' lang='lat' dir='ltr'>talem</span> <span class='ocrx_word' id='word_1_176' title='bbox 1223 1857 1275 1885; x_wconf 76' lang='lat' dir='ltr'>pa-</span> 
     </span>
     <span class='ocr_line' id='line_1_23' title="bbox 151 1897 1273 1941; baseline 0.009 -17"><span class='ocrx_word' id='word_1_177' title='bbox 151 1902 218 1924; x_wconf 92' lang='lat' dir='ltr'>cem</span> <span class='ocrx_word' id='word_1_178' title='bbox 228 1897 460 1932; x_wconf 80' lang='lat' dir='ltr'>proposuitsibi</span> <span class='ocrx_word' id='word_1_179' title='bbox 480 1906 601 1935; x_wconf 76' lang='lat' dir='ltr'>pactum</span> <span class='ocrx_word' id='word_1_180' title='bbox 623 1901 878 1937; x_wconf 79' lang='lat' dir='ltr'>Wcs-tplzalicum.</span> <span class='ocrx_word' id='word_1_181' title='bbox 897 1903 948 1933; x_wconf 63' lang='lat' dir='ltr'>Cf.</span> <span class='ocrx_word' id='word_1_182' title='bbox 971 1904 1173 1933; x_wconf 89' lang='lat' dir='ltr'>Woltman</span> <span class='ocrx_word' id='word_1_183' title='bbox 1186 1907 1273 1941; x_wconf 81' lang='lat' dir='ltr'>,An-</span> 
     </span>
     <span class='ocr_line' id='line_1_24' title="bbox 146 1953 1271 2000; baseline 0.011 -20"><span class='ocrx_word' id='word_1_184' title='bbox 146 1953 243 1992; x_wconf 55' lang='lat' dir='ltr'>hang,</span> <span class='ocrx_word' id='word_1_185' title='bbox 257 1962 289 1988; x_wconf 88' lang='lat' dir='ltr'>p.</span> <span class='ocrx_word' id='word_1_186' title='bbox 311 1962 343 1990; x_wconf 86' lang='lat'>1,</span> <span class='ocrx_word' id='word_1_187' title='bbox 372 1964 421 1990; x_wconf 78' lang='lat'>74.</span> <span class='ocrx_word' id='word_1_188' title='bbox 455 1963 511 1985; x_wconf 83' lang='lat' dir='ltr'>art.</span> <span class='ocrx_word' id='word_1_189' title='bbox 537 1958 643 1987; x_wconf 85' lang='lat'>1—111.</span> <span class='ocrx_word' id='word_1_190' title='bbox 663 1972 700 2000; x_wconf 76' lang='lat'>&#39;.·-</span> <span class='ocrx_word' id='word_1_191' title='bbox 722 1958 844 1987; x_wconf 75' lang='lat' dir='ltr'>Utinam</span> <span class='ocrx_word' id='word_1_192' title='bbox 872 1967 977 1994; x_wconf 82' lang='lat' dir='ltr'>gentes</span> <span class='ocrx_word' id='word_1_193' title='bbox 998 1962 1073 1990; x_wconf 85' lang='lat' dir='ltr'>hanc</span> <span class='ocrx_word' id='word_1_194' title='bbox 1090 1963 1271 1994; x_wconf 80' lang='lat' dir='ltr'>sententiam</span> 
     </span>
     <span class='ocr_line' id='line_1_25' title="bbox 147 2009 1271 2054; baseline 0.012 -16"><span class='ocrx_word' id='word_1_195' title='bbox 147 2010 236 2039; x_wconf 82' lang='lat' dir='ltr'>factis</span> <span class='ocrx_word' id='word_1_196' title='bbox 280 2019 400 2047; x_wconf 85' lang='lat' dir='ltr'>semper</span> <span class='ocrx_word' id='word_1_197' title='bbox 434 2009 678 2044; x_wconf 54' lang='lat' dir='ltr'>confirmassent:</span> <span class='ocrx_word' id='word_1_198' title='bbox 716 2017 754 2043; x_wconf 91' lang='lat' dir='ltr'>A.</span> <span class='ocrx_word' id='word_1_199' title='bbox 787 2019 875 2054; x_wconf 83' lang='lat'>1654.</span> <span class='ocrx_word' id='word_1_200' title='bbox 918 2019 1156 2048; x_wconf 76' lang='lat' dir='ltr'>Westmunstcri</span> <span class='ocrx_word' id='word_1_201' title='bbox 1190 2021 1271 2051; x_wconf 85' lang='lat' dir='ltr'>inter</span> 
     </span>
     <span class='ocr_line' id='line_1_26' title="bbox 146 2060 1268 2117; baseline 0.013 -22"><span class='ocrx_word' id='word_1_202' title='bbox 146 2068 290 2106; x_wconf 74' lang='lat' dir='ltr'>angliam</span> <span class='ocrx_word' id='word_1_203' title='bbox 315 2077 346 2097; x_wconf 91' lang='lat' dir='ltr'>et</span> <span class='ocrx_word' id='word_1_204' title='bbox 362 2060 564 2098; x_wconf 68' lang='lat' dir='ltr'>&#39;Hanandiam</span> <span class='ocrx_word' id='word_1_205' title='bbox 586 2079 643 2106; x_wconf 83' lang='lat' dir='ltr'>pax</span> <span class='ocrx_word' id='word_1_206' title='bbox 660 2072 737 2100; x_wconf 81' lang='lat' dir='ltr'>facta</span> <span class='ocrx_word' id='word_1_207' title='bbox 754 2081 836 2109; x_wconf 83' lang='lat' dir='ltr'>erat,</span> <span class='ocrx_word' id='word_1_208' title='bbox 865 2074 895 2102; x_wconf 91' lang='lat' dir='ltr'>in</span> <span class='ocrx_word' id='word_1_209' title='bbox 913 2075 1001 2109; x_wconf 89' lang='lat' dir='ltr'>cujus</span> <span class='ocrx_word' id='word_1_210' title='bbox 1020 2079 1268 2117; x_wconf 78' lang='lat' dir='ltr'>conditionibus,</span> 
     </span>
     <span class='ocr_line' id='line_1_27' title="bbox 143 2124 1265 2168; baseline 0.016 -18"><span class='ocrx_word' id='word_1_211' title='bbox 143 2124 251 2154; x_wconf 62' lang='lat' dir='ltr'>Ante.</span> <span class='ocrx_word' id='word_1_212' title='bbox 273 2126 296 2154; x_wconf 91' lang='lat'>1.</span> <span class='ocrx_word' id='word_1_213' title='bbox 318 2134 348 2154; x_wconf 78' lang='lat' dir='ltr'>et</span> <span class='ocrx_word' id='word_1_214' title='bbox 369 2127 410 2154; x_wconf 87' lang='lat'>11.</span> <span class='ocrx_word' id='word_1_215' title='bbox 425 2145 435 2161; x_wconf 87' lang='lat'>‚</span> <span class='ocrx_word' id='word_1_216' title='bbox 451 2127 488 2155; x_wconf 84' lang='lat' dir='ltr'>de</span> <span class='ocrx_word' id='word_1_217' title='bbox 506 2134 654 2162; x_wconf 85' lang='lat' dir='ltr'>perpetua</span> <span class='ocrx_word' id='word_1_218' title='bbox 670 2129 804 2159; x_wconf 79' lang='lat' dir='ltr'>amicitia</span> <span class='ocrx_word' id='word_1_219' title='bbox 828 2140 862 2161; x_wconf 83' lang='lat' dir='ltr'>ac</span> <span class='ocrx_word' id='word_1_220' title='bbox 888 2134 1054 2163; x_wconf 81' lang='lat' dir='ltr'>concordia</span> <span class='ocrx_word' id='word_1_221' title='bbox 1081 2143 1179 2166; x_wconf 84' lang='lat' dir='ltr'>actum</span> <span class='ocrx_word' id='word_1_222' title='bbox 1207 2146 1265 2168; x_wconf 80' lang='lat' dir='ltr'>esr.</span> 
     </span>
     <span class='ocr_line' id='line_1_28' title="bbox 147 2182 1265 2226; baseline 0.013 -17"><span class='ocrx_word' id='word_1_223' title='bbox 147 2182 299 2217; x_wconf 84' lang='lat' dir='ltr'>Deinceps</span> <span class='ocrx_word' id='word_1_224' title='bbox 316 2191 414 2212; x_wconf 85' lang='lat' dir='ltr'>autem</span> <span class='ocrx_word' id='word_1_225' title='bbox 434 2184 511 2212; x_wconf 77' lang='lat' dir='ltr'>bella</span> <span class='ocrx_word' id='word_1_226' title='bbox 530 2185 695 2215; x_wconf 79' lang='lat' dir='ltr'>crudeliter</span> <span class='ocrx_word' id='word_1_227' title='bbox 713 2195 796 2222; x_wconf 85' lang='lat' dir='ltr'>gesta</span> <span class='ocrx_word' id='word_1_228' title='bbox 814 2196 903 2224; x_wconf 81' lang='lat' dir='ltr'>sunt,</span> <span class='ocrx_word' id='word_1_229' title='bbox 922 2197 954 2219; x_wconf 92' lang='lat' dir='ltr'>et</span> <span class='ocrx_word' id='word_1_230' title='bbox 977 2200 1037 2226; x_wconf 80' lang='lat' dir='ltr'>pax</span> <span class='ocrx_word' id='word_1_231' title='bbox 1052 2192 1162 2222; x_wconf 85' lang='lat' dir='ltr'>iterum</span> <span class='ocrx_word' id='word_1_232' title='bbox 1188 2196 1265 2223; x_wconf 80' lang='lat' dir='ltr'>Bre-</span> 
     </span>
     <span class='ocr_line' id='line_1_29' title="bbox 146 2240 1227 2283; baseline 0.014 -17"><span class='ocrx_word' id='word_1_233' title='bbox 146 2240 198 2266; x_wconf 78' lang='lat' dir='ltr'>dao</span> <span class='ocrx_word' id='word_1_234' title='bbox 218 2246 243 2266; x_wconf 78' lang='lat' dir='ltr'>a.</span> <span class='ocrx_word' id='word_1_235' title='bbox 266 2241 347 2272; x_wconf 74' lang='lat'>1607.</span> <span class='ocrx_word' id='word_1_236' title='bbox 368 2248 398 2268; x_wconf 82' lang='lat' dir='ltr'>et</span> <span class='ocrx_word' id='word_1_237' title='bbox 425 2242 666 2272; x_wconf 64' lang='lat' dir='ltr'>Wesemrmseon·</span> <span class='ocrx_word' id='word_1_238' title='bbox 683 2252 709 2273; x_wconf 83' lang='lat' dir='ltr'>a.</span> <span class='ocrx_word' id='word_1_239' title='bbox 727 2246 815 2283; x_wconf 80' lang='lat'>¹⁶74·</span> <span class='ocrx_word' id='word_1_240' title='bbox 831 2247 999 2278; x_wconf 75' lang='lat' dir='ltr'>sanciretur</span> <span class='ocrx_word' id='word_1_241' title='bbox 1016 2257 1140 2280; x_wconf 78' lang='lat' dir='ltr'>necesse</span> <span class='ocrx_word' id='word_1_242' title='bbox 1157 2252 1227 2282; x_wconf 78' lang='lat' dir='ltr'>suit.</span> 
     </span>
    </p>
   </div>
  </div>
 </body>
</html>
