1507 2876
453 214 907 270 ''ORA'Tlo
1063 217 1084 257 s
1213 232 1267 273 21

141 344 246 406 rita,
302 365 410 410 quos
443 352 488 395 in
526 366 577 396 eo
614 367 733 403 sum,
789 360 834 397 ut
869 354 993 412 regiis
1029 345 1258 402 industriae

136 429 335 488 praemiis
365 443 525 474 ornem.

191 505 250 550 Et
294 503 396 551 vero
432 520 520 550 non
567 506 784 551 ardentem
821 514 984 551 tantum
1028 507 1072 551 in
1117 508 1258 553 literas

137 597 353 637 amorem,
411 583 486 628 sed
531 590 696 642 gratum
750 583 874 628 etiam
917 584 962 627 in
1006 584 1146 638 viros,
1203 585 1256 630 de

133 659 256 704 vobis
291 659 400 704 bene
434 659 629 713 meritos,
671 660 852 705 animum
885 661 1118 720 aperuistis.
1180 663 1253 707 In-

133 736 307 796 signiter
349 738 434 783 hoc
478 738 679 798 plobavit
727 740 857 783 festus
897 740 964 783 ille
1013 739 1125 794 dies,
1169 755 1255 798 quo

130 821 295 861 vestros
328 815 372 859 in
405 815 554 860 Militia
582 816 723 860 Duces
760 816 1073 874 elegantissimis
1108 816 1132 862 a
1162 818 1253 862 Co-

130 892 254 937 horte
286 894 467 938 donatos
500 893 677 939 vidimus
710 894 974 947 muneribus,
1005 893 1049 936 in
1088 909 1254 939 memo-

127 970 237 1014 riam
263 970 520 1024 officiorum,
544 985 653 1028 quae
677 969 800 1015 vobis
826 969 1099 1014 militantibus
1120 985 1255 1029 prae-

126 1046 343 1102 stiterant,
374 1047 545 1092 oblatis.

112 1147 118 1151 ·
167 1115 260 1169 'Illa
314 1125 424 1170 enim
479 1125 797 1185 opportunitate
870 1125 1251 1185 praestantissimus

111 1201 188 1248 ‘vir
215 1202 376 1261 juvenis
406 1188 692 1248 Cornelius
723 1203 866 1248 Star
895 1204 1137 1256 Numan,
1173 1202 1248 1260 qui

120 1287 299 1340 postea,
344 1295 426 1340 pro
469 1281 687 1326 doctrinae
723 1281 1009 1340 praestantia,
1063 1295 1250 1325 summos

121 1364 209 1402 tam
242 1358 286 1403 in
321 1359 471 1403 Literis
492 1358 844 1412 Humaniorffius,
867 1351 1002 1415 'quam
1034 1358 1078 1401 in
1108 1358 1251 1401 ,Iuris-

120 1435 371 1494 prudentia,
402 1436 549 1480 eodem
564 1436 652 1490 die,
682 1435 867 1480 honores
889 1442 1137 1479 consecutus
1163 1442 1248 1489 cst,

119 1519 262 1559 vestro
293 1520 393 1557 tunc
428 1514 624 1567 nomine,
661 1527 743 1572 pro
782 1513 1052 1572 amplissima}
1079 1512 1250 1556 audito-

118 1604 212 1634 rum
249 1604 433 1644 corona,
463 1598 550 1634 tam
582 1591 788 1648 ingenuos
824 1590 1060 1634 animorum
1102 1604 1247 1634 sensus

116 1673 319 1725 tantaque
353 1667 624 1712 humanitatis
660 1667 890 1728 specimina
934 1667 1146 1721 exhibuit,
1175 1674 1244 1721 ut,

116 1745 274 1790 diserta
314 1746 404 1804 ejus
442 1745 660 1800 oratione,
696 1745 741 1789 in
777 1745 1102 1804 praeteritorum
1146 1743 1247 1787 illo-

115 1837 210 1866 rum
257 1822 417 1868 dierum
465 1822 714 1867 memoriam
766 1822 896 1881 gratis
948 1834 1245 1866 revocaremur

115 1900 277 1947 animis.
347 1901 404 1946 Et
442 1901 587 1961 prouti
621 1907 773 1960 postea
805 1898 1029 1958 primarius
1067 1897 1242 1942 militum

111 1979 358 2023 Praefectus
399 1978 500 2023 Des
522 1978 773 2022 Tomhes
819 1984 940 2036 parte
982 1975 1239 2035 spoliorum,

110 2055 170 2100 ab
210 2055 333 2100 hoste
369 2056 624 2109 relatorum,
657 2054 836 2098 Cohorti
878 2053 1120 2109 donanda„
1150 2053 1242 2097 exi-

111 2132 194 2177 mie
232 2132 540 2186 manifestavit,
605 2138 761 2189 quanta
808 2130 1008 2175 Cohortis
1050 2137 1238 2200 vestrae,

113 2208 225 2267 apud
262 2218 448 2254 summos
478 2208 658 2253 Mili-tum
697 2207 862 2261 Duces,
891 2207 982 2250 laus
1006 2206 1130 2249 fuerit
1167 2212 1237 2248 at-

114 2299 196 2342 que
249 2286 523 2340 existimatio,
580 2285 637 2353 ita
681 2290 851 2342 ‘quoque
894 2283 1003 2329 festo
1045 2283 1118 2326 illo
1171 2281 1236 2325 die
