1523 2745
457 134 972 189 LITERARIA.
1226 146 1280 182 55

162 253 263 281 nunc
304 253 393 281 vero
428 242 501 282 illis
526 242 634 281 facile
669 254 834 281 caremus
871 250 908 280 et
935 243 1133 280 transimus
1155 243 1200 280 ad
1236 243 1278 279 il-

164 312 234 349 lam
257 311 455 360 virtutem,
486 315 560 360 qua
582 313 667 360 quis
687 313 874 362 praeditus
896 313 1030 350 eminet
1057 324 1169 360 supra
1198 315 1279 349 vni-

164 392 235 430 gus
262 382 454 420 hominum
491 392 528 420 et
551 383 755 431 principem
780 383 874 419 inter
909 383 1010 420 cives
1035 394 1126 421 suos
1152 386 1278 419 Iocum

164 449 242 489 fere
275 461 466 500 occupat,
502 454 547 491 ad
579 453 690 490 animi
733 452 1019 500 magnitudinem
1061 461 1096 489 et
1129 452 1280 490 fortitu-

165 520 303 560 dinem.
357 521 534 560 Animum
572 531 690 560 autem
721 521 868 559 Pei-iciis
894 532 1064 569 magnum
1089 529 1125 558 et
1158 522 1280 558 excel-

162 601 247 629 sum
272 602 406 629 vocare
428 591 520 628 nulli
556 591 792 638 dubitamus,
821 581 1008 628 vacantem
1037 590 1108 627 illis
1136 599 1279 638 pertur-

164 659 405 707 bationibus,
434 672 527 708 quae
562 662 732 708 quemvis
767 661 955 698 hominem
981 662 1156 699 dedecent
1174 688 1187 707 ,
1215 671 1279 697 ne-

165 729 300 766 minem
334 741 423 766 vero
457 729 595 778 magis,
625 741 733 777 quam
765 741 875 775 enm,
914 730 976 768 cui
1021 729 1140 777 Resp.
1176 741 1278 767 com·

164 798 276 836 missa
303 808 371 840 est.
423 800 662 848 Anaxagorae
695 800 884 837 institutio
921 812 1002 837 eum
1031 799 1199 840 liberavit
1232 797 1276 835 ab

163 867 264 921 inani
310 878 568 917 portentorum
620 878 721 906 metu
768 878 880 916 atque
931 869 1099 916 implevit
1143 868 1278 906 fiducia

163 937 204 976 in
241 939 354 976 rebus
388 939 556 987 gerendis
592 939 642 977 ita
677 948 719 976 nt
745 939 919 976 omnibus
954 939 1152 983 diligenter
1190 948 1280 974 con-

162 1008 365 1056 sideratis,
413 1021 481 1047 nec
528 1017 676 1047 'temere
721 1010 930 1057 desperaret
973 1016 1128 1057 propter
1179 1007 1280 1055 igna-

161 1079 285 1126 viam,
337 1091 404 1117 nec
446 1080 619 1117 audacius
660 1079 862 1116 confideret
901 1087 1055 1125 propter
1098 1076 1280 1124 cupidita·

160 1156 250 1188 tem.
278 1149 362 1195 Sic,
389 1156 428 1186 ut
453 1150 526 1186 hoc
541 1160 616 1185 uno
634 1149 802 1195 exemplo
829 1146 1038 1195 defungar⁹
1066 1147 1278 1194 imminente

160 1217 261 1256 -bello
283 1218 557 1266 Peloponnesio
583 1227 619 1255 et
645 1230 758 1266 quum
787 1218 908 1267 idjam
936 1217 1155 1263 exarsisset,
1184 1228 1280 1254 sem-

157 1300 224 1336 per
261 1290 411 1327 eandem
445 1297 596 1326 secutus
632 1296 687 1325 est
726 1286 944 1326 sententiam
973 1287 1069 1335 (ι),
1097 1295 1133 1323 et
1162 1298 1277 1332 quum

157 1369 246 1396 mox
272 1358 394 1395 omnia
429 1358 502 1395 sibi
541 1359 691 1395 adversa
715 1357 895 1404 haberet„
933 1356 1064 1404 populi
1087 1356 1212 1394 odium
1241 1356 1276 1393 in

156 1439 199 1465 se
232 1428 421 1476 suscipere
460 1427 615 1474 maluit,
652 1439 758 1474 quam
795 1427 1010 1474 immutare,
1049 1437 1144 1473 quae
1174 1427 1277 1463 bono

158 1497 245 1535 olim
296 1497 455 1534 consilio
495 1498 719 1534 decreverat.
795 1497 931 1543 Neque
970 1498 1118 1543 minus,
1166 1508 1274 1543 quam

156 1567 395 1616 Anaxagoras
420 1567 487 1617 (ε)
512 1568 641 1605 dolore
674 1566 856 1605 invictum
896 1579 934 1604 se
970 1566 1180 1616 praestitit,
1207 1565 1277 1604 etsi

155 1649 303 1675 'omnem
334 1648 484 1675 sensum
522 1637 722 1675 humanum
758 1638 915 1686 abjicere
937 1648 1003 1676 nec
1025 1637 1177 1685 potuit,
1207 1647 1274 1674 nec

152 1708 295 1746 voluit.
348 1709 477 1755 Itaque
509 1707 548 1745 in
591 1707 799 1746 carissimae
834 1707 1011 1755 Aspasiae
1046 1707 1188 1756 judicio
1231 1707 1274 1743 il-

158 1778 229 1816 lam
284 1777 455 1826 lacrymis
500 1777 577 1815 suis
626 1777 776 1823 iniquae
818 1778 1019 1815 sententiae
1066 1776 1273 1825 eripuisse,

161 1848 439 1887 Socraticorum
460 1847 679 1884 auctoritate
705 1847 843 1885 dicitur
873 1849 964 1895 (3),
983 1855 1044 1893 et,
1071 1849 1145 1894 qua
1165 1848 1209 1884 de
1236 1857 1277 1898 re

161 1918 278 1968 magis
305 1926 479 1964 constat,
499 1918 697 1965 exsequias
724 1916 863 1956 faciens
877 1918 1001 1956 Paralo
1025 1928 1096 1954 suo
1128 1924 1274 1954 moero·

1197 1997 1270 2023 rem

199 2095 254 2132 (1)
275 2095 372 2125 Thuc.
392 2094 417 2124 1.
439 2102 492 2132 140
521 2095 562 2124 11.
580 2098 628 2126 61.

197 2153 251 2189 (a)
272 2152 338 2183 eic.
358 2153 447 2183 Tusc.
469 2152 520 2182 111.
538 2160 584 2184 ια.
604 2155 682 2182 Plut.
705 2160 791 2184 cons.
814 2156 848 2183 ad
870 2155 977 2190 Apoll.
1002 2163 1032 2191 p.
1058 2159 1122 2187 11¹3--
1153 2151 1191 2185 D.

196 2209 251 2247 (5)
272 2211 350 2240 Plut.
370 2213 435 2240 Per.
453 2217 500 2243 32·
526 2211 739 2242 Athernxul.
761 2210 793 2251 p.
818 2218 884 2250 589.
909 2215 946 2243 E.
