1502 2767
185 197 233 233 94
405 183 1070 226 COMMENTATIO

181 297 382 344 ἐπιθυμεῖτε
396 321 410 341 ,
435 296 496 335 καὶ
518 297 580 335 οὐκ
600 295 721 344 ἔχετε.
747 296 916 345 φονεύετε
945 297 1005 336 καὶ
1031 297 1200 346 ζηλοῦτε,
1233 300 1295 340 καὶ

178 368 217 413 οῦ
266 367 411 406 δύνασθε
446 367 660 414 ἐπιτυχεῑνς
689 366 855 414 μάχεσθε
892 366 952 406 καὶ
985 373 1205 415 πολεμεῖτε,
1231 371 1294 410 οὐκ

184 437 292 486 ἔχετε
318 439 378 480 δὲ,
416 437 475 476 διὰ
503 437 543 476 τὸ
574 437 626 484 μὴ
654 437 827 476 αἰτεῖσθαι
857 438 966 484 ὑμᾶς.
1020 435 1106 473 Hoc
1127 436 1213 474 loco
1236 436 1294 475 ni-

186 507 238 544 hil
268 506 368 544 aliud
405 505 589 551 docetur,
625 503 699 542 nisi
731 504 825 542 hoc:
855 515 983 544 omnes
1018 505 1099 543 illas
1134 505 1232 545 rixas
1254 513 1294 545 et

181 577 291 623 lites‚
318 586 411 623 quae
438 586 515 612 non
541 582 712 623 poterant
739 585 816 612 non
843 586 951 623 quam
976 574 1132 614 maxime
1156 576 1291 615 noxiae

183 658 288 694 esse,
338 657 383 684 ex
429 644 564 683 invidia
602 644 761 691 aliisque
794 644 918 692 pravis
955 644 1068 682 animi
1109 645 1293 694 cupidita.

182 717 285 754 tibus
315 724 439 754 ortum
463 715 621 763 ducere3
650 715 733 752 lites
763 725 904 763 porro,
938 722 976 752 et
999 725 1143 763 pugnas
1166 726 1212 752 ex
1242 715 1294 753 is·

179 785 358 824 tiusmodi
394 785 516 823 causis
545 793 672 831 ortas,
711 796 821 832 quam
848 784 1002 822 maxime
1028 785 1291 833 improbandas

182 868 276 896 esse.
350 856 435 893 Hoc
475 855 709 893 verissimum
744 866 826 892 esse
859 863 896 892 et
927 854 980 892 nil
1012 853 1090 892 fere
1134 855 1293 894 Ethicae

179 925 414 965 Christianae
429 924 545 972 magis
567 923 798 962 contrarium
819 935 900 961 esse
913 923 1037 970 ‚haud
1057 922 1167 961 facile
1188 923 1293 971 quis-

182 1007 292 1045 quam
316 995 534 1042 negaverit3
562 1003 601 1032 at
623 1005 710 1032 vero
727 1022 740 1040 ‚
755 1004 802 1031 an
827 993 913 1030 inde
936 993 1105 1040 sequitur
1127 993 1266 1031 bellum
1282 1021 1298 1041 ,

180 1067 283 1115 quod
317 1067 417 1115 iusta
454 1065 499 1102 de
530 1076 639 1102 causa
675 1063 923 1112 suscipiatur,
962 1062 1133 1100 illicitum
1174 1063 1290 1102 esse?

180 1137 222 1175 Si
258 1137 309 1174 ita
352 1135 584 1183 interpretari
634 1133 757 1180 velis,
796 1142 832 1170 et
882 1131 946 1170 tali
984 1132 1291 1180 interpretatione

179 1206 334 1246 Ethices
361 1204 593 1245 Christianae
624 1213 787 1251 systema
813 1210 1069 1249 superstruere
1086 1229 1098 1248 ‚
1126 1202 1190 1240 vix
1214 1211 1288 1240 tam

179 1278 296 1316 stulte
324 1276 527 1324 quidquam
550 1272 749 1321 excogitari
773 1271 912 1319 poterit
932 1299 944 1317 ‚
973 1271 1076 1318 quod
1098 1281 1174 1309 non
1203 1272 1290 1310 cab·

180 1347 349 1386 balisticst
373 1345 518 1383 ratione
549 1343 662 1381 sacris
679 1341 795 1379 literis
820 1342 946 1378 inesse
970 1341 1091 1388 iisque
1116 1352 1291 1389 compro·

180 1418 284 1464 bari,
306 1415 452 1455 ostendi
488 1421 612 1461 queat.
640 1435 692 1442 -
717 1411 825 1449 Lites
851 1419 887 1448 et
923 1421 1066 1459 pugnas
1102 1421 1180 1448 non
1212 1410 1289 1450 nisi

180 1490 274 1527 mala
317 1485 470 1534 quaevis
505 1494 629 1522 seeum
659 1482 824 1528 ducere,
871 1480 967 1519 idem
998 1480 1107 1518 docet
1121 1480 1287 1530 Jacobus

182 1559 280 1605 Cap.
306 1556 374 1595 111.
403 1565 540 1592 comm.
569 1564 633 1600 13.
661 1562 750 1598 sqq.
767 1578 780 1597 ‚
807 1549 852 1587 ad
881 1561 989 1597 quem
1021 1549 1135 1597 igitur
1162 1550 1288 1587 locum

178 1639 244 1667 eos
289 1626 334 1665 ad
382 1635 485 1663 suam
530 1621 745 1661 sententiam
796 1619 966 1658 tuendam
1018 1617 1157 1657 frustra
1200 1631 1288 1668 pto-

178 1708 364 1743 vocasse,
416 1692 566 1732 uberius
612 1691 796 1739 explicare
834 1699 1146 1737 supervacaneum
1185 1688 1290 1728 duci-

181 1779 280 1806 mus.
309 1764 394 1814 (1).

230 1836 387 1885 Majoris
425 1830 602 1871 momenti
638 1829 755 1878 prima
786 1827 913 1867 fronte
934 1828 1042 1866 locus
1070 1839 1152 1867 esse
1184 1827 1289 1867 vide-

179 1917 269 1954 tur,
297 1916 406 1953 quem
441 1914 487 1940 ex
517 1900 615 1940 Pauli
656 1900 702 1938 ad
730 1899 923 1938 Romanos
962 1899 1078 1937 citant
1101 1898 1288 1947 epistola,

181 1978 279 2025 Cap.
316 1974 400 2013 XII.
448 1983 585 2010 comm.
635 1982 706 2018 17,
748 1972 820 2017 18,
865 1980 926 2016 19.
998 1968 1106 2007 Licet
1150 1969 1290 2011 seriore

179 2058 273 2089 aevo
299 2044 419 2083 variae
454 2043 499 2081 de
537 2040 729 2087 consilio,
753 2050 830 2095 quo
863 2038 999 2077 Paulus
1023 2039 1117 2077 hauc
1147 2039 1287 2087 episto·

182 2120 253 2157 lam
293 2113 514 2163 scripserit,
566 2112 731 2162 prolatae
782 2110 859 2148 sint
909 2109 1133 2159 sententiae,
1198 2110 1287 2150 haec

1235 2189 1289 2220 ta·

223 2271 271 2309 (ι)
294 2270 373 2300 Cfrr.
395 2244 586 2303 Grotius.
604 2267 629 2297 1.
649 2273 678 2296 c.
701 2272 732 2302 p.
755 2265 804 2295 (ιο,
827 2269 857 2293 et
875 2263 1012 2298 Interpp.

1480 1294 1484 1350 i

1479 1369 1487 1416 ίΙ,

1479 1427 1482 1496 ἑ
