1523 2745
225 165 270 201 14
443 143 1097 189 COMMENTATIO

230 258 232 261 ’
267 261 393 310 Quum
408 258 521 307 igitur
541 257 698 296 Pericles
718 256 790 305 jam
814 263 893 293 turn
917 252 1163 291 adversarium
1187 252 1316 301 perde-

214 341 253 367 re
276 337 446 378 potuerat
463 356 475 375 ‚
504 326 698 365 humanius
720 324 922 362 consilium
948 331 1100 361 secutus
1127 329 1210 369 est,
1235 332 1314 361 non

213 397 388 436 delinitus
419 395 608 445 Elpinices
633 394 830 443 precibus,
868 394 934 431 sed
960 393 1038 430 sive
1061 392 1114 430 rei
1140 392 1317 430 innocen-

212 468 298 505 tiam
318 475 545 515 perspectam
573 465 739 512 habens,
778 463 858 502 sive
891 462 1050 501 civitatis
1081 461 1318 500 commodum

212 537 357 586 privato
394 536 480 574 odio
506 544 752 583 anteponens.
807 533 883 571 Vix
906 532 1000 570 enim
1033 531 1229 571 absolutus
1254 530 1322 570 Ci-

213 617 302 644 mon
327 614 409 653 est,
436 605 536 653 gravi
562 604 698 642 mulcta
727 603 923 652 imposita,
951 601 985 640 si
1018 602 1130 640 modo
1159 600 1320 639 Demos-

218 677 348 715 thenes
377 675 444 725 (1)
463 676 530 712 hac
556 674 596 712 in
623 685 662 712 re
694 673 801 711 testis
826 672 879 711 sit
900 671 992 712 satis
1028 671 1223 720 locuples,
1253 680 1319 708 ne-

214 755 288 793 que
326 744 426 783 aliud
462 744 641 793 judicium
675 743 863 792 respiciat.
927 741 1038 781 Brevi
1073 749 1195 780 tamen
1228 747 1321 788 post

212 814 315 851 tanta
350 824 434 851 eum
460 812 677 855 auctoritate
706 812 879 850 novimus
895 839 910 859 ‚
936 819 979 848 ut
1013 810 1112 849 cives
1134 807 1321 848 adhortari

213 882 377 931 potuerit
391 883 461 932 (2)
482 883 618 921 auxilia
642 882 817 920 mittenda
832 891 914 920 esse
937 880 1239 919 Lacedaemoniis
1252 878 1320 927 „in

215 951 415 990 obsidenda
441 952 587 991 Ithome
626 961 705 990 tum
748 951 903 990 maxime
938 951 1146 999 occupatis.
1198 949 1320 989 Cede-

215 1029 301 1060 runt
333 1021 538 1061 rationibus
559 1023 628 1072 (3)
651 1023 696 1060 ab
725 1033 771 1060 eo
800 1022 918 1061 allatis
954 1021 1228 1068 Athenienses,
1255 1031 1320 1059 ve·

215 1089 403 1129 hementer
445 1091 531 1130 licet
566 1100 793 1141 repugnante
831 1092 1032 1140 Ephialte,
1074 1091 1241 1140 principe
1266 1100 1319 1129 >ex

210 1158 284 1207 iis,
313 1172 474 1208 quorum
512 1173 624 1210 opera
657 1162 696 1199 in
722 1162 820 1210 Rep.
850 1161 1023 1200 utebatur
1045 1159 1234 1208 Pericles,
1261 1160 1321 1209 ip·

213 1241 372 1279 sumque
399 1230 594 1270 Cimonem
631 1243 716 1270 cum
740 1230 903 1270 exercitu
931 1231 978 1270 ad
1002 1229 1315 1270 Lacedaemonios

218 1307 411 1339 miserunt.

710 1455 747 1503 §-
789 1464 826 1501 5·

264 1599 365 1636 Dum
400 1599 531 1636 absens
566 1606 642 1636 erat
677 1597 841 1645 Cimon,
877 1597 982 1637 avide
1021 1598 1114 1636 hanc
1149 1598 1316 1637 occasio·

212 1680 294 1707 nem
328 1667 482 1716 arripuit
515 1668 672 1707 Pericles
718 1669 832 1706 multa
861 1667 901 1706 in
932 1668 1031 1717 Rep.
1076 1668 1241 1707 mutandi
1274 1677 1313 1708 et

216 1737 415 1775 innovandi
449 1737 487 1774 in
512 1736 646 1785 populi
679 1737 844 1786 gratiam.
896 1737 1022 1787 Quum
1058 1737 1154 1775 enim
1191 1745 1315 1776 tantae

215 1807 247 1844 ei
280 1819 370 1855 opes
412 1817 487 1844 non
520 1815 669 1855 essent,
711 1807 848 1855 quibus
876 1816 1039 1855 captaret
1069 1807 1172 1855 vulgi
1204 1807 1317 1846 bene-

215 1878 412 1915 volentiam
430 1905 443 1924 ,
460 1878 562 1924 quod
587 1877 632 1914 de
647 1888 718 1914 suo
733 1876 850 1915 facere
873 1887 949 1914 non
961 1884 1106 1925 poterat
1119 1905 1132 1925 ,
1157 1888 1202 1915 ex
1219 1887 1316 1915 aera-

217 1947 272 1985 rio
299 1947 451 1995 publico
481 1946 580 1987 fecit.
634 1946 699 1984 Ille
731 1946 845 1995 igitur
869 1946 1011 1994 primus
1038 1945 1199 1985 instituit
1222 1958 1315 1985 mer-

1259 2027 1320 2054 ce·

253 2120 305 2157 (ι)
324 2121 410 2148 Dem.
432 2127 458 2147 c.
480 2118 626 2147 Aristocr.
646 2125 677 2153 p.
699 2119 766 2147 683.

252 2178 304 2214 (ι)
327 2178 413 2205 Thus
442 2178 464 2205 l.
484 2186 547 2206 102.
576 2175 732 2211 Aristoph.
750 2175 823 2210 Lys.
849 2182 882 2204 v.
905 2178 1101 2211 1140-1147-

249 2233 300 2272 (3)
322 2236 400 2264 Plut.
422 2234 500 2262 Cim.
527 2235 573 2263 16.
598 2240 672 2261 extr.
