1502 2767
183 208 254 242 214
389 192 1050 236 COMMENTATIO

184 308 233 343 ob
275 317 382 353 quam
423 305 474 342 ita
512 301 630 341 facere
668 304 788 341 solent
814 303 999 350 Romanig,
1039 310 1080 340 ut
1115 302 1288 340 nimirum

185 383 312 422 omps
339 376 382 412 ad
409 375 662 412 Romanorum
685 383 821 411 nomen
858 372 1055 411 horreant!
1087 372 1221 410 Eadem
1241 372 1288 410 de

185 452 295 483 causa
322 456 400 482 non
431 444 553 482 solum
593 442 789 491 homines,
823 443 888 480 sed
926 452 1033 480 canes
1068 452 1222 490 quoque
1253 448 1293 478 et

187 516 352 553 animalia
385 515 424 552 in
447 513 566 552 frusta
599 514 797 560 secabant,
836 522 874 550 et
908 501 1069 550 membra
1117 521 1182 559 per
1211 509 1291 547 vias

189 583 462 634 dispergebant.
511 583 634 635 Julius
647 585 783 622 Caesar
805 591 984 620 trecentas
1010 581 1179 619 nationes
1205 578 1297 617 sub-

192 656 312 705 egisse
347 655 492 702 fertur,
536 655 635 692 mille
670 654 779 692 urbes
804 653 842 690 vi
872 662 1128 701 expugnasse,
1154 649 1295 687 centies

193 725 324 764 millies
372 725 540 762 homines
603 735 732 762 servos
781 722 1013 769 reddidisse,
1064 719 1296 768 totidemque

193 795 313 843 gladio
340 802 377 832 et
406 794 444 832 in
463 794 605 842 proelio
636 802 671 831 et
694 794 732 831 in
759 793 915 831 urbibus
938 790 1150 841 jugulasse!
1187 789 1300 826 Octa-

195 864 329 903 vianus
347 864 541 911 Perusiae,
568 864 752 912 praesidio
784 874 865 900 sese
890 863 943 900 illi
967 860 1121 900 tradenti
1152 867 1189 897 et
1218 852 1297 896 non

195 933 270 972 nisi
304 933 418 972 vitam
443 935 679 983 deprecanti,
709 934 935 982 respondet:
964 930 1191 970 moriendum
1230 938 1297 968 est.

199 1004 408 1043 Corinthus
425 1032 438 1051 ,
465 1005 694 1053 Numantia,
710 1005 939 1053 bella,quae
967 1001 1134 1051 proxime
1153 999 1226 1038 sibi
1251 999 1307 1036 in·

199 1073 316 1111 vicem
356 1084 594 1121 successere,
621 1074 838 1120 Mutinum,
875 1072 1154 1121 philippicum,
1194 1070 1306 1108 Peru·

201 1145 325 1183 sinum
341 1172 355 1191 ,
371 1144 535 1183 Siculum
551 1172 565 1192 ,
585 1144 795 1191 Actiacum,
808 1141 1188 1191 Hierosolymitanum
1203 1167 1216 1187 ‚
1228 1149 1311 1175 ver—

203 1217 254 1253 bo
290 1215 410 1253 omnia
447 1215 570 1261 bella,
620 1226 714 1261 quae
753 1213 834 1252 sive
865 1213 1000 1251 Graeci
1029 1212 1109 1249 sive
1142 1208 1306 1248 Romani

206 1295 400 1333 gesserunt
435 1296 517 1321 cum
549 1284 690 1322 interna
722 1292 801 1321 tum
825 1291 1000 1331 externa,
1023 1281 1212 1329 probant,
1241 1280 1312 1317 hos

205 1356 342 1393 nullam
386 1354 528 1403 genens
572 1354 721 1391 humani
753 1351 994 1400 praestantiae
1026 1353 1205 1389 rationem
1247 1350 1312 1387 ha·

207 1425 359 1471 buisse,
388 1424 652 1470 temeritatem,
690 1423 904 1470 lasciviam,
940 1421 1156 1470 perfidiam,
1183 1418 1313 1468 exqui-

208 1495 422 1533 sitissimam
462 1494 501 1532 in
541 1494 669 1531 hostes
714 1493 964 1530 crudelitatem
1005 1492 1170 1537 licitam,
1221 1489 1314 1538 quin

211 1566 318 1603 laude
349 1565 495 1612 dignam
535 1564 754 1610 censuisse,
791 1562 988 1611 voluptate
1018 1561 1104 1599 inde
1130 1560 1313 1606 affectos,

211 1645 279 1672 nec
311 1634 409 1671 aliud
429 1633 518 1681 quid
548 1633 700 1672 novisse
722 1644 830 1680 quam
846 1660 859 1679 ,
902 1632 1006 1678 quod
1030 1631 1166 1668 alicubi
1190 1638 1316 1667 monet

215 1704 481 1752 Thucydides,
521 1702 702 1740 vindictae
752 1701 876 1740 studio
909 1702 1070 1749 plenos,
1105 1703 1316 1744 ἀπαντλῆσαι

214 1780 277 1818 τῆς
303 1775 444 1821 γνώμης
471 1776 510 1813 τὸ
537 1774 761 1821 θυμούμενον.

267 1844 366 1882 Haec
391 1855 505 1891 pauca
536 1842 723 1880 sufficiunt
747 1842 792 1878 acl
819 1840 1075 1888 probandum,
1103 1851 1193 1887 quas
1217 1846 1317 1877 vete-

218 1926 273 1951 res
309 1915 354 1951 de
376 1913 474 1950 bello
503 1913 669 1961 gerundo
699 1911 869 1949 foverent
892 1910 1106 1948 sententias.

264 1984 342 2032 Jam
375 1985 505 2021 oculos
532 1990 790 2020 convertamus
828 1981 873 2018 ad
896 1982 1060 2028 populos
1087 1979 1324 2018 Christianos

220 2055 444 2100 hodiernos,
474 2053 511 2091 in
543 2063 641 2100 quos
671 2050 881 2099 Religionis
923 2050 1156 2088 Christianae
1185 2049 1325 2087 doctri-

223 2138 268 2162 ua
306 2126 462 2171 aliquam
503 2124 613 2160 modo
655 2122 728 2159 vim
755 2121 897 2159 habuit.
952 2121 1145 2158 Nonnulla
1181 2120 1220 2158 in
1253 2132 1330 2158 me.

223 2196 321 2232 dium
364 2193 623 2241 proferamus,
661 2203 755 2239 quae
791 2202 868 2229 non
908 2191 1057 2238 quidem
1091 2190 1129 2228 in
1169 2191 1327 2240 singulis

226 2267 287 2301 sed
325 2267 490 2301 universe
532 2271 758 2309 cernuntur,
797 2274 840 2300 ex
870 2261 1007 2310 quibus
1048 2270 1194 2310 pateat,
1236 2272 1330 2308 qua·

1283 2340 1334 2369 te·
