1523 2745
398 175 915 226 LITERAR‘IA.
1172 202 1215 228 ῃ

119 297 213 335 -At
249 295 347 334 haud
385 296 437 334 ita
476 296 540 336 diu
573 305 664 345 post
693 297 805 336 nimia
847 297 1032 336 Tolrnidis
1070 297 1220 335 audacia

99 367 307 404 multorum
331 368 511 404 malorum
536 378 647 405 causa
672 367 811 414 patriae
837 378 925 404 suae
955 366 1090 405 extitit.
1145 367 1218 405 Hic

105 434 224 483 enim,
276 447 392 484 quum
428 434 580 474 Periclis
620 436 780 474 consilio
824 445 902 473 non
930 436 1221 484 obtemperans..

100 503 294 544 Boeotiam
338 504 540 553 adgressus
584 513 682 542 esset
708 531 722 552 ‚
767 503 957 544 fortunam
1010 505 1126 543 sensit
1158 506 1222 543 ad*

99 583 268 620 versam;
313 584 432 622 prope
472 573 711 620 Coroneam,
743 576 876 622 magna
912 573 1101 622 copiarum
1138 585 1222 622 par-

99 649 137 680 te
172 642 331 690 amissa,
359 644 439 691 ipse
473 629 606 682 cecidit
641 644 710 693 (1)
737 655 854 691 eaque
888 645 1008 683 clades
1043 643 1221 683 Euboeae

99 711 333 761 etv-Megaris
361 712 581 753 defectionis
607 713 758 762 signum
795 714 908 753 dedit.
971 714 1062 764 Quo
1084 715 1219 753 nuntio

98 790 254 831 accepto
274 811 288 830 ,
315 783 438 821 statim
470 785 601 832 copias
636 785 672 822 in
702 783 896 823 Euboeam
926 784 1093 823 traduxit
1118 784 1221 823 Peri-

49 902 50 906 *
97 851 198 899 cles,
241 852 450 901 intelligens
487 853 580 892 aiios
609 853 717 891 etiam
756 854 881 893 socios
926 854 1062 892 horum
1093 864 1221 891 exem-

97 921 200 968 plum
238 930 465 970 secuturos,
518 924 551 961 si
595 923 844 962 Athenienses
887 924 1056 962 viderent
1097 923 1220 962 minus

97 999 270 1039 promtos
294 991 333 1030 in
368 992 574 1041 puniendo.
630 992 841 1032 Revocavit
880 1001 1108 1031 tamen-eum
1135 993 1221 1031 Me-

98 1060 306 1108 garensium
343 1060 478 1099 seditio
517 1070 554 1099 et
597 1062 784 1100 exercitus
831 1062 983 1100 hostilis
1011 1062 1220 1108 acl-ventus,

97 1127 164 1175 qui
198 1128 445 1168 Plistoanacte
480 1131 576 1168 duce
606 1131 699 1178 ipsis
732 1131 852 1172 Attici
890 1131 1027 1169 finibus
1054 1131 1225 1169 immine·

100 1196 180 1237 bat.
248 1198 388 1246 Neque
427 1207 547 1237 tantae
581 1207 670 1237 tunc
706 1207 809 1238 erant
841 1200 1128 1239 Atheniensium
1166 1201 1224 1239 vi-

98 1279 182 1321 res,
222 1277 270 1307 ut*
292 1277 415 1308 tutum
455 1278 625 1308 censeret
659 1270 837 1309 hostibus
871 1269 1019 1308 obviam
1046 1271 1226 1319 proce-de-

97 1350 159 1389 re:
202 1348 434 1389 quapropter
470 1340 750 1386 Cleandridem‚
784 1351 895 1388 quem
929 1340 1100 1387 Spartani
1125 1340 1224 1389 Regi
1260 1339 1261 1343 ’

94 1408 361 1458 adJ‘unxerant,
401 1421 492 1448 auro
527 1421 765 1458 corrumpere
807 1410 979 1456 studuit,
1009 1410 1074 1459 qui
1111 1411 1223 1459 Spar-

95 1485 204 1519 tanos
256 1490 302 1516 ex
340 1479 467 1517 Attica
507 1481 712 1518 reduceret.
780 1479 869 1529 Quo
905 1478 1033 1527 facto,
1069 1492 1222 1519 summo

97 1549 171 1599 jam
208 1548 377 1597 periculo
413 1549 615 1596 liberatus,
645 1548 796 1588 transiit
829 1549 867 1587 in
890 1549 1114 1599 Euboeam,
1143 1563 1223 1589 om·-

95 1618 156 1657 nia
168 1619 251 1670 ,sibi
278 1618 428 1665 subegit
454 1627 491 1657 et
523 1618 721 1667 optimates
748 1631 768 1657 e
788 1619 1221 1667 Chalcide,·Hestiaeos

94 1688 294 1729 universos
327 1701 347 1726 e
373 1689 524 1728 sedibus
554 1689 633 1727 suis
670 1689 802 1738 dejecit
841 1701 979 1738 easque
1002 1702 1138 1730 vacuas
1167 1691 1222 1728 in-

95 1767 153 1798 ter
189 1760 290 1799 cives
329 1760 479 1800 Atticos
499 1759 627 1799 divisit
655 1759 739 1809 (2).

1135 1831 1226 1869 Post

93 1934 188 1964 verba
224 1942 364 1964 recenset
402 1934 541 1964 Clinton.
577 1936 655 1963 Exc.
687 1939 715 1964 8.
743 1941 809 1963 not.
842 1943 884 1964 m.
923 1948 961 1956 —
990 1935 1060 1964 Cet.
1090 1934 1226 1966 Phocen-

93 1983 172 2020 sium
201 1997 325 2020 conatus
349 1998 434 2020 erant
459 1990 588 2027 injusti,
616 1997 650 2020 ut
677 1991 768 2020 docet
799 1991 935 2022 Boeckh.
956 1994 1078 2024 staatsh.
1098 1995 1130 2023 d.
1153 1995 1226 2029 Ath,

94 2047 137 2076 11.
161 2056 187 2077 ι.
211 2049 262 2086 46,
1147 2040 1148 2043 ’

132 2103 183 2142 (ι)
204 2104 286 2134 Plut.
310 2108 379 2135 Per.
402 2109 451 2135 18.
474 2105 575 2134 Thuc.
597 2106 624 2134 Ι.
650 2114 694 2141 13.
717 2104 812 2135 Diod.
837 2104 896 2137 sic.
916 2106 984 2135 ΧΠ.
1006 2109 1035 2137 6.
1057 2114 1089 2141 7,.

134 2162 186 2198 (2)
207 2164 288 2192 Plut,
305 2165 373 2192 Per.
392 2170 442 2192 22.
459 2171 508 2198 23.
531 2163 630 2192 Thuc.
653 2164 678 2191 Ι.
704 2170 776 2197 114.
793 2163 888 2193 Diod.
909 2163 957 2192 sic
976 2164 1041 2194 XII.
1063 2175 1091 2199 5.
1114 2173 1162 2196 22.
1182 2163 1227 2196 εἲ.

92 2220 200 2249 schol«
217 2221 255 2248 ad
276 2219 434 2255 Aristoph-
457 2220 539 2250 Nub.
569 2227 600 2248 v.
629 2227 706 2256 213.
737 2222 830 2251 Isocr.
859 2222 971 2256 Paneg-
997 2230 1026 2251 c.
1048 2229 1095 2256 31·
1118 2223 1226 2260 ibique

101 2277 295 2311 interpretes.
