1564 2750
345 195 391 231 54
563 180 1225 221 COMMENTATro

344 293 374 329 si
407 292 498 340 (1),
537 290 811 336 contendente,
859 289 951 327 hanc
980 291 1296 338 opportunitatem
1334 291 1450 339 impe-

344 362 413 399 rite
433 361 477 398 ab
509 360 703 398 Historico
729 368 941 407 usurpatam
964 370 1072 408 esse,
1099 371 1213 407 quum
1238 359 1344 408 pauci
1371 368 1451 397 tan-

345 440 423 468 tum
466 430 622 479 inglorie
653 427 836 467 interfecti
872 440 1022 478 essent3
1061 430 1147 467 alias
1179 440 1269 467 vero
1303 429 1451 477 expedi·

347 500 494 546 tiones,
521 510 675 547 quarum
701 507 788 546 post
815 496 978 536 faustum
1001 510 1219 537 successum
1246 498 1364 536 oratio
1392 498 1454 536 fu·

345 568 471 606 nebris
502 566 710 606 necessario
750 566 897 616 maj0ris
931 567 1079 606 deberet
1119 580 1199 606 esse
1244 566 1450 613 momenti,

345 637 390 674 ab
431 648 474 674 eo
520 637 668 675 silentio
714 637 833 674 fuisse
873 638 1164 693 praetermissas.
1202 637 1314 688 (Vid.
1362 636 1448 674 Obs-

345 707 479 756 XL).
1202 710 1204 714 ’

396 776 589 815 Praeterita
630 776 778 822 hieme,
831 775 1113 814 Lacedaemonii
1163 774 1445 813 obsidendarum

346 845 494 883 urbium
520 845 659 893 ignari,
689 854 961 893 proptereaque
1004 847 1043 881 in
1075 844 1181 882 bellis
1218 842 1386 891 gerendis
1412 841 1449 878 id

344 914 581 963 potissimum
618 924 856 963 spectantes,
887 925 928 951 ut
959 915 1122 952 hostium
1156 924 1264 962 agros
1301 911 1452 950 infesta-

346 992 455 1031 rent3
484 984 634 1021 ineunte
657 986 806 1023 aestatis
831 986 950 1033 primo
983 995 1134 1031 mense,
1160 983 1421 1032 Munychione
1437 1011 1451 1028 ,

344 1053 476 1091 iterum
514 1053 553 1090 in
593 1054 754 1091 Atticam
798 1054 1042 1102 irruptionem
1083 1053 1275 1100 fecerunt,
1323 1052 1451 1091 eodem

341 1123 436 1159 duce
461 1122 714 1168 Archidamo,
742 1124 938 1170 omniaque
963 1134 1056 1170 quae
1094 1123 1132 1160 in
1160 1122 1219 1161 via
1250 1123 1450 1171 deprehen·

342 1191 476 1229 debant
490 1192 704 1230 deleverunt
717 1219 730 1238 ,
747 1193 826 1230 sola
837 1192 1030 1240 Tetrapoli
1045 1220 1057 1239 ,
1070 1201 1111 1230 ut
1127 1201 1303 1239 vocatur,
1317 1204 1449 1241 excep·

344 1269 379 1298 ta
396 1289 410 1306 ‚
435 1270 544 1308 arque
568 1261 718 1308 insuper
739 1261 846 1298 etiam
876 1273 897 1298 a
922 1261 1035 1299 sacris
1061 1261 1171 1299 olivis
1183 1260 1416 1300 ,abstinentes
1433 1290 1446 1308 ,

341 1330 460 1377 diris,
488 1330 624 1377 quibus
661 1331 788 1367 harum
829 1331 1000 1368 arborum
1053 1330 1251 1370 violatores
1291 1333 1450 1371 devove-

341 1400 498 1446 bantur‚
536 1399 719 1447 perterriti
746 1399 833 1450 (ε).
869 1399 979 1448 (Vid.
1010 1400 1095 1439 Obs.
1123 1400 1263 1450 XLI.)
1315 1401 1448 1440 Omnia

342 1480 462 1510 tamen
494 1481 514 1507 a
548 1469 687 1508 Pericle
714 1478 786 1507 tam
810 1470 904 1507 bene
924 1479 1048 1509 curata
1088 1481 1216 1518 erant,
1245 1481 1286 1509 ut
1319 1473 1447 1510 nullus

341 1540 455 1576 metui
481 1540 742 1577 concederetur
779 1541 912 1577 locus:
951 1539 1185 1587 damnaque,
1222 1552 1315 1588 quae
1339 1541 1449 1583 Pelo->

340 1609 513 1655 ponnesii
545 1609 730 1657 superiori
767 1620 863 1646 anno
894 1618 1134 1658 acceperant,
1176 1613 1264 1648 satis
1285 1611 1360 1660 J‘am
1388 1622 1452 1649 os·

341 1679 669 1725 tenderant,brevi
693 1678 800 1726 fore,
816 1688 856 1716 ut
877 1679 1013 1717 bellum
1041 1690 1272 1728 nequaquam
1296 1681 1448 1729 longius

339 1749 384 1785 ab
427 1748 472 1786 iis
504 1749 588 1786 duci
624 1757 779 1796 posset,
821 1749 887 1787 sed
919 1748 993 1797 ipsi
1024 1750 1173 1796 penitus
1213 1749 1448 1788 exhauriren-

339 1827 414 1855 tur.
450 1817 702 1856 Periclesista
735 1820 807 1867 J'am
840 1819 885 1857 ab
910 1817 1016 1856 initio
1040 1818 1289 1866 praedixerat:
1328 1831 1443 1866 quum

338 1887 476 1935 aliquid
501 1888 658 1935 accidit,
688 1899 764 1935 quo
788 1888 928 1936 Apollo
960 1900 979 1925 e
1007 1889 1234 1927 Graecorum
1261 1890 1444 1928 sententia

1359 1970 1447 2006 pro-

376 2070 428 2108 (1)
449 2071 597 2107 Judicium
619 2073 655 2100 de
674 2073 809 2106 Thucyd.
831 2079 898 2107 cap.
922 2074 965 2099 18.
990 2079 1020 2106 p.
1042 2074 1107 2106 349.
1131 2071 1168 2098 R.

378 2127 428 2164 (α)
451 2129 548 2157 Thuc.
573 2128 608 2157 11.
636 2137 703 2163 cap.
742 2136 790 2165 47.
821 2142 858 2149 —·
885 2127 981 2156 Diod.
998 2127 1062 2155 XII.
1100 2133 1168 2160 cap.
1200 2135 1249 2162 45.
1275 2139 1311 2147 —
1339 2128 1440 2156 schor.

341 2183 485 2218 Sophocl.
509 2186 588 2213 Oed.
618 2187 685 2213 col.
712 2193 762 2214 vs.v
791 2189 860 2221 698.
882 2199 919 2206 —
948 2187 993 2213 De
1020 2183 1108 2212 sacris
1136 2182 1199 2211 istis
1236 2182 1326 2211 olivis
1358 2185 1441 2212 conf.

348 2241 445 2267 schol.
470 2242 503 2267 ad
523 2240 678 2275 Arisroph.
699 2242 778 2270 Nub.
800 2250 844 2271 vs.
872 2251 953 2272 1001.
