<?xml version="1.0" encoding="UTF-8"?>
<!DOCTYPE html PUBLIC "-//W3C//DTD XHTML 1.0 Transitional//EN"
    "http://www.w3.org/TR/xhtml1/DTD/xhtml1-transitional.dtd">
<html xmlns="http://www.w3.org/1999/xhtml" xml:lang="en" lang="en">
 <head>
  <title>
</title>
<meta http-equiv="Content-Type" content="text/html;charset=utf-8" />
  <meta name='ocr-system' content='tesseract 3.04.00' />
  <meta name='ocr-capabilities' content='ocr_page ocr_carea ocr_par ocr_line ocrx_word'/>
</head>
<body>
  <div class='ocr_page' id='page_1' title='image "annalesacademiae33rhen_0312.png"; bbox 0 0 1502 2767; ppageno 0'>
   <div class='ocr_carea' id='block_1_1' title="bbox 223 176 1106 220">
    <p class='ocr_par' dir='ltr' id='par_1_1' title="bbox 223 176 1106 220">
     <span class='ocr_line' id='line_1_1' title="bbox 223 176 1106 220; baseline 0.007 -7"><span class='ocrx_word' id='word_1_1' title='bbox 223 178 268 214; x_wconf 79' lang='lat'>28</span> <span class='ocrx_word' id='word_1_2' title='bbox 445 176 1106 220; x_wconf 89' lang='lat' dir='ltr'>COMMENTATIO</span> 
     </span>
    </p>
   </div>
   <div class='ocr_carea' id='block_1_2' title="bbox 216 283 1320 477">
    <p class='ocr_par' dir='ltr' id='par_1_2' title="bbox 216 283 1320 477">
     <span class='ocr_line' id='line_1_2' title="bbox 223 283 1320 339; baseline 0.006 -18"><span class='ocrx_word' id='word_1_3' title='bbox 223 283 324 322; x_wconf 90' lang='lat' dir='ltr'>tione</span> <span class='ocrx_word' id='word_1_4' title='bbox 359 295 439 323; x_wconf 88' lang='lat' dir='ltr'>esse</span> <span class='ocrx_word' id='word_1_5' title='bbox 469 286 781 334; x_wconf 82' lang='lat' dir='ltr'>phaenomenon,</span> <span class='ocrx_word' id='word_1_6' title='bbox 809 290 940 337; x_wconf 83' lang='lat' dir='ltr'>quod,</span> <span class='ocrx_word' id='word_1_7' title='bbox 979 289 1052 327; x_wconf 90' lang='lat' dir='ltr'>nisi</span> <span class='ocrx_word' id='word_1_8' title='bbox 1073 288 1320 339; x_wconf 84' lang='lat' dir='ltr'>impediatur,</span> 
     </span>
     <span class='ocr_line' id='line_1_3' title="bbox 217 355 1320 407; baseline 0.005 -14"><span class='ocrx_word' id='word_1_9' title='bbox 217 355 419 401; x_wconf 79' lang='lat' dir='ltr'>quominus</span> <span class='ocrx_word' id='word_1_10' title='bbox 463 357 594 404; x_wconf 87' lang='lat' dir='ltr'>populi</span> <span class='ocrx_word' id='word_1_11' title='bbox 637 358 688 395; x_wconf 85' lang='lat' dir='ltr'>ita</span> <span class='ocrx_word' id='word_1_12' title='bbox 724 369 807 396; x_wconf 89' lang='lat' dir='ltr'>sese</span> <span class='ocrx_word' id='word_1_13' title='bbox 847 360 1043 407; x_wconf 85' lang='lat' dir='ltr'><strong>excolant,</strong></span> <span class='ocrx_word' id='word_1_14' title='bbox 1093 359 1193 398; x_wconf 86' lang='lat' dir='ltr'>haud</span> <span class='ocrx_word' id='word_1_15' title='bbox 1237 370 1320 398; x_wconf 89' lang='lat' dir='ltr'>raro</span> 
     </span>
     <span class='ocr_line' id='line_1_4' title="bbox 216 425 1216 477; baseline 0.011 -20"><span class='ocrx_word' id='word_1_16' title='bbox 216 435 369 471; x_wconf 87' lang='lat' dir='ltr'>prorsus</span> <span class='ocrx_word' id='word_1_17' title='bbox 403 425 616 464; x_wconf 81' lang='lat' dir='ltr'>inevitabile</span> <span class='ocrx_word' id='word_1_18' title='bbox 654 438 737 466; x_wconf 86' lang='lat' dir='ltr'>esse</span> <span class='ocrx_word' id='word_1_19' title='bbox 771 428 844 466; x_wconf 86' lang='lat' dir='ltr'>sibi</span> <span class='ocrx_word' id='word_1_20' title='bbox 881 441 1124 477; x_wconf 86' lang='lat' dir='ltr'>persuasurus</span> <span class='ocrx_word' id='word_1_21' title='bbox 1154 429 1216 468; x_wconf 88' lang='lat' dir='ltr'>sit.</span> 
     </span>
    </p>
   </div>
   <div class='ocr_carea' id='block_1_3' title="bbox 711 569 819 619">
    <p class='ocr_par' dir='ltr' id='par_1_3' title="bbox 711 569 819 619">
     <span class='ocr_line' id='line_1_5' title="bbox 711 569 819 619; baseline 0.019 -11"><span class='ocrx_word' id='word_1_22' title='bbox 711 569 745 617; x_wconf 85' lang='lat'>§.</span> <span class='ocrx_word' id='word_1_23' title='bbox 782 582 819 619; x_wconf 86' lang='lat'>5.</span> 
     </span>
    </p>
   </div>
   <div class='ocr_carea' id='block_1_4' title="bbox 237 716 1280 910">
    <p class='ocr_par' dir='ltr' id='par_1_4' title="bbox 237 716 1280 910">
     <span class='ocr_line' id='line_1_6' title="bbox 237 716 1280 770; baseline 0.004 -17"><span class='ocrx_word' id='word_1_24' title='bbox 237 716 379 754; x_wconf 78' lang='lat' dir='ltr'>Bellum</span> <span class='ocrx_word' id='word_1_25' title='bbox 406 720 545 756; x_wconf 72' lang='lat' dir='ltr'>evitari</span> <span class='ocrx_word' id='word_1_26' title='bbox 569 732 640 757; x_wconf 82' lang='lat' dir='ltr'>non</span> <span class='ocrx_word' id='word_1_27' title='bbox 660 730 761 770; x_wconf 79' lang='lat' dir='ltr'>posse</span> <span class='ocrx_word' id='word_1_28' title='bbox 785 720 891 759; x_wconf 78' lang='lat' dir='ltr'>haud</span> <span class='ocrx_word' id='word_1_29' title='bbox 912 730 1046 758; x_wconf 78' lang='lat' dir='ltr'>temere</span> <span class='ocrx_word' id='word_1_30' title='bbox 1070 721 1280 766; x_wconf 76' lang='lat' dir='ltr'>statuitur,</span> 
     </span>
     <span class='ocr_line' id='line_1_7' title="bbox 285 785 1226 839; baseline 0.002 -16"><span class='ocrx_word' id='word_1_31' title='bbox 285 798 331 823; x_wconf 81' lang='lat' dir='ltr'>ex</span> <span class='ocrx_word' id='word_1_32' title='bbox 346 785 508 835; x_wconf 81' lang='lat' dir='ltr'>frustra</span> <span class='ocrx_word' id='word_1_33' title='bbox 533 787 709 826; x_wconf 82' lang='lat' dir='ltr'><em>adhibitis</em></span> <span class='ocrx_word' id='word_1_34' title='bbox 735 789 926 827; x_wconf 79' lang='lat' dir='ltr'>conatibus</span> <span class='ocrx_word' id='word_1_35' title='bbox 952 789 1103 827; x_wconf 81' lang='lat' dir='ltr'>illorum</span> <span class='ocrx_word' id='word_1_36' title='bbox 1119 815 1132 835; x_wconf 84' lang='lat'><strong>‚</strong></span> <span class='ocrx_word' id='word_1_37' title='bbox 1159 789 1226 839; x_wconf 81' lang='lat' dir='ltr'>qui</span> 
     </span>
     <span class='ocr_line' id='line_1_8' title="bbox 450 859 1059 910; baseline 0.003 -16"><span class='ocrx_word' id='word_1_38' title='bbox 450 867 580 908; x_wconf 77' lang='lat' dir='ltr'>pacem</span> <span class='ocrx_word' id='word_1_39' title='bbox 605 859 804 897; x_wconf 75' lang='lat' dir='ltr'>voluerunt</span> <span class='ocrx_word' id='word_1_40' title='bbox 823 867 1059 910; x_wconf 79' lang='lat' dir='ltr'>perpetuam.</span> 
     </span>
    </p>
   </div>
   <div class='ocr_carea' id='block_1_5' title="bbox 198 987 1320 2229">
    <p class='ocr_par' dir='ltr' id='par_1_5' title="bbox 201 987 1320 1456">
     <span class='ocr_line' id='line_1_9' title="bbox 261 987 1317 1041; baseline 0.001 -16"><span class='ocrx_word' id='word_1_41' title='bbox 261 987 373 1026; x_wconf 83' lang='lat' dir='ltr'>Haud</span> <span class='ocrx_word' id='word_1_42' title='bbox 407 988 529 1026; x_wconf 87' lang='lat' dir='ltr'>minus</span> <span class='ocrx_word' id='word_1_43' title='bbox 562 1000 673 1038; x_wconf 84' lang='lat' dir='ltr'>grave</span> <span class='ocrx_word' id='word_1_44' title='bbox 696 990 859 1039; x_wconf 87' lang='lat' dir='ltr'>denique</span> <span class='ocrx_word' id='word_1_45' title='bbox 890 999 1172 1041; x_wconf 85' lang='lat' dir='ltr'><strong>argumentum,</strong></span> <span class='ocrx_word' id='word_1_46' title='bbox 1212 999 1317 1037; x_wconf 90' lang='lat' dir='ltr'>quo,</span> 
     </span>
     <span class='ocr_line' id='line_1_10' title="bbox 210 1058 1320 1109; baseline 0.003 -15"><span class='ocrx_word' id='word_1_47' title='bbox 210 1058 312 1104; x_wconf 87' lang='lat' dir='ltr'>quod</span> <span class='ocrx_word' id='word_1_48' title='bbox 358 1059 564 1103; x_wconf 75' lang='grc' dir='ltr'>νοῖιιῐηιιε,</span> <span class='ocrx_word' id='word_1_49' title='bbox 615 1059 836 1107; x_wconf 86' lang='lat' dir='ltr'><strong>evincatur,</strong></span> <span class='ocrx_word' id='word_1_50' title='bbox 877 1061 945 1099; x_wconf 88' lang='lat' dir='ltr'>erit</span> <span class='ocrx_word' id='word_1_51' title='bbox 971 1089 984 1108; x_wconf 87' lang='lat'>‚</span> <span class='ocrx_word' id='word_1_52' title='bbox 1033 1062 1064 1098; x_wconf 89' lang='lat' dir='ltr'>si</span> <span class='ocrx_word' id='word_1_53' title='bbox 1104 1059 1320 1109; x_wconf 88' lang='lat' dir='ltr'>probaveri-</span> 
     </span>
     <span class='ocr_line' id='line_1_11' title="bbox 208 1128 1316 1178; baseline 0.005 -16"><span class='ocrx_word' id='word_1_54' title='bbox 208 1135 318 1172; x_wconf 83' lang='lat' dir='ltr'>mus,</span> <span class='ocrx_word' id='word_1_55' title='bbox 345 1135 501 1165; x_wconf 85' lang='lat' dir='ltr'>conatus</span> <span class='ocrx_word' id='word_1_56' title='bbox 535 1128 708 1175; x_wconf 85' lang='lat' dir='ltr'>illorum,</span> <span class='ocrx_word' id='word_1_57' title='bbox 738 1129 804 1177; x_wconf 91' lang='lat' dir='ltr'>qui</span> <span class='ocrx_word' id='word_1_58' title='bbox 839 1139 1054 1178; x_wconf 87' lang='lat' dir='ltr'>perpetuam</span> <span class='ocrx_word' id='word_1_59' title='bbox 1080 1129 1175 1167; x_wconf 86' lang='lat' dir='ltr'>inter</span> <span class='ocrx_word' id='word_1_60' title='bbox 1200 1138 1316 1167; x_wconf 86' lang='lat' dir='ltr'>terrae</span> 
     </span>
     <span class='ocr_line' id='line_1_12' title="bbox 205 1196 1316 1246; baseline 0.005 -15"><span class='ocrx_word' id='word_1_61' title='bbox 205 1196 369 1243; x_wconf 88' lang='lat' dir='ltr'>populos</span> <span class='ocrx_word' id='word_1_62' title='bbox 397 1208 521 1245; x_wconf 80' lang='lat' dir='ltr'>pacem</span> <span class='ocrx_word' id='word_1_63' title='bbox 557 1208 639 1235; x_wconf 88' lang='lat' dir='ltr'>esse</span> <span class='ocrx_word' id='word_1_64' title='bbox 675 1200 875 1236; x_wconf 88' lang='lat' dir='ltr'>voluerunt</span> <span class='ocrx_word' id='word_1_65' title='bbox 901 1209 963 1246; x_wconf 87' lang='lat' dir='ltr'>et,</span> <span class='ocrx_word' id='word_1_66' title='bbox 986 1200 1031 1237; x_wconf 88' lang='lat' dir='ltr'>ad</span> <span class='ocrx_word' id='word_1_67' title='bbox 1055 1200 1148 1236; x_wconf 83' lang='lat' dir='ltr'>hanc</span> <span class='ocrx_word' id='word_1_68' title='bbox 1172 1199 1316 1236; x_wconf 86' lang='lat' dir='ltr'>consti·</span> 
     </span>
     <span class='ocr_line' id='line_1_13' title="bbox 203 1267 1314 1315; baseline 0.002 -13"><span class='ocrx_word' id='word_1_69' title='bbox 203 1267 402 1313; x_wconf 84' lang='lat' dir='ltr'>tuendam,</span> <span class='ocrx_word' id='word_1_70' title='bbox 450 1268 568 1304; x_wconf 89' lang='lat' dir='ltr'>varias</span> <span class='ocrx_word' id='word_1_71' title='bbox 608 1268 687 1305; x_wconf 89' lang='lat' dir='ltr'>vias</span> <span class='ocrx_word' id='word_1_72' title='bbox 726 1267 867 1315; x_wconf 88' lang='lat' dir='ltr'>iniere,</span> <span class='ocrx_word' id='word_1_73' title='bbox 906 1268 1032 1305; x_wconf 84' lang='lat' dir='ltr'>irritos</span> <span class='ocrx_word' id='word_1_74' title='bbox 1071 1267 1218 1314; x_wconf 75' lang='lat' dir='ltr'>fuisse,</span> <span class='ocrx_word' id='word_1_75' title='bbox 1245 1277 1314 1305; x_wconf 90' lang='lat' dir='ltr'>nec</span> 
     </span>
     <span class='ocr_line' id='line_1_14' title="bbox 202 1336 1311 1386; baseline 0.004 -14"><span class='ocrx_word' id='word_1_76' title='bbox 202 1336 371 1383; x_wconf 79' lang='lat' dir='ltr'>homini,</span> <span class='ocrx_word' id='word_1_77' title='bbox 390 1336 458 1374; x_wconf 87' lang='lat' dir='ltr'>rite</span> <span class='ocrx_word' id='word_1_78' title='bbox 479 1338 708 1384; x_wconf 87' lang='lat' dir='ltr'>populorum</span> <span class='ocrx_word' id='word_1_79' title='bbox 736 1338 896 1375; x_wconf 90' lang='lat' dir='ltr'>rationes</span> <span class='ocrx_word' id='word_1_80' title='bbox 926 1349 1131 1386; x_wconf 83' lang='lat' dir='ltr'>eorumque</span> <span class='ocrx_word' id='word_1_81' title='bbox 1149 1337 1311 1376; x_wconf 85' lang='lat' dir='ltr'>indolem</span> 
     </span>
     <span class='ocr_line' id='line_1_15' title="bbox 201 1405 882 1456; baseline 0.006 -14"><span class='ocrx_word' id='word_1_82' title='bbox 201 1405 475 1453; x_wconf 80' lang='lat' dir='ltr'>consideranti,</span> <span class='ocrx_word' id='word_1_83' title='bbox 507 1407 659 1455; x_wconf 85' lang='lat' dir='ltr'>probari</span> <span class='ocrx_word' id='word_1_84' title='bbox 696 1407 882 1456; x_wconf 90' lang='lat' dir='ltr'>potuisse.</span> 
     </span>
    </p>

    <p class='ocr_par' dir='ltr' id='par_1_6' title="bbox 199 1477 1314 1735">
     <span class='ocr_line' id='line_1_16' title="bbox 251 1477 1314 1529; baseline 0.001 -14"><span class='ocrx_word' id='word_1_85' title='bbox 251 1477 408 1515; x_wconf 84' lang='lat' dir='ltr'>Etiamsi</span> <span class='ocrx_word' id='word_1_86' title='bbox 442 1478 666 1527; x_wconf 79' lang='lat' dir='ltr'>Philosophi</span> <span class='ocrx_word' id='word_1_87' title='bbox 695 1481 820 1527; x_wconf 89' lang='lat' dir='ltr'>plures</span> <span class='ocrx_word' id='word_1_88' title='bbox 857 1479 943 1517; x_wconf 85' lang='lat' dir='ltr'>alias</span> <span class='ocrx_word' id='word_1_89' title='bbox 969 1479 1080 1529; x_wconf 86' lang='lat' dir='ltr'>hujus</span> <span class='ocrx_word' id='word_1_90' title='bbox 1103 1479 1203 1527; x_wconf 80' lang='lat' dir='ltr'>pacis</span> <span class='ocrx_word' id='word_1_91' title='bbox 1231 1489 1314 1527; x_wconf 89' lang='lat' dir='ltr'>per-</span> 
     </span>
     <span class='ocr_line' id='line_1_17' title="bbox 201 1548 1313 1598; baseline 0.002 -14"><span class='ocrx_word' id='word_1_92' title='bbox 201 1555 333 1594; x_wconf 83' lang='lat' dir='ltr'>petuae</span> <span class='ocrx_word' id='word_1_93' title='bbox 365 1548 648 1587; x_wconf 88' lang='lat' dir='ltr'>constituendae</span> <span class='ocrx_word' id='word_1_94' title='bbox 689 1550 850 1588; x_wconf 85' lang='lat' dir='ltr'>rationes</span> <span class='ocrx_word' id='word_1_95' title='bbox 885 1549 1164 1598; x_wconf 81' lang='lat' dir='ltr'>excogitarint,</span> <span class='ocrx_word' id='word_1_96' title='bbox 1190 1557 1313 1586; x_wconf 85' lang='lat' dir='ltr'>tamen</span> 
     </span>
     <span class='ocr_line' id='line_1_18' title="bbox 199 1617 1312 1668; baseline 0.003 -15"><span class='ocrx_word' id='word_1_97' title='bbox 199 1627 244 1653; x_wconf 82' lang='lat' dir='ltr'>ex</span> <span class='ocrx_word' id='word_1_98' title='bbox 270 1617 338 1654; x_wconf 84' lang='lat' dir='ltr'>hac</span> <span class='ocrx_word' id='word_1_99' title='bbox 361 1617 600 1665; x_wconf 87' lang='lat' dir='ltr'>potissimum</span> <span class='ocrx_word' id='word_1_100' title='bbox 617 1619 763 1667; x_wconf 81' lang='lat' dir='ltr'>triplice</span> <span class='ocrx_word' id='word_1_101' title='bbox 785 1620 927 1658; x_wconf 84' lang='lat' dir='ltr'>ratione</span> <span class='ocrx_word' id='word_1_102' title='bbox 947 1631 1074 1668; x_wconf 89' lang='lat' dir='ltr'>pacem</span> <span class='ocrx_word' id='word_1_103' title='bbox 1096 1626 1312 1668; x_wconf 88' lang='lat' dir='ltr'>perpetuam</span> 
     </span>
     <span class='ocr_line' id='line_1_19' title="bbox 203 1687 785 1735; baseline 0.009 -12"><span class='ocrx_word' id='word_1_104' title='bbox 203 1687 418 1735; x_wconf 84' lang='lat' dir='ltr'>sperandam</span> <span class='ocrx_word' id='word_1_105' title='bbox 445 1698 528 1726; x_wconf 87' lang='lat' dir='ltr'>esse</span> <span class='ocrx_word' id='word_1_106' title='bbox 565 1700 785 1728; x_wconf 85' lang='lat' dir='ltr'>censemus:</span> 
     </span>
    </p>

    <p class='ocr_par' dir='ltr' id='par_1_7' title="bbox 198 1758 1315 2089">
     <span class='ocr_line' id='line_1_20' title="bbox 256 1758 1313 1808; baseline 0.002 -12"><span class='ocrx_word' id='word_1_107' title='bbox 256 1771 287 1798; x_wconf 89' lang='lat'>1.</span> <span class='ocrx_word' id='word_1_108' title='bbox 317 1758 356 1796; x_wconf 89' lang='lat' dir='ltr'>Si</span> <span class='ocrx_word' id='word_1_109' title='bbox 391 1759 517 1796; x_wconf 80' lang='lat' dir='ltr'>cuncti</span> <span class='ocrx_word' id='word_1_110' title='bbox 555 1759 685 1807; x_wconf 87' lang='lat' dir='ltr'>populi</span> <span class='ocrx_word' id='word_1_111' title='bbox 719 1770 782 1798; x_wconf 84' lang='lat' dir='ltr'>aut</span> <span class='ocrx_word' id='word_1_112' title='bbox 819 1761 856 1798; x_wconf 93' lang='lat' dir='ltr'>in</span> <span class='ocrx_word' id='word_1_113' title='bbox 896 1772 1008 1799; x_wconf 88' lang='lat' dir='ltr'>unum</span> <span class='ocrx_word' id='word_1_114' title='bbox 1040 1762 1313 1808; x_wconf 87' lang='lat' dir='ltr'>coalescerent,</span> 
     </span>
     <span class='ocr_line' id='line_1_21' title="bbox 201 1829 1315 1887; baseline 0.003 -22"><span class='ocrx_word' id='word_1_115' title='bbox 201 1838 264 1866; x_wconf 84' lang='lat' dir='ltr'>aut</span> <span class='ocrx_word' id='word_1_116' title='bbox 296 1829 346 1866; x_wconf 90' lang='lat' dir='ltr'>ita</span> <span class='ocrx_word' id='word_1_117' title='bbox 373 1841 391 1866; x_wconf 92' lang='lat' dir='ltr'>a</span> <span class='ocrx_word' id='word_1_118' title='bbox 419 1840 459 1866; x_wconf 92' lang='lat' dir='ltr'>se</span> <span class='ocrx_word' id='word_1_119' title='bbox 498 1830 655 1868; x_wconf 89' lang='lat' dir='ltr'>invicem</span> <span class='ocrx_word' id='word_1_120' title='bbox 686 1839 968 1879; x_wconf 81' lang='lat' dir='ltr'>separarentur,</span> <span class='ocrx_word' id='word_1_121' title='bbox 1009 1842 1050 1868; x_wconf 89' lang='lat' dir='ltr'>ut</span> <span class='ocrx_word' id='word_1_122' title='bbox 1085 1833 1187 1887; x_wconf 82' lang='lat' dir='ltr'>nulla</span> <span class='ocrx_word' id='word_1_123' title='bbox 1216 1832 1315 1869; x_wconf 87' lang='lat' dir='ltr'>inter</span> 
     </span>
     <span class='ocr_line' id='line_1_22' title="bbox 202 1900 1312 1949; baseline 0.003 -13"><span class='ocrx_word' id='word_1_124' title='bbox 202 1911 266 1937; x_wconf 88' lang='lat' dir='ltr'>eos</span> <span class='ocrx_word' id='word_1_125' title='bbox 301 1900 540 1938; x_wconf 85' lang='lat' dir='ltr'>intercederet</span> <span class='ocrx_word' id='word_1_126' title='bbox 573 1902 837 1948; x_wconf 80' lang='lat' dir='ltr'>necessitudo,</span> <span class='ocrx_word' id='word_1_127' title='bbox 865 1910 976 1949; x_wconf 87' lang='lat' dir='ltr'>atque</span> <span class='ocrx_word' id='word_1_128' title='bbox 1006 1903 1096 1939; x_wconf 88' lang='lat' dir='ltr'>adeo</span> <span class='ocrx_word' id='word_1_129' title='bbox 1119 1913 1312 1949; x_wconf 88' lang='lat' dir='ltr'>nunquam</span> 
     </span>
     <span class='ocr_line' id='line_1_23' title="bbox 201 1970 1312 2020; baseline 0.004 -14"><span class='ocrx_word' id='word_1_130' title='bbox 201 1970 274 2008; x_wconf 73' lang='lat' dir='ltr'>uila</span> <span class='ocrx_word' id='word_1_131' title='bbox 300 1970 345 2007; x_wconf 83' lang='lat' dir='ltr'>de</span> <span class='ocrx_word' id='word_1_132' title='bbox 370 1971 599 2008; x_wconf 66' lang='lat' dir='ltr'>diversorum</span> <span class='ocrx_word' id='word_1_133' title='bbox 640 1973 865 2020; x_wconf 87' lang='lat' dir='ltr'>populorum</span> <span class='ocrx_word' id='word_1_134' title='bbox 903 1972 1108 2010; x_wconf 87' lang='lat' dir='ltr'>commodis</span> <span class='ocrx_word' id='word_1_135' title='bbox 1135 1972 1181 2010; x_wconf 90' lang='lat' dir='ltr'>lis</span> <span class='ocrx_word' id='word_1_136' title='bbox 1209 1984 1312 2010; x_wconf 83' lang='lat' dir='ltr'>exar-</span> 
     </span>
     <span class='ocr_line' id='line_1_24' title="bbox 198 2041 457 2089; baseline 0.004 -12"><span class='ocrx_word' id='word_1_137' title='bbox 198 2041 283 2078; x_wconf 80' lang='lat' dir='ltr'>dere</span> <span class='ocrx_word' id='word_1_138' title='bbox 313 2049 457 2089; x_wconf 79' lang='lat' dir='ltr'>posset.</span> 
     </span>
    </p>

    <p class='ocr_par' dir='ltr' id='par_1_8' title="bbox 201 2111 1312 2229">
     <span class='ocr_line' id='line_1_25' title="bbox 251 2111 1312 2160; baseline 0.002 -12"><span class='ocrx_word' id='word_1_139' title='bbox 251 2124 287 2148; x_wconf 85' lang='lat'>2.</span> <span class='ocrx_word' id='word_1_140' title='bbox 318 2111 358 2148; x_wconf 90' lang='lat' dir='ltr'>Si</span> <span class='ocrx_word' id='word_1_141' title='bbox 399 2111 443 2149; x_wconf 84' lang='lat' dir='ltr'>ad</span> <span class='ocrx_word' id='word_1_142' title='bbox 488 2122 600 2148; x_wconf 90' lang='lat' dir='ltr'>unum</span> <span class='ocrx_word' id='word_1_143' title='bbox 639 2122 767 2149; x_wconf 88' lang='lat' dir='ltr'>omnes</span> <span class='ocrx_word' id='word_1_144' title='bbox 808 2112 939 2160; x_wconf 89' lang='lat' dir='ltr'>populi</span> <span class='ocrx_word' id='word_1_145' title='bbox 984 2123 1065 2150; x_wconf 90' lang='lat' dir='ltr'>sese</span> <span class='ocrx_word' id='word_1_146' title='bbox 1100 2111 1312 2150; x_wconf 85' lang='lat' dir='ltr'>auctoritati</span> 
     </span>
     <span class='ocr_line' id='line_1_26' title="bbox 201 2180 1310 2229; baseline 0.002 -11"><span class='ocrx_word' id='word_1_147' title='bbox 201 2192 417 2229; x_wconf 79' lang='lat' dir='ltr'>supremae,</span> <span class='ocrx_word' id='word_1_148' title='bbox 445 2180 524 2219; x_wconf 87' lang='lat' dir='ltr'>sive</span> <span class='ocrx_word' id='word_1_149' title='bbox 556 2182 605 2219; x_wconf 86' lang='lat' dir='ltr'>sit</span> <span class='ocrx_word' id='word_1_150' title='bbox 638 2182 971 2229; x_wconf 84' lang='lat' dir='ltr'>Ecclesiasticum,</span> <span class='ocrx_word' id='word_1_151' title='bbox 1002 2181 1084 2220; x_wconf 88' lang='lat' dir='ltr'>sive</span> <span class='ocrx_word' id='word_1_152' title='bbox 1113 2182 1310 2220; x_wconf 87' lang='lat' dir='ltr'>Politicum</span> 
     </span>
    </p>
   </div>
   <div class='ocr_carea' id='block_1_6' title="bbox 197 2250 1317 2300">
    <p class='ocr_par' dir='ltr' id='par_1_9' title="bbox 197 2250 1317 2300">
     <span class='ocr_line' id='line_1_27' title="bbox 197 2250 1317 2300; baseline 0.003 -13"><span class='ocrx_word' id='word_1_153' title='bbox 197 2250 395 2289; x_wconf 79' lang='lat' dir='ltr'>concilium</span> <span class='ocrx_word' id='word_1_154' title='bbox 412 2279 424 2299; x_wconf 89' lang='lat'><strong>‚</strong></span> <span class='ocrx_word' id='word_1_155' title='bbox 454 2262 582 2289; x_wconf 88' lang='lat' dir='ltr'>omnes</span> <span class='ocrx_word' id='word_1_156' title='bbox 609 2253 772 2300; x_wconf 86' lang='lat' dir='ltr'>populos</span> <span class='ocrx_word' id='word_1_157' title='bbox 799 2252 960 2290; x_wconf 84' lang='lat' dir='ltr'>referens</span> <span class='ocrx_word' id='word_1_158' title='bbox 977 2280 990 2299; x_wconf 78' lang='lat'><strong>,</strong></span> <span class='ocrx_word' id='word_1_159' title='bbox 1018 2251 1317 2299; x_wconf 71' lang='lat' dir='ltr'>submitterent,</span> 
     </span>
    </p>
   </div>
   <div class='ocr_carea' id='block_1_7' title="bbox 1271 2329 1311 2359">
    <p class='ocr_par' dir='ltr' id='par_1_10' title="bbox 1271 2329 1311 2359">
     <span class='ocr_line' id='line_1_28' title="bbox 1271 2329 1311 2359; baseline -0.025 0"><span class='ocrx_word' id='word_1_160' title='bbox 1271 2329 1311 2359; x_wconf 81' lang='lat' dir='ltr'>Ut</span> 
     </span>
    </p>
   </div>
  </div>
 </body>
</html>
