1507 2876
355 201 956 243 THEOLOGICA.
1172 207 1216 247 ις

108 317 253 357 naviam
279 323 391 362 atque
430 311 617 361 pigritiam
655 311 752 359 (ι),
794 310 998 357 incitatque
1036 310 1126 347 adeo
1159 310 1227 347 ho-

108 387 227 426 mines
251 394 294 423 ut
315 382 482 428 ratione,
505 381 654 420 nonnisi
676 382 800 431 justa,
829 392 898 428 ea,
929 379 1070 428 quibus
1097 378 1224 418 felices

109 456 210 496 reddi
224 462 407 504 possent,
434 452 629 501 diligenter
654 463 696 489 ac
716 451 896 489 continuo
920 451 993 489 sibi
1016 450 1226 498 acquirant.

107 527 238 574 Itaque
261 524 435 573 quisquis
461 534 501 561 ea
517 551 531 571 ,
561 533 657 571 quae
680 531 819 560 nocent
840 530 902 560 aut
926 521 1098 560 nocitura
1116 531 1226 569 sunt,

112 606 191 635 non
212 595 373 635 declinet
391 593 626 643 depellatque
639 620 652 640 ‚
677 604 800 640 neque
821 605 860 630 se
876 604 1018 640 suaque
1038 602 1169 631 contra
1189 604 1229 631 ea

110 665 312 713 defendat,
339 664 491 703 minime
525 672 815 701 consentaneum
846 674 932 701 suae
961 664 1070 702 saluti
1095 674 1233 711 augen-

113 737 181 774 dae
213 734 318 785 agit,
359 746 484 782 neque
528 733 719 783 religionis
760 733 996 772 Christianae
1045 733 1236 772 doctrinae

117 805 271 844 obedire
304 804 378 842 dici
409 813 550 854 potest.
606 804 706 842 Hinc
740 804 896 843 efficitur
924 804 1074 842 minime
1103 804 1236 843 officiis

116 886 347 925 repugnare,
384 884 514 913 contra
548 885 638 913 vero
679 875 832 912 omnino
871 875 1090 923 convenire,
1133 877 1238 925 quod

115 945 287 983 homines
321 953 499 982 nocentes
531 955 552 981 a
587 942 699 980 nobis
736 943 989 981 dimoveamus
1030 944 1075 982 ab
1115 945 1237 993 iisque

116 1025 189 1052 nos
209 1023 406 1060 tueamur,
435 1026 476 1051 ac
498 1013 751 1052 defendamus.
794 1014 940 1052 Caritas
964 1024 1085 1053 autem
1108 1025 1241 1064 postu-

116 1086 168 1123 lat
201 1096 222 1123 a
253 1083 462 1123 levioribus
493 1085 538 1122 ad
571 1083 711 1122 seriora
736 1085 896 1123 remedia
919 1085 1121 1134 confugere
1147 1085 1241 1135 (Ξ).

106 1155 279 1208 ιΗοιιῑίῑιί
318 1155 458 1204 igitur,
504 1154 571 1203 qui
605 1166 677 1192 nos
717 1154 934 1203 adoriatur,
974 1157 1050 1194 imo
1077 1168 1148 1194 nos
1187 1157 1244 1196 in-

117 1225 301 1265 terfectos
343 1225 435 1264 velit
475 1234 688 1274 optetque,
728 1235 764 1264 et
798 1226 846 1264 ob
881 1236 1072 1274 nostram,
1117 1237 1153 1266 ct
1192 1228 1241 1266 ob

119 1296 348 1345 aggressoris
374 1296 489 1334 vitam
518 1297 835 1344 conservandam,
877 1296 1063 1347 effugere,
1089 1298 1121 1336 si
1153 1309 1244 1346 pos-

121 1367 268 1416 simus,
295 1375 447 1416 oportet
472 1367 555 1417 (3).
610 1367 675 1406 Sin
704 1367 854 1414 minus,
892 1368 1038 1406 hostem
1069 1368 1246 1408 inermem

125 1438 278 1477 reddere
309 1448 515 1485 conemur,
571 1448 648 1485 quo
679 1436 780 1476 facto
818 1448 968 1476 nostrae
1014 1440 1125 1478 salu-ti
1159 1451 1247 1488 pro·

125 1509 356 1558 spiciamus,
387 1520 428 1547 ac
461 1509 733 1558 impediamus,
760 1520 838 1556 quo
872 1509 996 1547 minus
1030 1511 1123 1547 male
1165 1520 1248 1559 agat

125 1590 323 1630 aggressor
349 1580 434 1629 (4).
489 1579 639 1629 Quodsi
671 1587 792 1617 autem
831 1579 906 1617 vim
938 1592 957 1617 a
990 1590 1125 1619 nostro
1150 1582 1251 1630 capi·

126 1660 164 1690 te
195 1661 273 1689 non
298 1651 520 1699 propulsare
556 1649 778 1698 possimus,
818 1650 891 1688 nisi
928 1652 1132 1699 agressoris
1173 1651 1250 1691 vita

130 1729 280 1769 erepta,
306 1720 398 1767 quid
435 1729 512 1758 tum
552 1718 760 1758 faciendum
789 1720 893 1769 (5)‘.2
921 1721 1023 1759 Raro
1051 1722 1082 1760 is
1116 1723 1255 1770 reperi-

1184 1803 1256 1843 tur,

169 1900 223 1936 (ι)
242 1900 332 1935 Quod
356 1897 462 1934 colligi
477 1905 581 1934 potest
606 1906 645 1928 ex
671 1899 802 1936 Philipp.
827 1901 880 1930 lv.
905 1911 936 1938 4.
962 1911 973 1931 1
995 1903 1103 1932 Thess.
1120 1903 1175 1934 IV.
1202 1912 1257 1941 ιι,

133 1963 178 1984 12.
203 1962 213 1984 1
232 1955 313 1985 Tim.
335 1957 387 1984 VI.
407 1959 435 1985 8.
451 1955 584 1990 aliisque
601 1956 691 1985 locis.

169 2013 222 2050 (2)
243 2012 338 2047 Conf.
355 2014 466 2042 Matth.
491 2017 536 2042 18.
559 2020 669 2047 15-17

171 2070 224 2107 (3)
244 2072 331 2108 Jesns
351 2079 381 2098 et
400 2070 542 2105 Apostoli
559 2072 615 2099 hac
631 2070 662 2099 in
680 2079 712 2099 re
731 2071 820 2100 nobis
842 2079 911 2100 sunt
937 2075 1182 2111 exemp1a=Joh.
1205 2076 1254 2104 Xl.

139 2135 194 2162 53,
217 2117 266 2166 54.v
286 2129 397 2156 lVIatth.
421 2129 457 2156 X.
482 2136 531 2162 23.
558 2129 628 2156 Act.
649 2129 713 2157 XX.
739 2138 769 2158 1.

174 2183 227 2222 (4)
251 2185 319 2216 Vid.
341 2184 536 2218 Grotius,
559 2185 593 2212 de
609 2186 647 2222 J.
670 2185 710 2214 B.
730 2193 762 2214 et
784 2188 848 2221 P.,
869 2188 924 2216 lib.
947 2188 985 2216 11.
1011 2189 1086 2217 c.1.
1103 2190 1132 2218 ⁶.
1152 2198 1189 2225 4,
1210 2200 1238 2219 ε.

175 2242 227 2280 (5)
250 2244 331 2271 Male
350 2243 442 2270 vertit
464 2244 595 2278 vulgata
616 2245 717 2271 versio
744 2244 828 2273 Pauli
847 2245 940 2274 verba
961 2245 1066 2278 (Rom.
1094 2246 1167 2274 ΧΠ.
1198 2246 1259 2283 19.)

145 2300 188 2338 μὴ
217 2296 362 2335 {ava-osae
391 2295 607 2335 ἐκὲικοῦντες
636 2309 691 2336 per
718 2311 774 2329 non
801 2310 912 2331 vomu
941 2305 1019 2339 [ptos
1054 2304 1261 2341 dafendmtes.

1195 2363 1258 2390 Hac
