1502 2767
230 179 304 215 206
465 176 1127 217 COMMENTATIO

230 285 343 331 dant,
372 297 416 324 an
459 286 496 323 hi
535 285 634 334 illis3
663 286 753 334 alii,
781 287 972 326 hominum
996 287 1041 325 de
1081 288 1181 327 bello
1206 299 1342 337 gerun-

229 355 277 392 do
329 356 530 393 sententias
570 357 778 395 emendatas
828 355 904 395 fere
949 367 1111 406 negant,
1165 358 1342 407 quamdiu

224 436 302 463 non
336 426 458 463 omnia
491 426 680 464 immutata
715 425 866 474 vident3
897 429 1088 476 postulant
1120 427 1185 476 hi,
1215 437 1259 467 ut
1293 440 1340 467 ne

225 495 477 544 suscipiantur
507 495 665 544 amplius
693 495 787 534 bella
816 497 1046 545 eademque,
1087 498 1120 536 si
1147 498 1222 546 ipsi
1253 509 1339 537 cau·

224 577 316 610 sas,
368 559 417 603 ob
462 577 554 614 quas
605 566 885 614 suscipiantur,
935 579 1012 605 non
1055 576 1218 616 possunt
1259 579 1338 607 non

222 635 562 683 approbare,nulla
593 636 811 674 crudelitate
832 637 893 674 vel
911 637 1064 676 saevitia
1083 647 1337 685 gerantur.—

219 706 278 745 Illi
303 714 426 743 utrum
454 707 549 744 viam
578 715 714 744 rectam
740 706 993 755 ingrediantur
1011 735 1024 752 ,
1051 709 1126 754 qua
1149 707 1188 745 in
1216 708 1337 746 homi-

220 788 309 816 num
337 777 382 814 de
415 777 513 814 bello
549 778 714 825 gerundo
743 777 1007 815 sententiarum
1045 778 1335 816 emendationem

221 844 481 894 inquirendum
509 857 596 894 est,
618 848 766 886 dubito.
807 848 859 886 Hi
897 856 1032 886 temere
1062 855 1099 885 et
1124 848 1254 895 inique
1285 847 1338 885 is-

220 917 424 965 tiusmodi,
466 929 560 964 quae
586 917 649 954 vix
688 917 780 955 effici
806 926 1006 966 poterunt,
1046 919 1255 966 postulant.
1281 937 1335 947 ·-

219 988 363 1026 Bellum
417 988 511 1025 enim
549 998 626 1025 non
661 997 788 1035 potest
821 999 898 1025 non
933 989 1105 1034 caedem,
1143 987 1334 1036 rapinam,

220 1057 421 1105 omniaque
460 1059 553 1095 mala
605 1069 730 1095 secum
773 1058 918 1098 ducere.
982 1057 1082 1097 Cum
1121 1057 1196 1095 duo
1232 1068 1334 1095 exer-

216 1127 314 1165 citus
346 1126 474 1164 hostiii
510 1126 633 1165 animo
668 1127 740 1164 sibi
777 1126 947 1175 oppositi
985 1127 1089 1174 sint,
1136 1128 1242 1166 aliter
1267 1127 1332 1166 fie-

218 1198 250 1235 ri
276 1208 352 1235 non
390 1205 543 1245 potest,
586 1208 695 1245 quam
737 1205 781 1234 ut
815 1205 974 1244 uterque
1006 1195 1184 1234 victoriae
1227 1197 1334 1246 cupi·

216 1268 286 1304 dus
325 1266 477 1303 alterius
522 1265 618 1304 cladi
652 1265 783 1303 inhiet.
859 1265 946 1303 Hoc
984 1265 1049 1312 qui
1083 1274 1226 1302 mutare
1268 1275 1333 1303 ve-

214 1336 257 1373 lit
273 1365 286 1382 ‚
329 1336 451 1383 ipsum
476 1335 614 1372 bellum
639 1335 746 1372 tollat
769 1343 947 1383 oportet3
977 1335 1170 1373 exsistunt
1190 1343 1334 1383 praete·

215 1418 275 1444 rea
306 1407 394 1443 taies
425 1405 462 1441 in
498 1405 597 1441 bello
638 1415 745 1441 casus
764 1431 776 1450 ‚
807 1411 848 1440 ut
887 1403 1043 1451 plures,
1071 1402 1204 1451 optimi
1238 1413 1334 1450 quo-

214 1489 287 1525 que
313 1475 511 1521 homines,
548 1475 624 1511 vim
660 1474 699 1511 in
734 1473 828 1511 alios
863 1473 1035 1511 adhibere
1074 1483 1217 1521 eosque
1248 1473 1334 1512 vul-

213 1559 340 1587 nerare
383 1555 418 1583 et
461 1556 590 1582 necare
629 1544 738 1581 inviti
764 1553 960 1591 cogantur.
1028 1542 1130 1592 Quid
1163 1542 1328 1589 mirum,

215 1630 331 1667 quum
355 1617 420 1665 qui
449 1616 587 1653 bellum
615 1623 777 1663 gerunt,
815 1613 929 1662 vulgo
962 1612 1133 1650 homines
1165 1612 1242 1650 sint
1270 1613 1330 1661 ju·
1380 1612 1383 1613 ⁷

212 1690 329 1729 nioris
367 1688 496 1726 aetatis
536 1696 571 1723 et
606 1685 804 1723 vividioris
849 1683 1017 1729 indolis,
1066 1682 1138 1720 hos
1179 1681 1218 1720 in
1266 1682 1330 1719 tali

213 1771 333 1798 rerum
358 1769 445 1795 casu
473 1753 737 1793 moderationis
759 1753 850 1790 fines
873 1751 1027 1800 migrare
1052 1761 1119 1789 nec
1145 1749 1258 1788 animi
1275 1747 1330 1787 af-

212 1830 373 1869 fectibus
408 1837 553 1874 semper
588 1822 822 1872 temperare?
850 1822 977 1870 Ipsum
1006 1821 1144 1858 bellum
1184 1829 1221 1857 et
1260 1820 1329 1857 ho-

214 1904 354 1940 minum
380 1899 418 1935 in
438 1908 481 1934 eo
508 1894 655 1933 vivendi
678 1895 771 1930 ratio
798 1903 921 1930 secum
949 1890 1075 1928 ferunt
1098 1890 1208 1937 talia,
1233 1901 1328 1937 quae

207 1971 264 2010 illi
287 1969 384 2017 ipsi,
412 1966 477 2014 qui
501 1965 636 2002 bellum
665 1971 821 2010 gerunt,
845 1970 946 1998 extra
974 1962 1112 1998 bellum
1139 1971 1218 1997 non
1241 1969 1327 2007 age·

208 2048 290 2079 rent
318 2066 331 2085 ,
392 2047 460 2075 nec
498 2034 715 2082 probarent.
792 2031 974 2069 Homines
1020 2029 1173 2079 optimis
1224 2029 1327 2067 ducti

209 2107 416 2147 rationibus
439 2114 476 2142 et
509 2115 594 2142 vera
622 2103 757 2140 virtute
789 2101 1004 2140 Christiana
1038 2100 1157 2137 ornati
1179 2099 1219 2136 in
1247 2099 1324 2136 bel-

207 2184 246 2219 lo
272 2187 541 2225 nonnunquam
574 2172 770 2211 affectibus
807 2171 925 2218 abripi
960 2178 996 2207 et
1025 2170 1207 2207 violenter
1241 2179 1328 2216 age-

209 2263 247 2290 re
280 2257 454 2299 possunt.
520 2246 759 2296 Quapropter
793 2240 984 2278 hominum
1026 2242 1064 2276 in
1104 2239 1188 2287 ipso
1225 2238 1324 2276 bello

1266 2319 1326 2356 ge·
