1502 2767
384 165 977 206 THEOLoorcm
1186 177 1236 214 ῃ

133 278 207 318 silii
225 278 305 327 ejus
318 305 333 326 ‚
346 277 391 316 de
405 287 482 326 quo
504 277 618 316 modo
645 276 787 324 egimus
801 303 814 325 ‚
828 274 1006 314 rationem
1021 272 1153 317 habeas
1168 301 1181 322 ,
1197 272 1236 311 id

130 348 347 395 constabit,
384 347 600 396 religionem
623 346 871 386 Christianam
903 355 1135 392 nequaquam
1158 354 1242 382 sese

132 418 243 457 nobis
256 429 463 467 opponere,
480 429 605 456 verum
620 427 776 466 prorsus
788 415 898 454 nobis
911 415 1128 463 adstipulari
1139 425 1154 461 3
1166 414 1242 452 hoe

138 497 281 535 tantum
302 487 514 527 discrimine
529 516 541 535 ,
556 496 598 525 ut
611 515 623 534 ,
643 499 711 536 pro
724 487 848 525 indole
866 487 944 536 ejus
969 485 1127 532 morali,
1154 483 1247 523 civi-

137 566 255 598 tatum
275 558 473 598 consilium
501 559 639 596 morale
664 569 816 606 quoque
840 555 967 595 haberi
979 555 1084 594 velit.
1109 575 1168 585 —-
1186 553 1251 605 Je-

137 641 202 668 sus
240 629 416 669 Christus
449 628 544 666 enirn
570 627 722 675 patriam
751 638 855 665 suam
879 638 964 674 prae
989 625 1142 673 reliquis
1170 635 1252 662 om-

140 700 254 739 nibus
279 699 496 748 regionibus
518 699 670 746 dilexit,
697 697 787 747 quin
802 705 884 739 toto
900 708 971 736 suo
991 696 1163 744 exemplo
1186 695 1254 732 do·

143 770 270 809 cuisse
293 770 405 808 nobis
429 770 576 808 videtur
594 797 608 818 ,
629 780 787 807 amorem
811 779 896 817 erga
940 777 1070 805 omnes
1098 773 1264 814 praesta-⁷

144 840 176 878 ri
209 852 287 879 non
313 852 426 889 posse
442 869 456 888 ,
482 841 553 879 nisi
580 840 665 888 quis
700 839 839 888 patriae
870 849 960 876 suae
986 847 1112 875 amore
1133 844 1258 874 tenea-

143 919 207 949 tur
230 911 465 959 integerrimo
487 909 580 959 (1);
605 928 664 937 —
693 918 835 959 gratum
863 908 1025 946 animum
1060 918 1131 955 pro
1155 917 1261 954 prae·

149 981 247 1020 stitis
268 980 459 1019 beneficiis
483 980 742 1029 praestandum
758 990 867 1026 esse,
886 978 1018 1026 quavis
1040 976 1173 1025 pagina
1193 976 1263 1014 do-

150 1060 282 1099 cetur-3
297 1051 417 1089 virtus
434 1050 528 1088 enim
542 1049 755 1089 Christiana
766 1049 820 1087 nil
834 1055 891 1087 est
908 1048 1008 1087 aliud
1024 1076 1037 1095 ‚
1050 1058 1160 1096 quam
1181 1058 1265 1095 gra-

151 1129 215 1160 tus
243 1120 386 1159 animus
402 1149 416 1168 ,
443 1122 506 1168 qui
534 1130 618 1158 sese
641 1120 776 1159 exserit
802 1119 841 1156 in
866 1118 1062 1157 sententiis
1085 1144 1100 1164 ‚
1119 1125 1263 1166 gratum

155 1191 316 1229 animum
342 1190 565 1228 testantibus
588 1201 674 1239 erga
699 1191 820 1229 Deum
840 1198 875 1228 et
893 1189 1021 1239 Jesum
1040 1187 1236 1228 Christum
1250 1214 1267 1235 ,

155 1260 359 1309 studioque
381 1260 540 1299 Numini
568 1271 772 1309 supremo,
812 1260 877 1308 qui
904 1259 1048 1309 primus
1074 1270 1139 1297 eos
1174 1259 1277 1297 adeo(

153 1330 315 1379 dilexit,
342 1331 510 1380 placendi
537 1332 693 1380 eJ'usque
722 1330 909 1370 voluntati
929 1329 1178 1377 obsequendi.

212 1401 421 1451 Religionis
444 1401 681 1440 Christianae
712 1400 879 1440 doctrina
902 1411 982 1440 non
1008 1408 1152 1438 tantum
1177 1398 1271 1438 civi-

166 1480 282 1511 tatum
311 1472 468 1510 formam
488 1471 689 1520 probavit,
717 1481 760 1509 ut
786 1471 916 1509 deinde
941 1469 1150 1508 videbimus
1166 1497 1179 1516 ‚
1207 1469 1275 1507 sed

165 1542 316 1590 gravius
363 1549 402 1579 et
445 1540 609 1579 sanctius
644 1541 725 1590 ejus
766 1539 966 1578 consilium
1000 1550 1084 1578 esse
1121 1538 1272 1587 voluit3

161 1622 322 1660 nempe,
353 1611 464 1661 Jesus
506 1611 709 1658 Christus,
761 1612 831 1649 sua
869 1609 1060 1659 religionis
1105 1608 1277 1647 doctrina

166 1681 338 1719 homines
364 1693 449 1719 vere
475 1691 639 1719 moratos
671 1681 820 1718 reddere
837 1708 850 1728 ‚
878 1688 914 1718 et
943 1688 986 1718 ut
1013 1679 1214 1727 beatitate,
1235 1691 1281 1717 ex

175 1751 383 1788 moralitate
420 1751 657 1799 profluente,
697 1750 773 1789 frui
804 1759 960 1799 possent
982 1778 995 1798 ,
1024 1751 1177 1788 educare
1214 1761 1281 1788 cu·

166 1820 299 1869 piens,
329 1832 442 1867 quum
475 1821 668 1859 civitatum
693 1820 847 1859 formam
871 1821 1073 1870 probaret,
1098 1830 1175 1860 non
1211 1831 1282 1870 po·-

168 1889 240 1928 tuit
274 1901 352 1928 non
388 1891 486 1928 hunc
515 1891 625 1929 finem
669 1892 844 1929 moralem
880 1891 1096 1940 intendere,
1133 1900 1176 1930 ut
1206 1890 1283 1940 ipsi

1213 1962 1281 2000 hac

213 2063 265 2099 (ι)
285 2063 346 2099 Qui
362 2063 474 2099 patriae
499 2065 624 2093 salutem
651 2072 712 2093 non
734 2064 817 2093 omni
840 2063 957 2093 ratione
980 2071 1163 2100 promovere
1180 2063 1286 2100 cupit,

176 2117 251 2154 ipsis
268 2127 388 2148 naturae
404 2120 534 2150 hominis
557 2120 655 2150 insitis
675 2121 792 2157 legibus
815 2121 940 2152 resistit.
982 2122 1111 2151 Infames
1134 2129 1202 2150 sunt
1228 2122 1290 2150 hoc

177 2185 299 2212 nomine
323 2185 497 2215 Alcibiades
523 2194 553 2214 et
576 2187 770 2218 Coriolanus.
796 2188 864 2217 Cfr.
884 2188 1130 2217 Plutarchus
1148 2185 1179 2216 in
1194 2181 1290 2224 Σύγ-

180 2254 265 2284 κριιη
284 2245 364 2275 Vitis
388 2256 493 2279 eorum
512 2247 659 2281 subjecta.
