1507 2876
324 206 938 262 ,THEOLOGICQ
1149 222 1201 263 35

85 321 164 360 lum
201 318 364 368 principi
399 318 633 359 interdictum
660 330 741 360 esse
765 331 884 370 posse
907 321 992 370 (1).
1043 319 1199 375 Monito

90 397 212 428 tamen
223 389 376 428 Paulino
391 417 404 437 ,
418 389 624 428 accuratius
645 390 901 438 considerato,
922 397 1023 428 tanta
1039 390 1097 428 vis
1121 399 1200 428 non

88 459 201 499 insita
229 459 399 507 videtur,
426 471 648 508 quamquam
683 472 760 499 non
792 461 914 499 omnis
941 460 1052 499 desit.
1128 461 1201 499 1110

85 537 257 580 tempore
292 529 400 568 facile
436 529 643 568 Christiani
688 530 877 570 turbarum
895 560 908 580 ,
948 542 1041 580 quas
1070 530 1202 580 Judaei

88 600 248 639 excitare
270 599 679 649 solebant,participes
709 612 790 640 esse
804 601 1091 641 criminabantur
1116 601 1203 651 (2).

92 669 151 709 Ut
184 678 305 709 autem
331 670 418 708 haec
453 670 578 708 minus
607 670 813 720 cogitarent
842 671 1098 710 Romanorum
1131 683 1208 710 ma-

92 738 298 788 gistratus,
350 751 479 789 preces
521 739 674 778 omnino
707 753 777 790 pro
817 742 891 790 iis,
944 742 1082 790 quibus
1117 742 1209 780 obe-

94 810 268 850 diendum
295 810 391 860 (3),
419 809 663 849 effundendae
693 819 824 858 erant,
853 822 930 859 quo
970 811 1070 850 facto
1105 811 1210 851 veni-

95 889 179 919 rent
206 884 257 927 εἷς
285 883 474 929 ἐπίγνωσιν
499 882 669 927 ἀληθείαις
698 880 797 931 (4),
832 881 992 929 ideoque
1026 881 1212 920 Christia-

95 951 155 990 nis
175 950 342 990 faverent
361 962 403 988 ac
425 961 491 988 eos
514 950 766 988 defenderent.
795 950 926 1000 Itaque
943 960 1070 990 monet
1083 951 1212 1001 Apos-

96 1022 227 1060 tolus:
258 1048 284 1069 „
308 1031 380 1069 pro
406 1020 451 1058 iis
472 1019 702 1068 precemini,
736 1032 813 1069 quo
836 1020 937 1060 facto
968 1022 1118 1061 tuti·ab
1155 1023 1214 1061 in·

100 1090 246 1140 „juria
286 1101 322 1128 et
361 1079 624 1140 persecutione
670 1090 837 1138 vivatis,
889 1092 1090 1130 dummodo
1135 1093 1214 1142 pie-

100 1187 128 1210 „
152 1159 221 1198 tati
247 1171 288 1199 ac
317 1160 503 1199 honestati
525 1160 707 1199 studeatis
739 1160 767 1178 '⁹
801 1162 885 1210 (5).
939 1161 1104 1200 Tantum
1145 1161 1216 1211 igi-

98 1237 182 1278 tur,
213 1230 317 1279 quod
341 1230 698 1280 nostroproposito
731 1232 961 1280 prodesset,
988 1232 1119 1271 deduci
1145 1245 1216 1282 po-

96 1308 213 1348 test‚.
224 1299 368 1349 probos
400 1299 447 1338 ab
481 1300 615 1350 inJ‘uria
643 1312 684 1339 ac
709 1303 973 1350 persecutione
1013 1310 1117 1341 tutos
1153 1304 1217 1342 de-

97 1357 187 1409 bete
225 1381 319 1409 esse.
359 1396 432 1406 —v
461 1362 584 1420 Cujus
626 1371 742 1420 igitur
777 1371 815 1409 id
859 1363 1094 1420 consequens
1131 1382 1212 1412 est:

97 1439 132 1477 si
161 1439 398 1488 magistratus
429 1451 494 1478 eos
533 1440 730 1484 defendere
761 1443 891 1481 debeat
928 1453 949 1480 a
982 1443 1107 1492 pravis
1139 1445 1208 1482 ho-

100 1509 288 1566 minibus,
326 1520 402 1548 non
436 1510 542 1549 aliter
576 1510 657 1549 fieri
691 1523 833 1568 posse,
872 1512 963 1561 quin
1003 1513 1065 1552 ille
1109 1515 1217 1553 etiam

103 1591 168 1619 eos
204 1579 376 1619 defendat
403 1580 449 1618 ab
479 1581 613 1620 exteris
636 1581 840 1636 hostibus.

1117 1655 1218 1693 Haec

140 1760 196 1799 (ι)
215 1781 240 1798 ,.
261 1762 412 1791 Orandum
434 1769 501 1800 est,
523 1769 559 1792 ut
586 1762 644 1792 tuti
660 1763 799 1793 vivamus
823 1772 839 1793 a
867 1764 1062 1793 barbarorum
1086 1765 1219 1795 invasio-

103 1827 144 1848 ne
170 1826 203 1848 et
223 1827 239 1848 a
262 1817 467 1848 latronibus.”
504 1820 549 1848 Ita
573 1819 765 1856 Grotius,
785 1821 822 1849 ad
847 1822 875 1850 h,
897 1822 920 1849 1.
934 1841 943 1855 ,
973 1821 1024 1849 cui
1053 1821 1220 1851 assentiunt

101 1877 293 1912 Witsius,
314 1876 346 1905 in
364 1877 660 1918 Exercitationtbqas
688 1863 851 1908 ad'Orat.
880 1877 1028 1913 namin„
1048 1886 1079 1914 p.
1104 1886 1168 1917 ¹⁴4·
1191 1886 1222 1907 et

104 1935 258 1974 Iaspis.
280 1934 312 1962 in
329 1933 473 1963 versione
499 1934 603 1963 Latina
628 1935 663 1964 ad
688 1936 719 1963 h.
743 1936 767 1965 1.

143 1991 198 2028 (α)
218 1993 310 2023 conf.
329 1992 441 2027 Heyd
457 1991 644 2028 enreich‚
663 1992 704 2020 ad
721 1992 752 2021 h.
776 1993 800 2022 1.

140 2049 197 2087 (3)
217 2050 308 2078 Rom.
332 2051 413 2080 xm.
436 2058 466 2080 ι.

143 2106 195 2147 (4)
215 2109 239 2137 E
264 2114 407 2137 contexta
430 2106 570 2137 oratione
599 2107 657 2136 tale
681 2105 778 2136 fuisse
795 2113 920 2143 precum
948 2105 1111 2135 consilium
1137 2105 1224 2137 vide·

107 2171 167 2196 tur.
192 2164 287 2195 conf.
310 2164 436 2200 Flatt,
458 2166 494 2193 ad
521 2165 552 2194 h.
579 2165 604 2193 l.

145 2222 201 2261 (5)
220 2222 280 2254 cff.
310 2223 351 2253 cl.
388 2230 463 2252 van
502 2223 571 2251 der
602 2222 726 2258 Palm,
765 2220 797 2249 in
829 2219 910 2249 Bibl.
949 2221 984 2249 ad
1008 2221 1038 2250 h.
1073 2221 1097 2249 l.
1133 2226 1223 2255 atque

112 2278 226 2309 Flatt.
997 2275 1001 2280 '

628 2360 714 2400 Ca
