1564 2750
68 222 168 259 sectio
179 223 227 250 ΠΙ.
239 218 266 259 ς.
278 231 305 250 2.

322 164 408 202 126,
530 157 1192 199 COMMENTATIO

318 270 417 308 nasci
449 268 571 318 possit
605 268 747 316 gloria:
779 277 987 316 praeterea,
1021 280 1136 315 quum
1168 280 1245 307 non
1285 277 1426 310 tantum

319 340 485 385 milites,
522 339 566 376 de
593 338 745 386 publico
781 338 1007 385 stipendium
1037 338 1270 387 acciperent,
1296 351 1426 379 verum

319 410 426 447 etiam
459 420 568 446 omne
597 419 712 456 genus
742 408 901 446 artifices
933 420 977 446 ex
999 408 1136 446 aerario
1163 409 1424 458 compendium

319 479 506 526 facerent,
559 479 790 528 publicarum
833 480 1071 528 pecuniarum
1117 479 1286 527 singulos
1326 480 1428 518 cives

321 561 402 588 esse
427 549 640 598 participes.
672 577 696 596 „
722 549 825 598 Quin
840 550 881 596 ‚²²
909 550 1056 597 inquit,
1087 577 1112 596 ,‚
1136 561 1213 588 non
1237 549 1347 589 vobis
1363 550 1428 589 sed

325 647 348 668 „
374 619 464 657 mihi
498 618 663 657 referatis
700 630 928 667 expensum3
957 629 1071 668 atque
1100 631 1169 669 ego
1205 632 1325 660 meum
1359 629 1430 660 noi·

323 718 348 736 ‚‚
374 701 456 727 men
478 690 536 727 his
569 691 817 728 monumentis
844 690 1055 729 inscribam.
1072 690 1098 707 ”
1132 691 1246 742 Quod
1269 688 1430 730 fortasse

321 767 399 797 tota
433 759 600 797 defensio
641 760 780 798 efficere
821 771 896 798 non
928 761 1138 809 potuisset,
1179 762 1250 800 hoc
1291 763 1431 801 dictum

295 869 298 873 ,
321 830 460 869 effecit.
496 831 670 878 Namque
691 832 939 869 Athenienses
967 843 1073 880 aegre
1096 832 1276 880 ferentes,
1305 844 1386 871 sese
1411 846 1432 872 a

322 903 465 950 privato
487 902 637 940 homine
665 911 986 940 monumentorum
1005 902 1122 950 gloria
1145 904 1336 952 superari,
1361 915 1435 942 una

322 984 414 1012 voce
449 974 720 1010 exclamarunt:
767 999 790 1019 „
817 983 947 1021 eroges
984 980 1161 1020 quantum
1191 973 1315 1021 velis,
1350 974 1434 1012 nul-

327 1070 351 1090 „
377 1043 500 1091 lisque
533 1054 659 1090 parcas
696 1042 875 1090 impensis
899 1042 924 1059 ’⁹
948 1042 1032 1091 (1).

373 1114 453 1160 Ac,
476 1124 592 1159 quum
618 1113 763 1150 tandem
787 1113 923 1150 bellum
951 1111 1305 1160 Peloponnesiacum
1327 1123 1436 1151 exor-

325 1192 406 1220 tum
445 1192 566 1229 esset,
595 1183 790 1231 apparuit,
821 1195 898 1221 non
935 1182 1117 1221 immerito
1156 1183 1286 1221 Pericli
1323 1183 1434 1221 fidem

326 1252 446 1291 fu-isse
468 1253 659 1291 tributam.
699 1253 863 1290 Maxima
891 1264 983 1299 quae
1006 1253 1044 1289 in
1069 1253 1206 1289 aerario
1227 1251 1348 1290 fuerat
1380 1263 1437 1291 ar-

327 1323 428 1370 genti
451 1323 586 1370 copia,
623 1323 669 1359 ad
702 1323 826 1360 decem
861 1321 939 1360 fere
974 1322 1084 1360 millia
1117 1323 1297 1361 talentum
1327 1322 1438 1361 aesti-

326 1401 420 1429 mata
453 1391 587 1430 fuerat.
639 1389 699 1429 Ex
726 1391 785 1430 his
817 1392 938 1430 adhuc
964 1403 1030 1430 sex
1053 1391 1165 1430 millia
1189 1401 1432 1442 supererant3

324 1467 406 1495 nam
443 1456 481 1494 in
528 1457 731 1504 Propylaea
777 1457 846 1505 (α)
889 1465 925 1493 et
969 1456 1163 1495 Potidaeae
1202 1457 1434 1496 obsidionem

327 1535 455 1573 quater
491 1526 638 1564 circiter
668 1527 767 1564 mille
807 1528 940 1564 talenta
966 1527 1135 1564 absumta
1167 1525 1315 1565 fuerant
1348 1527 1450 1577 (3)..

324 1596 469 1635 Praeter
499 1605 644 1634 ceteros
682 1597 846 1645 reditus,
875 1597 1073 1645 quotannis
1099 1610 1120 1636 a
1146 1598 1261 1636 sociis
1285 1609 1438 1637 sexcen-

326 1674 362 1704 ta
404 1667 570 1706 redibant
605 1667 762 1715 talenta;
817 1667 902 1705 dein
945 1678 1074 1716 magna
1126 1677 1202 1706 erat
1239 1670 1318 1707 auri
1351 1671 1431 1718 vis,

327 1737 372 1774 ad
404 1737 690 1786 quingentorum
726 1738 906 1775 talentum
946 1749 1140 1776 numerum
1167 1739 1368 1786 accedens,
1397 1739 1437 1777 in

327 1807 486 1854 publicis
535 1807 765 1855 privatisque
808 1808 968 1847 donariis
1016 1808 1249 1857 Persicisque
1288 1809 1436 1858 spoliis.

327 1877 499 1925 Denique
521 1878 636 1915 multa
668 1877 820 1926 insuper
851 1887 952 1916 erant
976 1879 1184 1926 praesidia,
1211 1879 1349 1927 quibus
1378 1890 1439 1918 ur·

1352 1959 1440 1997 gen·

339 2108 346 2112 .
369 2084 420 2120 (l)
443 2085 522 2113 Plut.
542 2085 570 2112 in
593 2089 658 2116 Per.
681 2094 747 2121 cap.
772 2094 823 2120 ιε,
847 2095 894 2122 14.
917 2094 953 2120 p.
977 2089 1040 2118 158.
1063 2088 1099 2115 E.
1121 2094 1168 2120 sq.
1194 2087 1256 2116 160.
1278 2086 1316 2114 F.

369 2141 420 2178 (α)
444 2143 588 2177 Harpocr.
612 2150 700 2178 :uque
727 2151 764 2171 ex
791 2151 827 2171 eo
846 2143 930 2172 Suid.
951 2142 982 2170 in
1005 2151 1095 2172 voce.
1114 2158 1156 2168 —
1176 2143 1239 2171 Cic.
1263 2144 1300 2171 de
1320 2142 1378 2172 off.
1401 2143 1440 2173 11.

327 2206 393 2234 cap.
416 2208 460 2234 1?-

364 2253 417 2292 (ς.)
437 2256 529 2284 Diod.
553 2258 609 2287 Sic,
639 2257 701 2286 ΧΠ.
728 2265 796 2292 cap.
820 2268 869 2295 40.
892 2257 922 2285 in
952 2257 1085 2287 numeris
1109 2264 1198 2287 errat.
