1523 2745
293 154 1042 197 OBSERVATI'ONES.
1149 167 1223 206 205

120 265 249 315 priore
278 263 318 303 in
353 264 614 304 continentem
652 264 844 304 invasione
888 265 1111 313 observant3
1147 276 1217 305 nec

118 334 192 374 nisi
233 335 466 384 paucissimis
507 335 630 374 verbis
688 334 823 384 prioris
879 335 1019 374 Samiae
1069 336 1217 384 expedi-

115 405 229 444 tionis
266 406 523 444 meminerunt.
589 405 781 444 Diodorus
814 405 859 443 de
888 404 1027 444 Pericle
1062 404 1210 454 adjicit:

115 477 223 520 αὐτὸς
263 477 295 516 δ’
331 476 367 515 ἐν
398 476 539 522 ὀλίγαις
572 477 715 525 ἡμέραις
760 475 910 516 ἅπαντα
954 481 1214 523 συντετεληκῶς

116 546 310 590 ἐπανῆλθεν
344 547 394 589 εἰς
430 546 498 589 τὰς
530 543 695 591 Ἀθήνας.
754 545 917 584 Praestat
952 544 1092 592 igitur,
1129 557 1216 585 cum

116 613 321 652 Suevernio
355 613 490 652 bellurn
525 615 640 653 hocce
673 617 856 667 posterius
901 616 947 654 dc
984 614 1133 655 Periclis
1174 615 1216 654 in

116 682 263 723 Cariam
288 683 417 722 itinere
442 683 708 731 expeditionem
731 693 860 722 contra
885 686 1043 724 Anaeam
1060 697 1214 726 vocare:

117 753 168 792 ita
207 763 249 791 ut
276 753 525 791 Athenienses
563 761 758 801 utramque
790 754 886 792 Belli
908 756 1029 792 Samii
1060 755 1210 796 nomine

112 814 482 872 comprehenderint3
508 834 660 871 quarum
681 823 785 872 prior
798 824 957 862 fortasse
977 826 1212 875 δημοκρατίας

112 895 338 939 κατάστασις
355 920 369 941 ,
395 893 506 931 altera
539 894 804 943 πόλεμοςπρὸς
835 893 981 935 Ἀναίαν
1017 893 1131 933 fuerit
1150 905 1216 944 ap·

109 965 255 1014 pellata.

159 1035 261 1074 Dum
275 1034 442 1073 Pericles
465 1033 715 1073 Phoenicibus
728 1061 741 1080 ,
761 1033 897 1072 auxilia
909 1033 1043 1072 Samiis
1063 1025 1214 1073 ferenti-

108 1105 204 1151 bus,
230 1104 468 1151 occurrebat,
491 1103 559 1149 hi,
585 1102 782 1151 eruptione
804 1101 1069 1151 subitossfactffi
1095 1104 1214 1142 Athe-

110 1172 257 1212 nienses
282 1174 320 1211 in
355 1172 524 1209 custodia
555 1171 704 1209 relictos
727 1170 983 1219 profligarunt.
1021 1171 1110 1211 Dux
1135 1180 1214 1212 erat

105 1243 286 1283 Melissus
311 1242 562 1290 Philosophus
580 1269 593 1288 ‚
619 1242 665 1279 de
679 1241 786 1290 eujus
800 1242 915 1288 gestis
937 1242 1048 1281 rebus
1071 1243 1206 1282 ceteris

109 1313 307 1362 quicquam
321 1321 497 1350 annotare
516 1312 675 1359 omitto,
701 1312 876 1351 lectorem
901 1315 947 1352 ad
958 1313 1205 1363 Menagium‚

107 1381 392 1431 Fabriciumque
415 1382 587 1431 ablegans
607 1381 703 1431 (1);
729 1393 856 1421 verum
882 1383 1084 1432 scriptores
1100 1412 1114 1432 ‚
1142 1384 1209 1433 qui

104 1456 186 1505 ejus
232 1454 428 1492 Praeturae
469 1451 692 1490 mentionem
728 1450 896 1491 fecerunt
917 1480 933 1502 ,
981 1453 1042 1492 hic
1089 1466 1208 1504 appo·

97 1533 179 1564 nam
204 1525 291 1573 (2).

151 1596 205 1633 At.
237 1593 393 1632 Pericles
430 1591 507 1630 cito
552 1603 722 1631 reversus
737 1620 752 1640 ‚
795 1592 958 1631 labantes
1003 1605 1065 1632 res
1098 1593 1205 1633 brevi

103 1663 295 1711 restituit,
320 1663 586 1710 insulanosque
612 1661 715 1700 omni
743 1662 883 1700 ratione
906 1674 1114 1712 expugnare
1140 1676 1204 1703 co-

97 1743 206 1773 natus
237 1743 308 1774 est.
362 1733 468 1772 Usus
495 1742 553 1771 est
587 1733 655 1773 hac
686 1732 726 1770 in
762 1744 802 1770 re
828 1733 1041 1773 Artemonis
1065 1735 1206 1774 Clazo-

1123 1817 1200 1844 me·

132 1920 185 1957 (ι)
204 1921 325 1957 Menag.
346 1921 383 1951 ad
401 1920 494 1957 Diog.
512 1922 610 1951 Laett.
636 1922 686 1951 IX.
713 1929 808 1957 segm.
836 1933 887 1961 24.
927 1926 1013 1956 Fabr.
1034 1927 1112 1956 Bibl.
1142 1928 1199 1958 Gr.

93 1979 163 2008 Lib.
183 1980 220 2008 11.
239 1987 306 2015 cap.
324 1988 372 2014 23·
391 1975 421 2016 §.
441 1988 488 2009 22.

127 2035 181 2071 (α)
205 2036 282 2065 Plut.
298 2036 328 2064 in
346 2037 412 2065 Per.
427 2044 495 2071 cap·
514 2038 607 2071 26.p.
623 2036 692 2068 166.
703 2036 740 2065 C.
760 2037 868 2067 Them.
886 2045 954 2074 cap.
974 2046 1000 2067 2.
1011 2047 1044 2074 p.
1070 2048 1137 2070 ιιι.
1157 2042 1196 2070 D.

91 2094 171 2122 Adv.
202 2093 327 2128 Colot.,
356 2100 423 2128 cap.
447 2099 496 2125 32-
530 2101 562 2127 p.
589 2094 675 2123 1126.
702 2095 737 2122 B.
768 2107 806 2116 —
833 2095 952 2124 Aelian.
983 2099 1023 2126 V.
1055 2097 1105 2126 H„
1126 2098 1195 2127 vu.

85 2164 151 2191 cap.
178 2165 222 2192 ¹4.
247 2173 286 2178 —
309 2155 403 2190 mog.
423 2156 526 2185 Laert.
547 2157 569 2184 1.
587 2152 816 2186 l.÷ConFudit
839 2158 941 2188 suidas
958 2158 988 2187 in
1000 2167 1079 2189 voce
1099 2163 1190 2193 Μελ,

87 2213 242 2241 melissum
259 2211 476 2248 Philosophum
487 2233 498 2249 ,
518 2220 586 2242 cum
607 2213 730 2250 Melite,
746 2215 873 2245 Socratis
890 2224 1076 2248 accusatore.
