1523 2745
456 170 969 216 LITERARIA.
1232 193 1281 230 79

167 274 239 314 bus
275 276 384 315 variis
419 279 687 330 confirmabat,
725 295 845 340 eoque
877 286 994 335 magis
1020 289 1123 337 quod
1158 291 1288 330 arctis·

162 345 298 384 simum
335 348 526 389 vinculum
553 351 648 390 inter
677 353 759 392 illas
800 356 967 394 colonias
994 366 1030 412 et
1056 362 1283 409 metropolin

154 416 396 457 remanebat:
438 419 744 470 exstinguebatur
758 425 920 474 denique
950 428 1172 469 defectionis
1203 440 1284 470 stu·

159 484 262 524 dium
295 488 395 535 apud
422 490 575 537 socios,
603 494 669 540 qui
692 494 784 532 hane
812 495 885 534 sibi
911 507 1049 537 sortem
1087 501 1284 540 imminen-

151 563 235 593 tem
272 557 466 607 sciebant,
499 571 540 599 ut
564 562 611 600 ad
641 563 887 604 obedientiam
915 567 1052 606 redacti
1087 581 1172 609 suas
1197 583 1286 620 pos-

161 627 349 667 sessiones
377 630 586 671 victoribus
624 635 754 673 cedere
775 646 1009 684 cogerentur.
1062 639 1200 689 Negari
1226 649 1280 681 ta-

158 708 243 735 men
275 699 436 747 nequit,
473 701 546 740 hoc
583 702 707 752 ipsum
743 715 872 754 postea
909 709 1108 755 perniciem
1136 710 1278 750 civitati

160 767 356 817 attulisse,
392 780 434 808 ut
467 773 594 821 coepit
635 774 695 812 illa
731 776 917 815 adversam
957 780 1113 828 experiri
1156 780 1280 820 fortu-

158 848 268 886 nam3
310 841 413 886 quod
454 842 587 880 mirum
629 855 706 882 non
742 854 798 883 est
837 847 875 884 in
909 847 1097 897 imperio,
1135 850 1199 889 diu
1231 851 1277 890 ab

159 907 457 949 Atheniensibus
491 912 654 961 superbe
687 925 892 965 severeque
926 927 1038 957 aucto
1065 929 1102 958 et
1127 931 1280 960 conser-

161 986 265 1017 vato.

156 1069 158 1071 -
210 1048 367 1097 Olymp.
395 1050 592 1091 LXXXII.
624 1064 685 1091 an.
717 1066 752 1093 1.
792 1054 874 1103 ipse
906 1056 1067 1096 Pericles
1107 1059 1170 1097 M.
1212 1071 1282 1098 co-

158 1118 269 1157 lonos
303 1119 341 1157 in
379 1121 660 1160 Chersonesum
693 1122 768 1174 (ι)
797 1125 978 1174 deduxit,
1007 1127 1073 1175 qui
1097 1138 1175 1166 non
1198 1141 1279 1168 mo-

157 1188 206 1226 do
246 1189 458 1229 Thracibus
492 1192 654 1232 barbaris
685 1203 824 1233 metum
859 1196 1093 1245 imponerent
1117 1207 1155 1237 et
1179 1200 1278 1249 pris-

157 1258 251 1297 unas
289 1260 395 1298 sedes
435 1261 733 1311 ibituerentur,
761 1265 827 1302 sed
850 1267 1093 1307 velinaxhne
1118 1281 1162 1308 eo
1186 1282 1277 1310 con·

158 1328 272 1377 silio,
300 1339 343 1368 ut
377 1331 540 1370 Atticam
573 1333 732 1371 sterilem
757 1345 882 1383 neque
912 1337 1045 1375 alendo
1071 1338 1275 1380 incolarum
1316 1390 1321 1392 Π

156 1410 312 1439 numero
345 1412 469 1449 parem
507 1401 696 1441 frumento
731 1403 971 1445 instruerent.
1026 1409 1147 1458 Regio
1177 1411 1274 1452 enim

157 1469 219 1507 illa
249 1469 424 1509 frumenti
458 1470 593 1519 ferax,
634 1484 721 1511 vere
755 1474 927 1515 horreum
967 1478 1071 1517 urbis
1107 1480 1176 1529 (2)
1199 1481 1277 1520 dici

159 1526 298 1589 possit.
352 1541 453 1579 Idem
478 1541 654 1581 affirmare
684 1544 771 1582 licet
795 1546 840 1584 de
865 1546 1050 1597 Euboea,
1081 1561 1190 1596 quam
1219 1551 1276 1590 in-

164 1612 281 1658 sulam
303 1619 339 1648 et
352 1611 492 1649 Naxon
519 1612 629 1650 maris
654 1613 793 1663 Aegaei
806 1616 969 1655 claustra
985 1645 999 1664 ,
1029 1619 1157 1657 eodem
1183 1629 1278 1659 tem-

156 1690 250 1729 pore
274 1681 466 1719 Tolmides
494 1682 587 1720 inter
608 1682 670 1721 M.
695 1684 945 1724 Athenienses
977 1687 1165 1726 distribuit
1188 1691 1274 1740 (3).

160 1751 217 1790 Ut
242 1751 316 1800 jam
353 1759 491 1790 taceam
524 1754 569 1791 de
608 1754 736 1792 multis
771 1745 850 1793 eliis
877 1757 1037 1805 coloniis
1066 1760 1164 1808 (4),
1190 1772 1276 1810 sep-

159 1828 231 1858 tem
269 1831 386 1859 annos
419 1830 510 1871 post
545 1823 1074 1866 Hestiaearum·crude1itatem
1117 1830 1275 1870 vindica-

156 1890 212 1928 vit
231 1917 245 1937 ,
273 1891 367 1939 agris
406 1902 533 1930 eorum
558 1893 688 1932 divisis
717 1893 814 1933 inter
848 1895 907 1935 bis
934 1897 1032 1936 mille
1072 1899 1275 1940 Athenien-

1187 1979 1271 2019 ses,

164 2094 165 2097 =
192 2070 244 2112 (ι)
266 2074 430 2105 mun-per.
455 2084 485 2105 11
510 2083 541 2105 et
573 2085 620 2113 19.
640 2076 734 2107 Diod.
754 2077 803 2107 XI.
825 2081 873 2109 88.

193 2131 245 2169 (2)
267 2133 504 2162 Vid.Demosth.
521 2140 553 2167 Ρ.
576 2135 650 2164 Cor.
671 2143 738 2173 254.
761 2135 815 2165 fin.
831 2135 983 2172 imprimis
999 2138 1092 2176 Lept.
1112 2149 1144 2176 p.
1161 2144 1230 2178 4⁶6·
1242 2152 1271 2178 7-

193 2188 247 2225 (3)
269 2191 418 2219 Plutarch.
437 2198 468 2219 et
486 2190 578 2221 Diod.
593 2193 630 2222 11.
651 2193 686 2222 11.
705 2193 774 2222 add.
796 2193 882 2223 Paus.
904 2194 929 2224 1.
949 2201 997 2230 27·

197 2244 248 2283 (4)
271 2248 349 2276 Ρῖιιι.
375 2247 442 2276 Per.
465 2256 494 2277 ιι
509 2267 519 2282 ,
538 2257 575 2278 20
597 2256 629 2277 et
646 2257 694 2285 34.
