1502 2767
459 197 1057 242 THEOLOG-ch.
1269 208 1316 253 89

212 316 321 354 quam
365 306 613 347 Christianam
657 307 734 347 fere
769 310 933 358 dixeris,
973 322 1247 361 provocarunt,
1277 323 1319 352 ut

209 375 346 415 benum
399 388 477 416 non
520 377 663 417 licitum
707 391 788 419 esse
816 381 1135 421 demonstrarent!
1185 384 1320 423 Missis

210 445 325 495 igitur
344 446 402 485 his
427 448 590 496 aliisque.
615 450 709 488 locis
736 452 837 501 (1),
857 453 953 490 nihil
991 455 1143 492 omnino
1166 454 1320 494 dicenti-

210 516 284 555 bus
303 543 317 564 ,
342 529 440 565 quos
464 530 484 555 e
508 519 642 558 veteris
666 521 839 561 Foederis
863 523 992 561 codice
1012 523 1201 571 afferunt,
1221 533 1316 563 tran·

209 585 328 625 simus
362 589 411 627 ad
443 588 656 636 explicanda

714 728 748 775 §-
790 728 829 765 6.

261 858 363 899 Loca
387 864 539 902 minoris
570 867 774 913 momenti,
795 879 815 903 ο
840 867 944 906 Novi
968 867 1139 908 Foedcris
1162 869 1269 908 libris

692 935 832 975 allata.

252 1069 515 1109 Non'tantum
540 1072 578 1110 in
603 1072 656 1112 V.
683 1073 758 1121 F.‚
793 1085 920 1113 verum
959 1075 1067 1115 etiam
1106 1077 1161 1115 N.
1201 1077 1245 1117 F.
1272 1078 1317 1117 li·

198 1138 278 1177 bris
311 1151 416 1178 suam
456 1142 675 1182 sententiam
709 1144 921 1183 confirmari
957 1147 1172 1195 opinantur.
1239 1150 1316 1189 Mi-

198 1210 301 1247 noris
337 1212 516 1250 momenti
547 1214 628 1252 loca
665 1215 737 1254 huc
774 1217 996 1264 pertinentia
1033 1219 1123 1256 mihi
1151 1231 1232 1258 esse
1260 1220 1316 1259 vi·

198 1279 361 1328 dentur,
390 1292 436 1319 ex
463 1281 659 1331 Johanneo
695 1286 904 1336 Euangelio
939 1289 1037 1337 Cap.
1074 1290 1216 1330 XVIII.
1246 1290 1313 1341 36.

198 1350 261 1390 Ex
302 1351 490 1399 Epistolis
529 1354 644 1393 haec:
685 1357 728 1394 ad
764 1357 877 1397 Rom.
914 1359 999 1399 XII.
1057 1367 1226 1403 16—21.
1267 1363 1312 1402 ad

198 1421 346 1470 Ephes.
372 1422 443 1461 Vl.
478 1435 642 1473 11—17.
668 1427 779 1465 altera
803 1430 848 1466 ad
864 1429 1178 1480 Corinthios,x.
1207 1446 1243 1483 3.
1267 1446 1309 1483 4.

191 1490 273 1540 Jac.
294 1491 362 1530 ΙΙΙ.
394 1497 562 1541 13-18.
591 1496 660 1535 lV.
693 1508 731 1537 1.
758 1510 796 1536 2.

247 1561 375 1611 Quum
397 1561 509 1611 Jesus
547 1575 671 1603 coram
707 1567 827 1606 Pilato
862 1579 984 1619 esset,
1012 1581 1048 1610 et
1081 1572 1141 1611 hie
1179 1585 1224 1613 ex
1263 1586 1308 1614 eo

196 1641 415 1681 quaereret,
454 1643 501 1671 an
539 1645 621 1674 sese
641 1635 866 1685 Judaeorum
893 1652 1013 1690 regern
1043 1643 1309 1695 profiteretur5

1252 1727 1309 1754 ΓΕ·

232 1810 284 1846 (ι)
305 1811 449 1841 Ezechiel
470 1812 613 1845 XXXIV.
633 1818 682 1844 28.
711 1817 778 1854 Jes,
801 1816 852 1845 XI.
882 1820 979 1853 6—9.
1002 1818 1094 1846 Zach.
1113 1819 1194 1849 XIV.
1214 1826 1248 1854 q.
1274 1819 1307 1861 in

191 1868 347 1904 plerisque
374 1870 525 1902 vaticiniis
551 1871 612 1901 illis
632 1874 669 1901 de
694 1881 819 1908 paccano
845 1880 875 1901 et
901 1881 1021 1909 sperato
1039 1874 1095 1903 illo
1114 1882 1251 1911 tempore
1275 1876 1307 1905 in

190 1925 356 1955 Palaestina
373 1935 472 1957 sermo
488 1936 546 1958 est.
569 1932 639 1961 Non
662 1939 741 1966 opus
761 1939 806 1960 est
825 1932 876 1961 hic
892 1934 1075 1969 ostend-ere,
1096 1935 1194 1968 Iegem
1215 1935 1305 1962 latam

190 1984 303 2012 Genes.
326 1985 377 2013 IX.
403 1994 433 2019 5·
456 1988 486 2017 6.
506 1988 564 2015 huc
586 1987 630 2016 nil
652 1988 765 2018 facere.
805 1990 857 2018 Est
882 1988 964 2017 enim
995 1991 1045 2018 hic
1068 1998 1167 2019 sermo
1183 1989 1304 2026 (quam—

191 2047 311 2076 cunque
330 2042 464 2077 sequaris
487 2042 673 2080 lectionem,
691 2054 707 2074 a
730 2045 806 2074 viris
823 2047 917 2076 dostis
935 2046 1140 2085 propositam)
1166 2048 1204 2076 de
1225 2055 1302 2078 nece

192 2098 431 2133 sanguinolenta.
480 2101 547 2129 Nec
572 2101 663 2130 latius
691 2110 759 2132 sese
777 2104 933 2141 exrendit,
955 2113 1044 2140 quam
1061 2107 1144 2141 quod
1166 2106 1198 2134 in
1213 2106 1303 2135 deca-

191 2156 262 2190 logo
287 2157 492 2194 praecipitur,
517 2168 573 2186 non
590 2160 718 2190 occides.
761 2161 826 2191 Cfr.
854 2163 1045 2199 Grotius,
1065 2163 1099 2191 de
1124 2164 1204 2201 Jure
1225 2164 1303 2192 belh·

191 2220 226 2239 ae.-
240 2214 429 2249 paeit,1,ib.
453 2216 479 2245 1.
500 2216 576 2254 cap.
598 2227 624 2248 ε.
646 2218 908 2257 Muneinghe,
929 2221 1037 2251 cuch.
1059 2221 1114 2250 der
1130 2210 1299 2261 mentem..

190 2270 278 2299 Tom.
298 2279 328 2307 4.
347 2279 416 2301 ann.
434 2281 498 2303 221.
