1538 2689
278 154 324 192 3⁸
492 145 1152 189 COMMENTATIO

273 253 644 292 Lauwrencius
681 255 799 294 utitur
824 257 868 294 ad
895 257 1075 305 ligandam
1103 261 1268 299 arteriam
1300 260 1375 300 filis

274 323 489 372 bombyceis
520 324 772 372 tenuissimis,
804 337 960 374 quorum
986 327 1078 366 fines
1094 341 1214 378 prope
1234 331 1373 370 nodum

272 393 468 432 abscindit*
533 396 662 432 Credit
693 406 846 443 nempe,
886 397 1102 446 ligaturam,
1144 400 1379 449 quadragesi·

273 473 351 502 mae
387 464 497 512 partis
537 465 638 513 grani
679 467 825 513 pondus
863 467 1080 516 habentem,
1107 470 1375 517 suppuratione

270 545 345 571 non
384 536 539 583 ejectum
571 534 631 573 iri.
684 535 776 573 Eam
811 536 860 573 ob
886 547 1031 576 causam
1070 537 1248 586 imprimis
1278 540 1372 578 hanc

269 605 483 642 methodum
511 604 703 642 instituere
739 607 915 655 praecipit
931 635 944 653 ,
971 617 1014 645 ut
1045 609 1182 646 vulnus
1207 620 1273 657 per
1299 610 1376 658 pri-

267 685 360 711 mam
394 673 638 712 intensionem
673 685 834 712 sanetur.
897 676 1036 723 Multi,
1075 689 1118 714 ex
1153 688 1209 725 gr.
1245 679 1374 717 Coo·

267 756 356 792 per
390 753 425 781 et
453 744 782 793 Collier(1)‚
821 757 904 782 cum
938 745 1063 783 fructu
1101 747 1195 784 hanc
1230 749 1376 786 metho-

265 814 351 851 dum
380 812 638 851 instituebant.
701 813 927 852 Guthrie
963 822 998 851 et
1032 815 1267 863 Delpech
1303 817 1373 866 (2)

267 884 404 929 aliique
441 894 549 931 saepe
584 883 716 925 exinde
748 884 944 921 abscessus
974 895 1108 932 parvos
1139 896 1212 924 sexr
1231 885 1374 924 hebdo-

268 952 436 990 madibus
471 961 558 999 post
586 952 675 989 oriri
714 953 982 999 observabant,
1023 953 1114 1001 quin
1140 954 1247 992 etiam
1283 963 1373 1003 post

264 1022 413 1069 longius
452 1022 632 1069 temporis
666 1023 853 1070 spatium3
908 1025 998 1061 tales
1045 1035 1134 1061 vero
1175 1024 1371 1062 abscessus

266 1091 467 1141 periculosi
488 1099 601 1136 sunt,
631 1087 787 1138 ideoque
813 1092 962 1133 vitandi.
1016 1094 1151 1132 Utrum
1177 1095 1258 1133 illae
1282 1095 1376 1143 liga-

267 1171 369 1200 turae
401 1173 421 1198 a
460 1163 610 1209 capsula
646 1162 869 1209 lymphatica
920 1163 1181 1212 semiorganica
1215 1164 1252 1202 In
1284 1166 1374 1203 loco

267 1233 496 1277 remaneant,
523 1242 568 1267 an
594 1231 887 1276 absorbeantur,
916 1242 992 1268 non
1013 1233 1202 1280 dijudicari
1230 1231 1372 1281 potest.

266 1300 606 1338 Lauwrencio
651 1309 686 1337 et
729 1300 986 1337 Hennenio
1036 1300 1127 1338 illud
1174 1302 1374 1342 verisimile

265 1371 424 1408 videtur.
488 1369 724 1416 Experientia
754 1378 873 1406 tamen
911 1369 1065 1416 docuit,
1104 1381 1370 1419 nonnunquam

263 1441 589 1487 haeccecorpora
623 1439 764 1486 absque
810 1440 885 1476 ullo
932 1439 1150 1477 detrimento
1189 1442 1286 1489 (3),
1330 1443 1371 1481 in

266 1502 476 1558 organismo
526 1509 722 1546 contineri.
802 1509 918 1546 Recte
959 1510 1268 1556 prudentissimus
1312 1513 1375 1551 ille

265 1580 332 1618 La
347 1579 576 1619 uwrenci
594 1591 647 1617 us
674 1578 790 1623 dicit,
821 1578 978 1626 plurima
1000 1580 1247 1627 experimenta
1267 1581 1374 1620 insti-

267 1651 402 1690 tuenda
423 1661 528 1695 esse,
554 1657 749 1696 antequam
775 1649 862 1686 haec
882 1649 1078 1686 methodus
1100 1650 1283 1689 suadenda
1305 1651 1371 1690 sit.

266 1720 363 1757 Cum
393 1718 503 1766 igitur
530 1719 693 1754 nondum
730 1716 926 1765 probatum
963 1715 1039 1762 sit,
1080 1717 1160 1774 illas
1197 1718 1372 1765 ligaturas

264 1787 481 1834 absorberi,
508 1788 742 1835 repudiamus
772 1787 974 1834 ligaturas,
1003 1797 1047 1823 ex
1074 1786 1259 1840 intestinis
1296 1789 1374 1839 ani·

264 1859 410 1910 malium
448 1864 603 1904 paratas.
657 1855 757 1893 Huic
781 1855 955 1893 methodo
987 1848 1231 1906 objecerunt,
1266 1866 1374 1898 tenu.

1325 1939 1377 1967 xs-

301 2054 356 2091 (1)
375 2055 524 2082 Neuesm
543 2055 711 2082 Handbucb
726 2055 780 2083 der
797 2056 887 2085 CIn'r.
905 2064 915 2084 1
927 2058 994 2093 823·

304 2109 358 2147 (2)
380 2110 570 2145 Guthrie,
593 2113 668 2138 iiber
685 2112 738 2138 dia
762 2113 1171 2148 Scbutwunden,1'ibersetzt
1188 2123 1242 2143 von
1261 2116 1374 2151 Spau-

265 2168 466 2202 genberg,
487 2169 576 2195 1821.
602 2176 626 2195 s.
643 2175 712 2201 109.

308 2227 341 2257 (3
382 2224 440 2251 The
460 2223 626 2251 American
647 2225 727 2253 Med.
757 2225 888 2254 Record.
901 2245 910 2260 ,
941 2228 1004 2258 vo‘.
1024 2236 1051 2262 3.
1069 2228 1138 2263 Jan.
1161 2231 1252 2259 1820.
1271 2231 1324 2260 11⁰·
1340 2236 1373 2268 4'.
