1502 2767
199 209 268 249 144
420 201 1080 242 COMMENTATIO

194 311 374 348 vindictae
408 310 560 356 studio,
600 311 826 358 petulantia,
863 311 1044 348 rarissime
1082 313 1194 360 justiS
1243 314 1292 351 de'

190 379 305 418 caufis
340 389 464 417 exorta
491 379 590 426 sint,
619 391 732 427 eaque
759 391 910 418 numero
948 381 1118 429 infinita,
1146 393 1211 430 per
1235 384 1290 421 in·

191 451 334 489 finitum
361 450 539 498 temporis
575 450 732 497 spatium
769 459 896 498 gesta,
938 451 1116 499 sanguine
1143 452 1249 501 plena
1273 481 1288 499 ‚

194 531 236 560 ut
265 530 361 560 esset
382 532 385 536 ’

999 599 1150 638 Crudelis
1170 598 1288 640 ubique

189 659 333 694 Luctus,
358 657 477 699 ubique
493 667 599 698 pavor
620 662 653 687 et
667 656 818 697 plurima
838 657 954 686 mortis
978 657 1085 698 imago
1109 656 1171 697 (1),

189 739 326 787 quibus
353 736 475 774 omnia
501 736 780 774 devastabantur
797 764 810 782 ,
833 736 1069 774 cadaveribus
1108 736 1286 774 illudeba-

184 818 245 845 tur
261 834 274 854 ,
299 805 478 845 vulnerati
503 805 635 853 gaudio
675 806 832 852 quodam
868 814 903 842 et
936 807 1126 853 voluptate
1150 806 1290 844 crucia·

185 878 345 923 bantur,
374 875 513 923 captivi
537 875 574 912 in
609 875 823 913 servitutem
848 874 1104 924 redigebantur
1119 903 1132 923 ,
1156 877 1216 914 vel
1248 875 1291 914 in·

186 947 352 985 Deorum
389 945 537 993 gratiam
564 944 875 985 sacrificabantur.

234 1016 295 1054 En
316 1026 493 1052 summam
510 1024 633 1051 eorum
651 1042 665 1062 ,
689 1026 784 1062 quae
802 1016 935 1054 Poetae
958 1024 993 1053 et
1026 1015 1204 1054 Historici·
1226 1027 1285 1053 ce·-

182 1085 351 1122 cinerunt
389 1092 426 1121 et
463 1084 715 1129 tradiderunt,
754 1085 803 1122 ita
843 1085 989 1132 quidem
1005 1112 1018 1130 ‚
1059 1094 1102 1122 ut
1143 1087 1284 1125 rarissi-

181 1166 240 1193 me
257 1154 467 1202 improbent
481 1182 493 1200 ,
506 1155 652 1202 saepius
675 1155 851 1202 laudent3
881 1156 970 1193 adeo
986 1165 1026 1192 ut
1047 1155 1131 1203 quis
1148 1168 1167 1193 a
1181 1165 1282 1195 vete·

181 1230 261 1263 rum
296 1225 519 1272 populorum
543 1225 695 1262 historia
723 1225 874 1273 legenda
899 1225 1115 1272 discedens,
1139 1226 1277 1264 invitus

181 1295 258 1333 fere
284 1295 486 1340 exclamet,
513 1294 675 1341 populos
701 1303 843 1330 veteres
873 1290 943 1330 dici
978 1294 1105 1330 mereri
1137 1294 1282 1342 generis

179 1364 330 1403 humani
350 1362 519 1400 inimicos
535 1390 548 1408 ‚
577 1372 818 1410 oppressores
835 1390 848 1408 ‚
876 1362 1096 1410 spoliatores
1114 1391 1126 1408 ‚
1155 1371 1282 1411 tyran-

180 1445 250 1475 nos
265 1446 278 1481 3
291 1444 405 1479 seque
425 1431 516 1470 nihil
536 1431 669 1479 legisse
685 1459 697 1478 ,
711 1432 781 1470 nisi
797 1433 985 1480 quomodo
1010 1433 1140 1482 populi
1162 1445 1202 1471 se
1228 1435 1281 1473 in*

178 1505 294 1543 vicem
320 1502 536 1551 subigerent
551 1529 563 1548 ‚
595 1501 848 1549 opprimerent
865 1532 875 1550 ‚
905 1510 941 1538 et
964 1501 1096 1550 tigride
1120 1501 1278 1541 ferocio-

179 1587 236 1615 res
266 1573 488 1611 trucidarent
514 1570 599 1619 (α).

660 1658 696 1712 §.
752 1678 789 1715 3.·

230 1774 291 1814 De
311 1774 516 1824 Religionis
533 1771 771 1812 Christianae
783 1773 954 1812 doctrina
975 1772 1028 1810 ad
1044 1770 1231 1812 hominum·

273 1844 317 1883 dc
360 1844 448 1882 bello
488 1843 654 1894 gerundo
700 1845 895 1882 sententias
932 1843 1176 1883 emendandas

616 1915 824 1964 aptissima.

227 2031 335 2068 Haud
372 2030 449 2068 sine
481 2029 634 2077 quadam
679 2029 870 2076 voluptate
909 2028 1021 2078 hujus
1061 2028 1277 2076 paragraphi

172 2108 425 2151 argumentum
466 2105 651 2147 exponere
688 2097 946 2146 aggredimur,
986 2098 1059 2145 qua
1088 2097 1125 2134 id
1164 2097 1276 2136 nobis

211 2220 263 2256 (1)
283 2217 507 2254 Virgilius,
528 2218 661 2247 Aeneia.
679 2217 750 2246 Lib.
775 2218 818 2246 11.
840 2226 881 2245 vs.
903 2219 969 2251 368.
988 2225 1054 2253 sqq.
1190 2178 1261 2205 con

209 2278 261 2310 (τ)
285 2276 352 2305 Vid.
376 2276 480 2309 Tyge
502 2276 650 2310 Rotlle,
676 2274 740 2302 Lib.
775 2274 856 2302 laud.
877 2275 964 2302 Tom.
988 2275 1035 2304 IV.
1057 2281 1123 2309 pag.
1149 2277 1276 2311 76-870‘
