1564 2750
316 118 360 154 16
545 118 1206 164 COMMENTATIO

313 225 514 274 redigeret,
531 234 643 274 atque-
670 238 748 266 eam
774 230 958 271 πολιτείαν
973 258 985 278 ,
1000 242 1095 278 quae
1128 233 1200 274 sub
1226 231 1430 274 Clisthene

312 295 506 343 viguerat,
524 298 753 337 restitueret.
790 300 930 338 Verum
956 310 1112 339 conatus
1137 302 1209 350 ipsi
1231 305 1323 342 male
1347 315 1428 343 ces·

311 365 387 413 sit;
414 376 497 403 nam
521 367 653 415 plebs,
677 369 806 406 Pericli
834 369 981 417 dedita,
1009 370 1161 409 Cimoni
1190 374 1429 421 exprobravit

311 435 621 474 necessitudinem
637 465 650 485 ,
688 449 781 485 quae
807 437 885 487 ipsi
924 451 1008 478 cum
1031 451 1161 480 sorore
1184 442 1432 483 intercedebat

311 504 422 553 (Vid.
441 505 528 544 Obs.
543 506 644 554 XI.)
664 519 678 555 3
695 515 807 556 atque
829 508 983 558 insuper
1009 510 1064 549 illi
1090 511 1228 560 objecit
1250 511 1435 551 Lacedae-

313 576 524 614 moniorum
547 577 714 616 studium
743 587 854 627 atque
879 580 1005 619 odium
1028 581 1160 630 populi
1175 583 1258 631 (r).
1279 583 1366 621 Ideo
1388 583 1436 622 li·

314 646 443 684 benter
474 659 571 686 usus
610 656 670 686 est
696 648 921 698 occasione,
952 662 1025 698 qua
1053 649 1341 694 Lacedaemonii
1373 664 1436 691 ur-

315 716 418 754 bium
433 717 721 757 obsidendarum
741 721 1144 769 expugnandarumque
1155 719 1273 770 ignari
1289 748 1303 768 ,
1318 723 1436 761 Athe·

317 788 506 827 niensium
531 789 708 827 auxilium
736 789 862 827 denuo
894 790 1168 840 implorabant;
1196 792 1317 840 iisque
1341 804 1437 842 sup·

57 868 187 898 Lxxix.
321 859 439 906 petias
463 859 605 897 laturus
630 859 827 907 profectus
851 868 921 898 est.
977 860 1114 908 Neque
1135 872 1180 899 ex
1204 862 1272 899 hac
1288 862 1437 911 expedi-

127 917 158 944 4'
235 905 423 966 4⁶¹'tione
460 931 601 968 multos
650 929 798 968 fructus
834 930 961 979 cepit,
998 931 1299 971 Lacedaemoniis
1336 932 1434 971 enim

323 999 455 1037 oborta
485 1010 542 1037 est
572 1001 766 1049 suspicio,
802 1013 860 1039 res
895 1003 1075 1049 quasdam
1105 1013 1222 1041 novas
1251 1003 1296 1042 ab
1319 1003 1438 1043 Athe·

322 1070 516 1108 niensibus
538 1071 681 1118 agitari.
711 1071 842 1119 Itaque
865 1080 1101 1119 metuentes,
1128 1083 1176 1111 ne-
1202 1073 1437 1112 Messenien-

325 1149 387 1178 ses
427 1140 753 1188 Atheniensibus,
800 1140 852 1183 „ab
884 1142 976 1180 Ione
1023 1152 1140 1189 genus
1177 1143 1433 1192 ducentibus,

323 1211 615 1258 persuaderent,
659 1220 700 1249 ut
745 1211 886 1258 aliquid
919 1220 1050 1249 contra
1089 1212 1293 1251 Dorienses
1329 1214 1437 1252 moli-

324 1287 480 1326 rentur,
534 1292 600 1318 eos
648 1280 870 1318 dimiserunt
912 1289 1107 1328 praetextu
1162 1290 1335 1331 utentes,
1389 1284 1440 1322 si·

324 1349 362 1387 bi
389 1360 467 1387 non
495 1349 655 1398 amplius
702 1361 830 1387 eorum
867 1351 1005 1388 auxilio
1043 1362 1141 1400 opus
1170 1363 1266 1391 esse.
1321 1354 1439 1392 Athe-

321 1421 470 1458 nienses
491 1422 651 1468 graviter
681 1421 775 1458 hanc
809 1421 1070 1458 contumeliam
1103 1420 1291 1470 ferentes,
1320 1422 1440 1461 Lace·

323 1490 600 1528 daemoniorum
636 1489 851 1528 societatem
886 1491 1158 1539 deseruerunt,
1185 1503 1299 1541 seque
1327 1494 1438 1542 Argi-

321 1563 379 1598 vis
405 1563 536 1599 horum
563 1561 739 1600 hostibus
763 1561 1032 1610 adjunxerunt3
1059 1560 1256 1600 Cimonem
1284 1571 1403 1601 autem
1420 1591 1435 1612 ,

320 1632 395 1670 levi
412 1634 521 1670 'causa
536 1638 680 1680 arrepta
697 1659 709 1677 ,
738 1643 804 1679 per
828 1630 1096 1669 Ostracismum
1123 1632 1160 1668 in
1180 1633 1351 1671 exsilium
1380 1626 1439 1682 agi

321 1701 478 1739 Pericles
506 1700 649 1739 curavit
672 1699 758 1749 (2).
782 1698 899 1748 (Vid.
925 1696 1177 1750 Obs.'XJJ.).
1323 1690 1328 1694 ’

61 1798 173 1831 Lxx?-
377 1774 474 1810 Dum
511 1772 600 1809 haec
639 1771 676 1808 in
715 1770 874 1807 Graecia
910 1769 1142 1818 agebantur,
1169 1761 1437 1821 Inaru'smajo-

110 1849 134 1869 ι.
153 1823 165 1830 ”
240 1842 397 1880 460‘1·em
416 1842 581 1890 Aegypti
604 1849 742 1889 partem
766 1840 811 1877 ad
832 1838 1080 1877 defectionem
1099 1851 1119 1877 a
1135 1840 1324 1878 Persarum
1352 1851 1436 1889 rege

323 1912 537 1951 sollicitavit
552 1939 565 1958 ,
582 1910 868 1948 Atheniensium
883 1909 1021 1947 auxilio
1049 1910 1267 1958 implorato.
1297 1910 1347 1948 Hi
1368 1923 1442 1958 qua

1342 1987 1444 2017 erant

364 2076 416 2113 (ι)
437 2077 517 2104 Ριυι.
538 2073 569 2102 in
590 2075 669 2104 eim.
694 2073 718 2102 1.
738 2073 762 2101 1.
784 2078 814 2100 et
836 2078 902 2106 cap.
926 2074 971 2100 16.
991 2077 1025 2105 p.
1046 2075 1104 2108 489
1138 2073 1174 2101 Β.
1204 2088 1207 2093 ·

362 2134 414 2169 (ε)
441 2134 519 2161 Plut.
543 2132 611 2160 Per.
634 2138 699 2165 cap.
714 2136 744 2165 9.
766 2137 799 2164 p.
825 2138 888 2163 157.
910 2129 944 2157 F.
977 2142 1015 2150 --
1041 2128 1122 2158 Cim.
1151 2130 1172 2157 1.
1195 2128 1335 2164 proxime
1358 2129 1383 2158 1.
1403 2133 1440 2149 -⁴

325 2191 342 2219 ‘i
356 2195 423 2220 hue.
437 2192 459 2219 1.
488 2200 551 2220 10:-
565 2203 600 2209 -
610 2188 704 2216 Diod.
718 2186 777 2216 Sica
795 2187 844 2216 XI.
856 2188 986 2224 cap.-64·
1006 2200 1042 2208 —·
1053 2187 1140 2216 Paus.
1163 2187 1214 2216 lv.
1227 2193 1294 2221 cap.
1311 2180 1399 2222 24.§·
1412 2193 1443 2213 ιιι
