1502 2767
233 179 281 218 50
448 165 1112 205 COMMENTATIO

234 278 292 317 dia
318 275 690 326 opp1·imi,virtutem
713 283 749 313 et
771 275 846 314 vim
870 277 1046 314 moralem
1071 276 1220 314 interire
1245 276 1342 314 sole·

235 360 274 386 re
306 347 403 397 (1),
431 346 628 393 omniaque
649 345 816 394 impediri
843 353 879 383 et
899 346 1041 391 everti,
1071 345 1210 393 quibus
1235 357 1347 383 exco-

234 421 356 455 lantur
375 416 608 463 feIIcitasque
629 425 762 453 eorum
787 415 970 454 constitui
993 415 1115 464 possit
1130 416 1149 453 *ἓ
1163 438 1214 446 -
1239 414 1344 464 Quid

238 486 386 525 multa?
445 497 559 533 quum
607 484 863 533 gravissimum
906 484 1097 523 civitatum
1146 484 1345 522 consilium

238 557 329 594 effici
367 563 551 602 nequeat,
578 554 652 592 nisi
678 553 781 591 omni
807 554 974 602 ratione,
1000 555 1039 592 vi
1071 566 1252 603 quoque,
1278 552 1346 592 ubi

238 626 344 664 aliter
358 625 436 663 fieri
459 625 617 672 nequit,
644 623 777 672 populi
800 623 913 662 vitam
929 652 942 672 ‚
968 624 1171 662 libertatem
1189 651 1202 672 ‚
1231 625 1354 662 hono-

240 707 342 742 rem,
382 696 566 741 salutem,
594 693 781 732 carissima
816 705 985 742 quaeque
1013 693 1200 731 vindicare
1216 693 1352 742 liceat3

240 777 307 804 nec
339 766 409 812 qui
433 764 504 803 Dei
534 764 738 810 voluntas,
764 773 833 800 nec
871 764 938 811 qui
960 762 1053 812 Jesu
1084 762 1231 800 Christi
1265 772 1360 800 con·

242 835 394 881 silium,
417 834 483 881 qui
522 844 649 871 omnes
684 844 793 880 quam
821 832 1010 871 celerrime
1044 841 1082 870 et
1106 831 1279 870 facillime
1313 833 1360 871 ad

244 905 514 953 perfectionem
543 904 718 941 moralem
751 903 839 941 eniti
864 912 900 941 et
933 903 1088 941 salutem
1122 913 1244 940 veram
1269 912 1360 939 con·

247 975 353 1023 sequi
375 974 526 1020 voluit,
549 973 675 1020 perfici
701 972 851 1021 possint
867 1000 880 1019 ‚
908 984 966 1010 me
977 972 1181 1020 intelligere
1206 971 1354 1020 fateor3

243 1046 341 1084 unde
373 1055 449 1082 non
478 1051 620 1081 tantum
645 1042 783 1081 bellum
818 1053 942 1091 gerere
965 1043 1138 1089 licitum,
1165 1042 1230 1079 sed
1260 1041 1357 1078 inter

246 1113 491 1163 gravissima,
519 1124 612 1159 quae
639 1112 750 1150 nobis
773 1112 999 1151 Christianis
1024 1111 1244 1149 incumbunt
1261 1138 1274 1158 ,
1301 1108 1360 1147 of-

247 1183 359 1231 ficia,
391 1183 636 1231 reputandum
677 1193 827 1222 censeo,

287 1324 339 1361 (ι)
360 1324 392 1351 ld
411 1323 470 1356 jam
487 1328 614 1351 noverat
631 1321 685 1349 ille
703 1321 782 1356 apud
803 1320 1034 1353 Homerum,
1055 1317 1159 1353 Odyss.
1178 1315 1218 1346 Ε.
1239 1322 1300 1348 322.

339 1414 443 1456 ἥμισύ
465 1415 531 1458 γάρ
556 1411 592 1447 τ’
607 1413 728 1456 ἀρετῆς
754 1411 962 1446 ἀποαίνυται
986 1409 1145 1453 Εῧρῦοπιι
1173 1411 1261 1448 Ζεῦς

342 1480 431 1522 ἀνέρι
447 1506 456 1519 ,
482 1475 558 1513 εὖτ’
582 1478 622 1512 biv
650 1490 706 1520 μιν
730 1477 828 1511 κατὰ
848 1475 984 1510 δούλιον
1010 1472 1092 1517 ἦμαρ
1121 1471 1250 1515 ἕλῃσιν.

289 1576 373 1603 Bene
395 1582 527 1602 summus
552 1574 687 1602 Ewald
704 1592 714 1607 ‚
737 1573 849 1608 Oorlog
873 1580 909 1599 en
927 1570 1024 1599 Vrede
1048 1571 1097 1597 uit
1128 1569 1179 1597 het
1196 1569 1365 1606 standpune

254 1640 313 1660 van
345 1634 400 1660 (len
436 1630 580 1659 Christen
607 1630 800 1665 beschouwd,
826 1635 903 1664 pag.
932 1630 986 1657 28:
1008 1647 1031 1662 ‚‚
1060 1627 1097 1654 In
1123 1626 1264 1661 vrijlaeid
1279 1628 1306 1655 1‘5
1329 1627 1365 1655 de

256 1689 368 1718 mensch
385 1689 515 1723 gelmren
527 1707 537 1723 ,
556 1687 592 1715 de
610 1688 704 1716 zuclzt
721 1694 767 1715 tot
786 1687 926 1720 vrijheid
939 1687 1001 1721 lt'gt
1018 1686 1051 1713 ῐη
1068 1686 1131 1713 alle
1147 1684 1313 1715 menschen.
1331 1696 1370 1706 -—

257 1747 378 1774 Zonder
405 1745 546 1780 vrijheid
564 1745 622 1771 kun
641 1744 676 1772 de
702 1744 818 1772 mensch
838 1744 909 1771 zich
937 1745 1003 1770 niet
1027 1749 1073 1770 tot
1091 1751 1144 1770 een
1162 1741 1277 1770 mensch
1299 1748 1367 1769 ont-

254 1804 417 1832 wikkclen.
455 1803 528 1830 Alle
546 1801 653 1830 vnlken
669 1802 737 1836 zt'jn
759 1801 878 1830 minder
900 1800 1074 1833 ’ἥρωι-ἢθη,
1106 1808 1186 1827 naar
1213 1805 1293 1826 mate
1319 1798 1369 1831 zt'j

257 1861 375 1888 mindcr
393 1861 460 1896 vm'j
476 1860 557 1892 zijn.
599 1858 689 1885 leder
710 1856 937 1891 vrijheidlaarer
960 1857 987 1884 ῖς
1015 1865 1067 1884 een
1095 1855 1261 1885 Godhater.
1301 1855 1367 1883 Ean

260 1919 356 1944 Satan
374 1918 400 1943 it
417 1916 485 1950 hij,
505 1914 554 1941 die
574 1914 625 1941 het
649 1915 795 1949 heiligste
824 1920 853 1942 te
876 1919 1061 1944 verwoesun
1083 1919 1192 1949 poagt,
1220 1912 1275 1940 dat
1302 1912 1368 1940 God

257 1975 312 2002 den
338 1973 454 2001 mensch
474 1979 602 2008 gegeven
621 1969 742 2008 heeft-’⁹

1260 2305 1298 2350 ὃ·
1330 2315 1365 2350 3·
